Date,S.N.,Contract ID,Symbol,Buyer Broker,Seller Broker,volume,rate,amount,transaction_time
2025-08-24,57317,2025082401000112,NABIL,Naasa Securities Co. Ltd.,Malla & Malla Stock Broking Company Pvt. Limited,10,520.0,5200.0,2025-08-24 11:05:27.876991
2025-08-24,57261,2025082401000124,NABIL,Secured Securities Ltd.,Malla & Malla Stock Broking Company Pvt. Limited,500,520.0,260000.0,2025-08-24 11:05:43.383352
2025-08-24,57218,2025082401000139,NABIL,South Asian Bulls Pvt. Ltd.,Thrive Brokerage House Pvt. Ltd,195,519.0,101205.0,2025-08-24 11:06:11.832669
2025-08-24,57217,2025082401000140,NABIL,Online Securities Pvt. Ltd.,Thrive Brokerage House Pvt. Ltd,50,519.0,25950.0,2025-08-24 11:06:11.832752
2025-08-24,57155,2025082401000157,NABIL,Nepal Investment And Securities Trading Private Limited,Malla & Malla Stock Broking Company Pvt. Limited,15,520.0,7800.0,2025-08-24 11:06:52.805285
2025-08-24,56704,2025082401000248,NABIL,Dipshikha Dhitopatra Karobar Co. Pvt Ltd.,Online Securities Pvt. Ltd.,10,516.0,5160.0,2025-08-24 11:09:57.925226
2025-08-24,56456,2025082401000287,NABIL,Sani Securities Company Ltd.,Naasa Securities Co. Ltd.,30,516.0,15480.0,2025-08-24 11:11:26.074092
2025-08-24,56358,2025082401000311,NABIL,Sani Securities Company Ltd.,Dipshikha Dhitopatra Karobar Co. Pvt Ltd.,164,516.0,84624.0,2025-08-24 11:11:56.452299
2025-08-24,56357,2025082401000312,NABIL,Naasa Securities Co. Ltd.,Dipshikha Dhitopatra Karobar Co. Pvt Ltd.,20,516.0,10320.0,2025-08-24 11:11:56.452408
2025-08-24,56356,2025082401000313,NABIL,Naasa Securities Co. Ltd.,Dipshikha Dhitopatra Karobar Co. Pvt Ltd.,50,516.0,25800.0,2025-08-24 11:11:56.452448
2025-08-24,56355,2025082401000314,NABIL,APPLE SECURITIES PRIVATE LIMITED,Dipshikha Dhitopatra Karobar Co. Pvt Ltd.,16,516.0,8256.0,2025-08-24 11:11:56.452485
2025-08-24,56202,2025082401000338,NABIL,S.P.S.A. Securities Limited,Malla & Malla Stock Broking Company Pvt. Limited,30,520.0,15600.0,2025-08-24 11:12:50.845717
2025-08-24,56095,2025082401000347,NABIL,Kohinoor Investment & Securities Pvt. Ltd.,Malla & Malla Stock Broking Company Pvt. Limited,10,520.0,5200.0,2025-08-24 11:13:12.197696
2025-08-24,56049,2025082401000350,NABIL,Sani Securities Company Ltd.,Malla & Malla Stock Broking Company Pvt. Limited,38,520.0,19760.0,2025-08-24 11:13:19.617203
2025-08-24,55450,2025082401000460,NABIL,Vision Securities Pvt. Ltd,Neev Securities Pvt. Ltd.,15,519.0,7785.0,2025-08-24 11:15:52.463292
2025-08-24,55417,2025082401000463,NABIL,J.F. Securites (PVT) Ltd.,Online Securities Pvt. Ltd.,6,516.0,3096.0,2025-08-24 11:16:03.415938
2025-08-24,55023,2025082401000518,NABIL,Imperial Securities Company Pvt. Ltd.,Nepal Stock House (PVT) Ltd.,19,517.0,9823.0,2025-08-24 11:17:40.668860
2025-08-24,55022,2025082401000519,NABIL,Shree Krishna Securities Ltd.,Nepal Stock House (PVT) Ltd.,81,517.0,41877.0,2025-08-24 11:17:40.668982
2025-08-24,54943,2025082401000534,NABIL,South Asian Bulls Pvt. Ltd.,Trishakti Securities Public Limited,100,518.0,51800.0,2025-08-24 11:18:06.414810
2025-08-24,54813,2025082401000557,NABIL,Dynamic Money Managers Securities Pvt. Ltd.,Nepal Stock House (PVT) Ltd.,40,517.5,20700.0,2025-08-24 11:18:51.127037
2025-08-24,54765,2025082401000567,NABIL,Online Securities Pvt. Ltd.,Online Securities Pvt. Ltd.,60,518.0,31080.0,2025-08-24 11:19:05.190666
2025-08-24,54717,2025082401000577,NABIL,Shree Krishna Securities Ltd.,Sumeru Securities Pvt. Ltd.,14,517.0,7238.0,2025-08-24 11:19:21.447931
2025-08-24,54716,2025082401000578,NABIL,Aryatara Investment & Securities,Sumeru Securities Pvt. Ltd.,86,517.0,44462.0,2025-08-24 11:19:21.448208
2025-08-24,54622,2025082401000605,NABIL,Imperial Securities Company Pvt. Ltd.,Online Securities Pvt. Ltd.,15,518.0,7770.0,2025-08-24 11:19:55.674258
2025-08-24,54621,2025082401000606,NABIL,Imperial Securities Company Pvt. Ltd.,Nepal Stock House (PVT) Ltd.,26,518.0,13468.0,2025-08-24 11:19:55.674506
2025-08-24,54607,2025082401000607,NABIL,Aryatara Investment & Securities,Sri Hari Securities Pvt. Ltd.,114,517.0,58938.0,2025-08-24 11:20:00.931303
2025-08-24,54606,2025082401000608,NABIL,Shree Krishna Securities Ltd.,Sri Hari Securities Pvt. Ltd.,30,517.0,15510.0,2025-08-24 11:20:00.931560
2025-08-24,54605,2025082401000609,NABIL,Market Securities & Exchange (PVT) Ltd.,Sri Hari Securities Pvt. Ltd.,50,516.1,25805.0,2025-08-24 11:20:00.931721
2025-08-24,54604,2025082401000610,NABIL,Oxford Securities Pvt. Ltd.,Sri Hari Securities Pvt. Ltd.,100,516.1,51610.0,2025-08-24 11:20:00.931877
2025-08-24,54603,2025082401000611,NABIL,APPLE SECURITIES PRIVATE LIMITED,Sri Hari Securities Pvt. Ltd.,84,516.0,43344.0,2025-08-24 11:20:00.932064
2025-08-24,54602,2025082401000612,NABIL,Naasa Securities Co. Ltd.,Sri Hari Securities Pvt. Ltd.,200,516.0,103200.0,2025-08-24 11:20:00.932244
2025-08-24,54601,2025082401000613,NABIL,Dipshikha Dhitopatra Karobar Co. Pvt Ltd.,Sri Hari Securities Pvt. Ltd.,185,516.0,95460.0,2025-08-24 11:20:00.932412
2025-08-24,54600,2025082401000614,NABIL,Dynamic Money Managers Securities Pvt. Ltd.,Sri Hari Securities Pvt. Ltd.,637,516.0,328692.0,2025-08-24 11:20:00.932573
2025-08-24,54461,2025082401000636,NABIL,South Asian Bulls Pvt. Ltd.,Vision Securities Pvt. Ltd,100,516.1,51610.0,2025-08-24 11:20:45.911853
2025-08-24,54460,2025082401000637,NABIL,Dynamic Money Managers Securities Pvt. Ltd.,Vision Securities Pvt. Ltd,100,516.0,51600.0,2025-08-24 11:20:45.912162
2025-08-24,54422,2025082401000648,NABIL,Dynamic Money Managers Securities Pvt. Ltd.,Nepal Stock House (PVT) Ltd.,263,516.0,135708.0,2025-08-24 11:21:00.414501
2025-08-24,54421,2025082401000649,NABIL,Cristal Kanchanjanga Securites Pvt. Ltd.,Nepal Stock House (PVT) Ltd.,50,516.0,25800.0,2025-08-24 11:21:00.414630
2025-08-24,54420,2025082401000650,NABIL,Linch Stock Market Ltd.,Nepal Stock House (PVT) Ltd.,127,516.0,65532.0,2025-08-24 11:21:00.414685
2025-08-24,54419,2025082401000651,NABIL,Naasa Securities Co. Ltd.,Nepal Stock House (PVT) Ltd.,16,516.0,8256.0,2025-08-24 11:21:00.414736
2025-08-24,54286,2025082401000677,NABIL,Nepal Investment And Securities Trading Private Limited,Nepal Stock House (PVT) Ltd.,204,516.0,105264.0,2025-08-24 11:21:42.660437
2025-08-24,54285,2025082401000678,NABIL,Nepal Investment And Securities Trading Private Limited,Sani Securities Company Ltd.,200,516.0,103200.0,2025-08-24 11:21:42.660687
2025-08-24,54230,2025082401000692,NABIL,Naasa Securities Co. Ltd.,Sweta Securities Private Limited,50,516.0,25800.0,2025-08-24 11:22:01.131321
2025-08-24,54229,2025082401000693,NABIL,Shree Krishna Securities Ltd.,Sweta Securities Private Limited,10,515.7,5157.0,2025-08-24 11:22:01.131450
2025-08-24,54228,2025082401000694,NABIL,Shree Krishna Securities Ltd.,Sweta Securities Private Limited,10,515.6,5156.0,2025-08-24 11:22:01.131509
2025-08-24,54227,2025082401000695,NABIL,Thrive Brokerage House Pvt. Ltd,Sweta Securities Private Limited,50,515.6,25780.0,2025-08-24 11:22:01.131558
2025-08-24,54226,2025082401000696,NABIL,Shree Krishna Securities Ltd.,Sweta Securities Private Limited,10,515.6,5156.0,2025-08-24 11:22:01.131610
2025-08-24,54225,2025082401000697,NABIL,Shree Krishna Securities Ltd.,Sweta Securities Private Limited,10,515.5,5155.0,2025-08-24 11:22:01.131674
2025-08-24,54224,2025082401000698,NABIL,Midas Stock Broking Company Private Limited,Sweta Securities Private Limited,100,515.1,51510.0,2025-08-24 11:22:01.131728
2025-08-24,54223,2025082401000699,NABIL,Kumari Securities Private Limited,Sweta Securities Private Limited,30,515.0,15450.0,2025-08-24 11:22:01.131781
2025-08-24,54222,2025082401000700,NABIL,Naasa Securities Co. Ltd.,Sweta Securities Private Limited,100,515.0,51500.0,2025-08-24 11:22:01.131830
2025-08-24,54221,2025082401000701,NABIL,ABC Securities Private Limited,Sweta Securities Private Limited,25,515.0,12875.0,2025-08-24 11:22:01.131879
2025-08-24,54017,2025082401000736,NABIL,Asian Securities Private Ltd.,Nepal Stock House (PVT) Ltd.,50,515.2,25760.0,2025-08-24 11:23:06.015349
2025-08-24,54016,2025082401000737,NABIL,Dipshikha Dhitopatra Karobar Co. Pvt Ltd.,Nepal Stock House (PVT) Ltd.,24,515.1,12362.4,2025-08-24 11:23:06.015478
2025-08-24,53338,2025082401000850,NABIL,Midas Stock Broking Company Private Limited,Malla & Malla Stock Broking Company Pvt. Limited,10,518.0,5180.0,2025-08-24 11:26:44.048313
2025-08-24,52716,2025082401000973,NABIL,Sundhara Securities Limited,Online Securities Pvt. Ltd.,10,517.0,5170.0,2025-08-24 11:29:15.475042
2025-08-24,52428,2025082401001029,NABIL,Online Securities Pvt. Ltd.,Naasa Securities Co. Ltd.,11,515.7,5672.7,2025-08-24 11:30:36.323035
2025-08-24,52427,2025082401001030,NABIL,Thrive Brokerage House Pvt. Ltd,Naasa Securities Co. Ltd.,20,515.7,10314.0,2025-08-24 11:30:36.323080
2025-08-24,52426,2025082401001031,NABIL,Nepal Investment And Securities Trading Private Limited,Naasa Securities Co. Ltd.,100,515.5,51550.0,2025-08-24 11:30:36.323107
2025-08-24,52425,2025082401001032,NABIL,Online Securities Pvt. Ltd.,Naasa Securities Co. Ltd.,10,515.5,5155.0,2025-08-24 11:30:36.323132
2025-08-24,52424,2025082401001033,NABIL,Sani Securities Company Ltd.,Naasa Securities Co. Ltd.,50,515.5,25775.0,2025-08-24 11:30:36.323155
2025-08-24,52423,2025082401001034,NABIL,Shree Krishna Securities Ltd.,Naasa Securities Co. Ltd.,10,515.4,5154.0,2025-08-24 11:30:36.323182
2025-08-24,52422,2025082401001035,NABIL,Sri Hari Securities Pvt. Ltd.,Naasa Securities Co. Ltd.,25,515.3,12882.5,2025-08-24 11:30:36.323212
2025-08-24,52421,2025082401001036,NABIL,Shree Krishna Securities Ltd.,Naasa Securities Co. Ltd.,10,515.3,5153.0,2025-08-24 11:30:36.323235
2025-08-24,52420,2025082401001037,NABIL,Bhrikuti Stock Broking Co. Pvt. Ltd.,Naasa Securities Co. Ltd.,10,515.2,5152.0,2025-08-24 11:30:36.323257
2025-08-24,52419,2025082401001038,NABIL,Dipshikha Dhitopatra Karobar Co. Pvt Ltd.,Naasa Securities Co. Ltd.,463,515.2,238537.6,2025-08-24 11:30:36.323280
2025-08-24,52386,2025082401001041,NABIL,Dipshikha Dhitopatra Karobar Co. Pvt Ltd.,Naasa Securities Co. Ltd.,95,515.2,48944.0,2025-08-24 11:30:48.225959
2025-08-24,52385,2025082401001042,NABIL,Dipshikha Dhitopatra Karobar Co. Pvt Ltd.,Naasa Securities Co. Ltd.,176,515.1,90657.6,2025-08-24 11:30:48.226011
2025-08-24,52384,2025082401001043,NABIL,ABC Securities Private Limited,Naasa Securities Co. Ltd.,75,515.0,38625.0,2025-08-24 11:30:48.226057
2025-08-24,52383,2025082401001044,NABIL,ABC Securities Private Limited,Naasa Securities Co. Ltd.,100,515.0,51500.0,2025-08-24 11:30:48.226086
2025-08-24,52382,2025082401001045,NABIL,Imperial Securities Company Pvt. Ltd.,Naasa Securities Co. Ltd.,46,515.0,23690.0,2025-08-24 11:30:48.226113
2025-08-24,52381,2025082401001046,NABIL,Imperial Securities Company Pvt. Ltd.,Naasa Securities Co. Ltd.,500,515.0,257500.0,2025-08-24 11:30:48.226137
2025-08-24,52380,2025082401001047,NABIL,Kohinoor Investment & Securities Pvt. Ltd.,Naasa Securities Co. Ltd.,50,515.0,25750.0,2025-08-24 11:30:48.226159
2025-08-24,52379,2025082401001048,NABIL,Neev Securities Pvt. Ltd.,Naasa Securities Co. Ltd.,100,515.0,51500.0,2025-08-24 11:30:48.226181
2025-08-24,52378,2025082401001049,NABIL,Kohinoor Investment & Securities Pvt. Ltd.,Naasa Securities Co. Ltd.,15,515.0,7725.0,2025-08-24 11:30:48.226209
2025-08-24,52377,2025082401001050,NABIL,Sumeru Securities Pvt. Ltd.,Naasa Securities Co. Ltd.,500,515.0,257500.0,2025-08-24 11:30:48.226231
2025-08-24,52376,2025082401001051,NABIL,Linch Stock Market Ltd.,Naasa Securities Co. Ltd.,40,515.0,20600.0,2025-08-24 11:30:48.226253
2025-08-24,52375,2025082401001052,NABIL,Swarna Laxmi Securities Pvt. Ltd.,Naasa Securities Co. Ltd.,100,515.0,51500.0,2025-08-24 11:30:48.226275
2025-08-24,52374,2025082401001053,NABIL,Asian Securities Private Ltd.,Naasa Securities Co. Ltd.,25,515.0,12875.0,2025-08-24 11:30:48.226300
2025-08-24,52373,2025082401001054,NABIL,Sajilo Broker Limited,Naasa Securities Co. Ltd.,100,515.0,51500.0,2025-08-24 11:30:48.226322
2025-08-24,52372,2025082401001055,NABIL,Naasa Securities Co. Ltd.,Naasa Securities Co. Ltd.,20,515.0,10300.0,2025-08-24 11:30:48.226346
2025-08-24,52371,2025082401001056,NABIL,Dynamic Money Managers Securities Pvt. Ltd.,Naasa Securities Co. Ltd.,500,515.0,257500.0,2025-08-24 11:30:48.226366
2025-08-24,52370,2025082401001057,NABIL,N.I.M.B. Stock Markets Limited,Naasa Securities Co. Ltd.,100,515.0,51500.0,2025-08-24 11:30:48.226388
2025-08-24,52369,2025082401001058,NABIL,Linch Stock Market Ltd.,Naasa Securities Co. Ltd.,19,515.0,9785.0,2025-08-24 11:30:48.226460
2025-08-24,52368,2025082401001059,NABIL,Bhrikuti Stock Broking Co. Pvt. Ltd.,Naasa Securities Co. Ltd.,48,515.0,24720.0,2025-08-24 11:30:48.226497
2025-08-24,52367,2025082401001060,NABIL,Shree Krishna Securities Ltd.,Naasa Securities Co. Ltd.,20,515.0,10300.0,2025-08-24 11:30:48.226527
2025-08-24,52366,2025082401001061,NABIL,Premier Securities Company Ltd.,Naasa Securities Co. Ltd.,371,515.0,191065.0,2025-08-24 11:30:48.226567
2025-08-24,52048,2025082401001139,NABIL,Capital Max Securities Ltd,Online Securities Pvt. Ltd.,10,517.0,5170.0,2025-08-24 11:32:45.345334
2025-08-24,51994,2025082401001147,NABIL,Imperial Securities Company Pvt. Ltd.,Online Securities Pvt. Ltd.,90,517.0,46530.0,2025-08-24 11:32:59.889830
2025-08-24,51576,2025082401001218,NABIL,Indira securities pvt. ltd,Malla & Malla Stock Broking Company Pvt. Limited,85,518.0,44030.0,2025-08-24 11:35:21.252700
2025-08-24,51477,2025082401001236,NABIL,South Asian Bulls Pvt. Ltd.,Naasa Securities Co. Ltd.,100,517.6,51760.0,2025-08-24 11:36:02.062288
2025-08-24,51316,2025082401001289,NABIL,Agrawal Securities (PVT) Ltd.,Nepal Stock House (PVT) Ltd.,56,517.5,28980.0,2025-08-24 11:36:37.302261
2025-08-24,51237,2025082401001323,NABIL,Sundhara Securities Limited,Nepal Stock House (PVT) Ltd.,40,517.5,20700.0,2025-08-24 11:37:04.712358
2025-08-24,51162,2025082401001331,NABIL,Imperial Securities Company Pvt. Ltd.,Oxford Securities Pvt. Ltd.,10,517.0,5170.0,2025-08-24 11:37:27.105793
2025-08-24,51143,2025082401001335,NABIL,Secured Securities Ltd.,Oxford Securities Pvt. Ltd.,72,517.0,37224.0,2025-08-24 11:37:32.352191
2025-08-24,51142,2025082401001336,NABIL,Secured Securities Ltd.,Nepal Stock House (PVT) Ltd.,228,517.5,117990.0,2025-08-24 11:37:32.352560
2025-08-24,51113,2025082401001344,NABIL,Online Securities Pvt. Ltd.,Naasa Securities Co. Ltd.,20,517.0,10340.0,2025-08-24 11:37:45.059376
2025-08-24,51058,2025082401001355,NABIL,Sweta Securities Private Limited,Naasa Securities Co. Ltd.,10,516.0,5160.0,2025-08-24 11:38:12.246554
2025-08-24,50957,2025082401001372,NABIL,Secured Securities Ltd.,Nepal Stock House (PVT) Ltd.,176,517.5,91080.0,2025-08-24 11:38:45.233077
2025-08-24,50956,2025082401001373,NABIL,Secured Securities Ltd.,Naasa Securities Co. Ltd.,124,517.5,64170.0,2025-08-24 11:38:45.233474
2025-08-24,50850,2025082401001401,NABIL,Imperial Securities Company Pvt. Ltd.,Naasa Securities Co. Ltd.,65,517.5,33637.5,2025-08-24 11:39:27.500155
2025-08-24,50844,2025082401001405,NABIL,S.P.S.A. Securities Limited,Naasa Securities Co. Ltd.,10,517.5,5175.0,2025-08-24 11:39:30.406165
2025-08-24,50692,2025082401001441,NABIL,Investment Management Nepal Pvt. Ltd.,Naasa Securities Co. Ltd.,20,517.5,10350.0,2025-08-24 11:40:15.633817
2025-08-24,50309,2025082401001527,NABIL,Sweta Securities Private Limited,Sani Securities Company Ltd.,10,516.0,5160.0,2025-08-24 11:41:51.562161
2025-08-24,50256,2025082401001537,NABIL,Siprabi Securities Pvt. Ltd.,Agrawal Securities (PVT) Ltd.,18,516.0,9288.0,2025-08-24 11:42:12.526343
2025-08-24,50255,2025082401001538,NABIL,Kalika Securities Pvt. Ltd.,Agrawal Securities (PVT) Ltd.,50,516.0,25800.0,2025-08-24 11:42:12.526543
2025-08-24,50254,2025082401001539,NABIL,Sani Securities Company Ltd.,Agrawal Securities (PVT) Ltd.,11,516.0,5676.0,2025-08-24 11:42:12.526629
2025-08-24,50079,2025082401001567,NABIL,Naasa Securities Co. Ltd.,Naasa Securities Co. Ltd.,19,517.5,9832.5,2025-08-24 11:43:00.775816
2025-08-24,49998,2025082401001590,NABIL,Sani Securities Company Ltd.,Aryatara Investment & Securities,189,516.0,97524.0,2025-08-24 11:43:29.153578
2025-08-24,49997,2025082401001591,NABIL,Dakshinkali Investment & Securities Pvt. Ltd.,Aryatara Investment & Securities,100,516.0,51600.0,2025-08-24 11:43:29.153782
2025-08-24,49996,2025082401001592,NABIL,Asian Securities Private Ltd.,Aryatara Investment & Securities,100,515.1,51510.0,2025-08-24 11:43:29.153868
2025-08-24,49995,2025082401001593,NABIL,Sani Securities Company Ltd.,Aryatara Investment & Securities,59,515.1,30390.9,2025-08-24 11:43:29.153946
2025-08-24,49994,2025082401001594,NABIL,Premier Securities Company Ltd.,Aryatara Investment & Securities,112,515.0,57680.0,2025-08-24 11:43:29.154030
2025-08-24,49580,2025082401001689,NABIL,South Asian Bulls Pvt. Ltd.,Dipshikha Dhitopatra Karobar Co. Pvt Ltd.,10,515.1,5151.0,2025-08-24 11:45:44.445500
2025-08-24,49356,2025082401001761,NABIL,South Asian Bulls Pvt. Ltd.,Aryatara Investment & Securities,90,515.1,46359.0,2025-08-24 11:46:55.437375
2025-08-24,49355,2025082401001762,NABIL,S.P.S.A. Securities Limited,Aryatara Investment & Securities,10,515.1,5151.0,2025-08-24 11:46:55.437619
2025-08-24,48922,2025082401001873,NABIL,Secured Securities Ltd.,Naasa Securities Co. Ltd.,300,515.3,154590.0,2025-08-24 11:48:58.639767
2025-08-24,48918,2025082401001874,NABIL,S.P.S.A. Securities Limited,Kumari Securities Private Limited,20,515.1,10302.0,2025-08-24 11:49:01.459442
2025-08-24,48255,2025082401002019,NABIL,S.P.S.A. Securities Limited,Dipshikha Dhitopatra Karobar Co. Pvt Ltd.,50,515.1,25755.0,2025-08-24 11:51:53.076008
2025-08-24,48087,2025082401002060,NABIL,N.I.M.B. Stock Markets Limited,Agrawal Securities (PVT) Ltd.,463,517.4,239556.2,2025-08-24 11:52:42.217812
2025-08-24,48086,2025082401002061,NABIL,N.I.M.B. Stock Markets Limited,Aryatara Investment & Securities,30,517.4,15522.0,2025-08-24 11:52:42.218272
2025-08-24,48085,2025082401002062,NABIL,N.I.M.B. Stock Markets Limited,Naasa Securities Co. Ltd.,482,517.5,249435.0,2025-08-24 11:52:42.218692
2025-08-24,48084,2025082401002063,NABIL,N.I.M.B. Stock Markets Limited,Naasa Securities Co. Ltd.,820,517.5,424350.0,2025-08-24 11:52:42.219007
2025-08-24,48083,2025082401002064,NABIL,N.I.M.B. Stock Markets Limited,Naasa Securities Co. Ltd.,820,517.5,424350.0,2025-08-24 11:52:42.219357
2025-08-24,48082,2025082401002065,NABIL,N.I.M.B. Stock Markets Limited,Naasa Securities Co. Ltd.,820,517.5,424350.0,2025-08-24 11:52:42.219643
2025-08-24,48081,2025082401002066,NABIL,N.I.M.B. Stock Markets Limited,Naasa Securities Co. Ltd.,820,517.5,424350.0,2025-08-24 11:52:42.219907
2025-08-24,48080,2025082401002067,NABIL,N.I.M.B. Stock Markets Limited,Vision Securities Pvt. Ltd,100,517.5,51750.0,2025-08-24 11:52:42.220176
2025-08-24,48008,2025082401002111,NABIL,N.I.M.B. Stock Markets Limited,Sewa Securities Pvt. Ltd.,745,517.5,385537.5,2025-08-24 11:52:49.648599
2025-08-24,48007,2025082401002112,NABIL,S.P.S.A. Securities Limited,Sewa Securities Pvt. Ltd.,20,515.1,10302.0,2025-08-24 11:52:49.648821
2025-08-24,48006,2025082401002113,NABIL,Sweta Securities Private Limited,Sewa Securities Pvt. Ltd.,10,515.1,5151.0,2025-08-24 11:52:49.648923
2025-08-24,48005,2025082401002114,NABIL,Premier Securities Company Ltd.,Sewa Securities Pvt. Ltd.,17,515.0,8755.0,2025-08-24 11:52:49.649009
2025-08-24,48004,2025082401002115,NABIL,Agrawal Securities (PVT) Ltd.,Sewa Securities Pvt. Ltd.,100,515.0,51500.0,2025-08-24 11:52:49.649104
2025-08-24,48003,2025082401002116,NABIL,Sani Securities Company Ltd.,Sewa Securities Pvt. Ltd.,100,515.0,51500.0,2025-08-24 11:52:49.649188
2025-08-24,48002,2025082401002117,NABIL,Aryatara Investment & Securities,Sewa Securities Pvt. Ltd.,70,515.0,36050.0,2025-08-24 11:52:49.649276
2025-08-24,48001,2025082401002118,NABIL,Nepal Investment And Securities Trading Private Limited,Sewa Securities Pvt. Ltd.,400,515.0,206000.0,2025-08-24 11:52:49.649374
2025-08-24,48000,2025082401002119,NABIL,Dynamic Money Managers Securities Pvt. Ltd.,Sewa Securities Pvt. Ltd.,500,515.0,257500.0,2025-08-24 11:52:49.649478
2025-08-24,47999,2025082401002120,NABIL,Sani Securities Company Ltd.,Sewa Securities Pvt. Ltd.,90,515.0,46350.0,2025-08-24 11:52:49.649564
2025-08-24,47998,2025082401002121,NABIL,Sani Securities Company Ltd.,Sewa Securities Pvt. Ltd.,10,515.0,5150.0,2025-08-24 11:52:49.649658
2025-08-24,47997,2025082401002122,NABIL,Sani Securities Company Ltd.,Sewa Securities Pvt. Ltd.,21,515.0,10815.0,2025-08-24 11:52:49.649756
2025-08-24,47996,2025082401002123,NABIL,Naasa Securities Co. Ltd.,Sewa Securities Pvt. Ltd.,55,515.0,28325.0,2025-08-24 11:52:49.649858
2025-08-24,47995,2025082401002124,NABIL,Sri Hari Securities Pvt. Ltd.,Sewa Securities Pvt. Ltd.,15,515.0,7725.0,2025-08-24 11:52:49.649946
2025-08-24,47994,2025082401002125,NABIL,Deevyaa Securities & Stock House Pvt. Ltd,Sewa Securities Pvt. Ltd.,50,515.0,25750.0,2025-08-24 11:52:49.650032
2025-08-24,47993,2025082401002126,NABIL,Sani Securities Company Ltd.,Sewa Securities Pvt. Ltd.,100,515.0,51500.0,2025-08-24 11:52:49.650114
2025-08-24,47992,2025082401002127,NABIL,Aryatara Investment & Securities,Sewa Securities Pvt. Ltd.,25,515.0,12875.0,2025-08-24 11:52:49.650196
2025-08-24,47991,2025082401002128,NABIL,Sani Securities Company Ltd.,Sewa Securities Pvt. Ltd.,100,515.0,51500.0,2025-08-24 11:52:49.650291
2025-08-24,47960,2025082401002132,NABIL,Ashutosh Brokerage & Securities (PVT) Ltd.,Sewa Securities Pvt. Ltd.,53,515.0,27295.0,2025-08-24 11:52:56.703181
2025-08-24,47946,2025082401002133,NABIL,Malla & Malla Stock Broking Company Pvt. Limited,Sewa Securities Pvt. Ltd.,130,514.9,66937.0,2025-08-24 11:53:03.700147
2025-08-24,47945,2025082401002134,NABIL,Shree Krishna Securities Ltd.,Sewa Securities Pvt. Ltd.,10,514.5,5145.0,2025-08-24 11:53:03.700195
2025-08-24,47944,2025082401002135,NABIL,Midas Stock Broking Company Private Limited,Sewa Securities Pvt. Ltd.,10,514.5,5145.0,2025-08-24 11:53:03.700224
2025-08-24,47943,2025082401002136,NABIL,Shree Krishna Securities Ltd.,Sewa Securities Pvt. Ltd.,20,514.4,10288.0,2025-08-24 11:53:03.700252
2025-08-24,47942,2025082401002137,NABIL,Dipshikha Dhitopatra Karobar Co. Pvt Ltd.,Sewa Securities Pvt. Ltd.,10,514.0,5140.0,2025-08-24 11:53:03.700296
2025-08-24,47941,2025082401002138,NABIL,Naasa Securities Co. Ltd.,Sewa Securities Pvt. Ltd.,30,514.0,15420.0,2025-08-24 11:53:03.700324
2025-08-24,47940,2025082401002139,NABIL,Imperial Securities Company Pvt. Ltd.,Sewa Securities Pvt. Ltd.,500,514.0,257000.0,2025-08-24 11:53:03.700356
2025-08-24,47939,2025082401002140,NABIL,Secured Securities Ltd.,Sewa Securities Pvt. Ltd.,58,514.0,29812.0,2025-08-24 11:53:03.700382
2025-08-24,47938,2025082401002141,NABIL,ABC Securities Private Limited,Sewa Securities Pvt. Ltd.,100,514.0,51400.0,2025-08-24 11:53:03.700401
2025-08-24,47937,2025082401002142,NABIL,Sani Securities Company Ltd.,Sewa Securities Pvt. Ltd.,100,514.0,51400.0,2025-08-24 11:53:03.700422
2025-08-24,47936,2025082401002143,NABIL,Kohinoor Investment & Securities Pvt. Ltd.,Sewa Securities Pvt. Ltd.,300,514.0,154200.0,2025-08-24 11:53:03.700460
2025-08-24,47935,2025082401002144,NABIL,Investment Management Nepal Pvt. Ltd.,Sewa Securities Pvt. Ltd.,200,514.0,102800.0,2025-08-24 11:53:03.700480
2025-08-24,47934,2025082401002145,NABIL,Dakshinkali Investment & Securities Pvt. Ltd.,Sewa Securities Pvt. Ltd.,100,514.0,51400.0,2025-08-24 11:53:03.700500
2025-08-24,47933,2025082401002146,NABIL,Imperial Securities Company Pvt. Ltd.,Sewa Securities Pvt. Ltd.,232,514.0,119248.0,2025-08-24 11:53:03.700519
2025-08-24,47884,2025082401002156,NABIL,Magnet Securities and Investment Company Private Limited,Online Securities Pvt. Ltd.,100,514.8,51480.0,2025-08-24 11:53:23.473266
2025-08-24,47591,2025082401002213,NABIL,Imperial Securities Company Pvt. Ltd.,Online Securities Pvt. Ltd.,100,514.8,51480.0,2025-08-24 11:55:05.687901
2025-08-24,46955,2025082401002350,NABIL,Siprabi Securities Pvt. Ltd.,Primo Securities (PVT) Ltd.,49,515.0,25235.0,2025-08-24 11:58:33.460692
2025-08-24,46530,2025082401002462,NABIL,Sundhara Securities Limited,Primo Securities (PVT) Ltd.,45,515.0,23175.0,2025-08-24 12:01:22.831553
2025-08-24,46467,2025082401002467,NABIL,Primo Securities (PVT) Ltd.,Naasa Securities Co. Ltd.,1,514.0,514.0,2025-08-24 12:01:39.558108
2025-08-24,46463,2025082401002470,NABIL,Online Securities Pvt. Ltd.,Naasa Securities Co. Ltd.,30,515.0,15450.0,2025-08-24 12:01:40.759047
2025-08-24,46406,2025082401002485,NABIL,Vision Securities Pvt. Ltd,Naasa Securities Co. Ltd.,20,515.0,10300.0,2025-08-24 12:01:55.866093
2025-08-24,46266,2025082401002498,NABIL,Vision Securities Pvt. Ltd,Oxford Securities Pvt. Ltd.,30,515.0,15450.0,2025-08-24 12:02:50.461575
2025-08-24,46265,2025082401002499,NABIL,Market Securities & Exchange (PVT) Ltd.,Oxford Securities Pvt. Ltd.,70,515.0,36050.0,2025-08-24 12:02:50.461809
2025-08-24,45839,2025082401002605,NABIL,Market Securities & Exchange (PVT) Ltd.,K.B.L. Securities Limited ,30,515.0,15450.0,2025-08-24 12:04:59.273086
2025-08-24,45838,2025082401002606,NABIL,Online Securities Pvt. Ltd.,K.B.L. Securities Limited ,50,515.0,25750.0,2025-08-24 12:04:59.273337
2025-08-24,45837,2025082401002607,NABIL,Blue Chip Securities Ltd,K.B.L. Securities Limited ,35,515.0,18025.0,2025-08-24 12:04:59.273438
2025-08-24,45549,2025082401002649,NABIL,Sundhara Securities Limited,Sewa Securities Pvt. Ltd.,10,514.9,5149.0,2025-08-24 12:06:51.801641
2025-08-24,45548,2025082401002650,NABIL,Dipshikha Dhitopatra Karobar Co. Pvt Ltd.,Sewa Securities Pvt. Ltd.,10,514.8,5148.0,2025-08-24 12:06:51.801895
2025-08-24,45547,2025082401002651,NABIL,Sweta Securities Private Limited,Sewa Securities Pvt. Ltd.,100,514.5,51450.0,2025-08-24 12:06:51.802000
2025-08-24,45546,2025082401002652,NABIL,Aryatara Investment & Securities,Sewa Securities Pvt. Ltd.,13,514.0,6682.0,2025-08-24 12:06:51.802108
2025-08-24,45545,2025082401002653,NABIL,Nepal Investment And Securities Trading Private Limited,Sewa Securities Pvt. Ltd.,20,514.0,10280.0,2025-08-24 12:06:51.802205
2025-08-24,45544,2025082401002654,NABIL,Imperial Securities Company Pvt. Ltd.,Sewa Securities Pvt. Ltd.,10,514.0,5140.0,2025-08-24 12:06:51.802310
2025-08-24,45543,2025082401002655,NABIL,Aryatara Investment & Securities,Sewa Securities Pvt. Ltd.,40,514.0,20560.0,2025-08-24 12:06:51.802424
2025-08-24,45542,2025082401002656,NABIL,Imperial Securities Company Pvt. Ltd.,Sewa Securities Pvt. Ltd.,68,514.0,34952.0,2025-08-24 12:06:51.802534
2025-08-24,45541,2025082401002657,NABIL,Oxford Securities Pvt. Ltd.,Sewa Securities Pvt. Ltd.,10,514.0,5140.0,2025-08-24 12:06:51.802628
2025-08-24,45540,2025082401002658,NABIL,Vision Securities Pvt. Ltd,Sewa Securities Pvt. Ltd.,500,514.0,257000.0,2025-08-24 12:06:51.802736
2025-08-24,45539,2025082401002659,NABIL,Imperial Securities Company Pvt. Ltd.,Sewa Securities Pvt. Ltd.,150,514.0,77100.0,2025-08-24 12:06:51.802842
2025-08-24,45305,2025082401002738,NABIL,Aryatara Investment & Securities,Sewa Securities Pvt. Ltd.,50,514.0,25700.0,2025-08-24 12:08:26.858472
2025-08-24,45295,2025082401002740,NABIL,Vision Securities Pvt. Ltd,Sewa Securities Pvt. Ltd.,20,514.0,10280.0,2025-08-24 12:08:34.212367
2025-08-24,45194,2025082401002766,NABIL,Aryatara Investment & Securities,Sewa Securities Pvt. Ltd.,10,514.0,5140.0,2025-08-24 12:09:07.058954
2025-08-24,45188,2025082401002768,NABIL,Cristal Kanchanjanga Securites Pvt. Ltd.,Secured Securities Ltd.,25,513.7,12842.5,2025-08-24 12:09:10.530573
2025-08-24,44970,2025082401002806,NABIL,ABC Securities Private Limited,Secured Securities Ltd.,10,513.7,5137.0,2025-08-24 12:10:27.297889
2025-08-24,44969,2025082401002807,NABIL,ABC Securities Private Limited,Sewa Securities Pvt. Ltd.,490,514.0,251860.0,2025-08-24 12:10:27.298143
2025-08-24,44803,2025082401002846,NABIL,Kohinoor Investment & Securities Pvt. Ltd.,Naasa Securities Co. Ltd.,10,514.0,5140.0,2025-08-24 12:11:34.867653
2025-08-24,44778,2025082401002850,NABIL,Sundhara Securities Limited,Naasa Securities Co. Ltd.,111,514.0,57054.0,2025-08-24 12:11:46.059927
2025-08-24,44710,2025082401002874,NABIL,Sundhara Securities Limited,Naasa Securities Co. Ltd.,37,514.0,19018.0,2025-08-24 12:12:05.128209
2025-08-24,44356,2025082401002962,NABIL,Sweta Securities Private Limited,Premier Securities Company Ltd.,10,513.6,5136.0,2025-08-24 12:14:04.469912
2025-08-24,44355,2025082401002963,NABIL,Malla & Malla Stock Broking Company Pvt. Limited,Premier Securities Company Ltd.,39,513.6,20030.4,2025-08-24 12:14:04.470415
2025-08-24,43968,2025082401003051,NABIL,Oxford Securities Pvt. Ltd.,Property Wiard Limited,57,514.0,29298.0,2025-08-24 12:16:15.357176
2025-08-24,43967,2025082401003052,NABIL,Malla & Malla Stock Broking Company Pvt. Limited,Property Wiard Limited,71,513.6,36465.6,2025-08-24 12:16:15.357229
2025-08-24,43966,2025082401003053,NABIL,Bhrikuti Stock Broking Co. Pvt. Ltd.,Property Wiard Limited,10,513.6,5136.0,2025-08-24 12:16:15.357251
2025-08-24,43965,2025082401003054,NABIL,Citizens Share Broker Limited,Property Wiard Limited,20,513.5,10270.0,2025-08-24 12:16:15.357272
2025-08-24,43964,2025082401003055,NABIL,Sundhara Securities Limited,Property Wiard Limited,100,513.5,51350.0,2025-08-24 12:16:15.357294
2025-08-24,43963,2025082401003056,NABIL,J.F. Securites (PVT) Ltd.,Property Wiard Limited,100,513.2,51320.0,2025-08-24 12:16:15.357317
2025-08-24,43962,2025082401003057,NABIL,Imperial Securities Company Pvt. Ltd.,Property Wiard Limited,261,513.1,133919.1,2025-08-24 12:16:15.357338
2025-08-24,43619,2025082401003122,NABIL,Online Securities Pvt. Ltd.,Sewa Securities Pvt. Ltd.,60,514.9,30894.0,2025-08-24 12:18:13.393811
2025-08-24,43515,2025082401003137,NABIL,Online Securities Pvt. Ltd.,Online Securities Pvt. Ltd.,11,514.0,5654.0,2025-08-24 12:18:50.670298
2025-08-24,43156,2025082401003216,NABIL,Online Securities Pvt. Ltd.,Dipshikha Dhitopatra Karobar Co. Pvt Ltd.,27,514.0,13878.0,2025-08-24 12:20:47.557693
2025-08-24,43088,2025082401003223,NABIL,Sundhara Securities Limited,Agrawal Securities (PVT) Ltd.,57,514.2,29309.4,2025-08-24 12:21:09.142557
2025-08-24,43057,2025082401003235,NABIL,Sundhara Securities Limited,Sani Securities Company Ltd.,225,514.2,115695.0,2025-08-24 12:21:17.803546
2025-08-24,42823,2025082401003282,NABIL,Opal Securities Investment (PVT) Ltd.,K.B.L. Securities Limited ,20,515.0,10300.0,2025-08-24 12:23:04.231444
2025-08-24,42806,2025082401003283,NABIL,Sundhara Securities Limited,Dynamic Money Managers Securities Pvt. Ltd.,87,514.2,44735.4,2025-08-24 12:23:06.787922
2025-08-24,41766,2025082401003537,NABIL,South Asian Bulls Pvt. Ltd.,Sewa Securities Pvt. Ltd.,50,514.5,25725.0,2025-08-24 12:29:23.563169
2025-08-24,41765,2025082401003538,NABIL,Sundhara Securities Limited,Sewa Securities Pvt. Ltd.,1631,514.5,839149.5,2025-08-24 12:29:23.563460
2025-08-24,41764,2025082401003539,NABIL,Vision Securities Pvt. Ltd,Sewa Securities Pvt. Ltd.,50,514.3,25715.0,2025-08-24 12:29:23.563583
2025-08-24,41763,2025082401003540,NABIL,Trishakti Securities Public Limited,Sewa Securities Pvt. Ltd.,100,514.3,51430.0,2025-08-24 12:29:23.563701
2025-08-24,41762,2025082401003541,NABIL,Asian Securities Private Ltd.,Sewa Securities Pvt. Ltd.,210,514.3,108003.0,2025-08-24 12:29:23.563825
2025-08-24,41510,2025082401003599,NABIL,Vision Securities Pvt. Ltd,Asian Securities Private Ltd.,62,514.3,31886.6,2025-08-24 12:31:00.693537
2025-08-24,41505,2025082401003600,NABIL,Vision Securities Pvt. Ltd,Secured Securities Ltd.,37,514.3,19029.1,2025-08-24 12:31:04.236941
2025-08-24,41390,2025082401003623,NABIL,Online Securities Pvt. Ltd.,K.B.L. Securities Limited ,462,514.0,237468.0,2025-08-24 12:31:43.314561
2025-08-24,41389,2025082401003624,NABIL,Online Securities Pvt. Ltd.,K.B.L. Securities Limited ,97,514.0,49858.0,2025-08-24 12:31:43.314882
2025-08-24,41388,2025082401003625,NABIL,Vision Securities Pvt. Ltd,K.B.L. Securities Limited ,30,514.0,15420.0,2025-08-24 12:31:43.315009
2025-08-24,41387,2025082401003626,NABIL,Linch Stock Market Ltd.,K.B.L. Securities Limited ,50,514.0,25700.0,2025-08-24 12:31:43.315142
2025-08-24,41386,2025082401003627,NABIL,Naasa Securities Co. Ltd.,K.B.L. Securities Limited ,200,514.0,102800.0,2025-08-24 12:31:43.315263
2025-08-24,41385,2025082401003628,NABIL,Sani Securities Company Ltd.,K.B.L. Securities Limited ,20,514.0,10280.0,2025-08-24 12:31:43.315382
2025-08-24,41384,2025082401003629,NABIL,Asian Securities Private Ltd.,K.B.L. Securities Limited ,300,513.9,154170.0,2025-08-24 12:31:43.315529
2025-08-24,41383,2025082401003630,NABIL,Sundhara Securities Limited,K.B.L. Securities Limited ,841,513.8,432105.8,2025-08-24 12:31:43.315651
2025-08-24,41182,2025082401003672,NABIL,Sani Securities Company Ltd.,K.B.L. Securities Limited ,10,514.0,5140.0,2025-08-24 12:32:52.504631
2025-08-24,41181,2025082401003673,NABIL,Sundhara Securities Limited,K.B.L. Securities Limited ,1159,513.8,595494.2,2025-08-24 12:32:52.504949
2025-08-24,41180,2025082401003674,NABIL,Trishakti Securities Public Limited,K.B.L. Securities Limited ,100,513.7,51370.0,2025-08-24 12:32:52.505114
2025-08-24,41179,2025082401003675,NABIL,Online Securities Pvt. Ltd.,K.B.L. Securities Limited ,500,513.4,256700.0,2025-08-24 12:32:52.505241
2025-08-24,41178,2025082401003676,NABIL,Online Securities Pvt. Ltd.,K.B.L. Securities Limited ,96,513.3,49276.8,2025-08-24 12:32:52.505390
2025-08-24,40950,2025082401003722,NABIL,Sundhara Securities Limited,Primo Securities (PVT) Ltd.,30,513.5,15405.0,2025-08-24 12:34:03.627394
2025-08-24,40828,2025082401003769,NABIL,Sundhara Securities Limited,ABC Securities Private Limited,150,514.0,77100.0,2025-08-24 12:34:25.750845
2025-08-24,40752,2025082401003779,NABIL,Secured Securities Ltd.,Secured Securities Ltd.,40,514.3,20572.0,2025-08-24 12:34:55.860484
2025-08-24,40751,2025082401003780,NABIL,Secured Securities Ltd.,South Asian Bulls Pvt. Ltd.,110,514.3,56573.0,2025-08-24 12:34:55.861010
2025-08-24,40666,2025082401003787,NABIL,Secured Securities Ltd.,South Asian Bulls Pvt. Ltd.,90,514.3,46287.0,2025-08-24 12:35:23.797839
2025-08-24,40610,2025082401003799,NABIL,Secured Securities Ltd.,Sewa Securities Pvt. Ltd.,10,514.9,5149.0,2025-08-24 12:35:43.562430
2025-08-24,40603,2025082401003800,NABIL,Deevyaa Securities & Stock House Pvt. Ltd,Miyo Securities Pvt Ltd,40,514.1,20564.0,2025-08-24 12:35:46.068921
2025-08-24,40432,2025082401003847,NABIL,Secured Securities Ltd.,Sewa Securities Pvt. Ltd.,10,514.9,5149.0,2025-08-24 12:36:34.715490
2025-08-24,40301,2025082401003889,NABIL,Deevyaa Securities & Stock House Pvt. Ltd,K.B.L. Securities Limited ,10,514.1,5141.0,2025-08-24 12:37:08.276593
2025-08-24,40001,2025082401003941,NABIL,Cristal Kanchanjanga Securites Pvt. Ltd.,K.B.L. Securities Limited ,15,514.1,7711.5,2025-08-24 12:38:33.165567
2025-08-24,39761,2025082401004005,NABIL,J.F. Securites (PVT) Ltd.,Sani Securities Company Ltd.,10,514.0,5140.0,2025-08-24 12:40:03.587854
2025-08-24,39688,2025082401004020,NABIL,Secured Securities Ltd.,Bhrikuti Stock Broking Co. Pvt. Ltd.,111,513.6,57009.6,2025-08-24 12:40:27.017074
2025-08-24,39470,2025082401004082,NABIL,Vision Securities Pvt. Ltd,Bhrikuti Stock Broking Co. Pvt. Ltd.,20,513.6,10272.0,2025-08-24 12:41:45.470328
2025-08-24,39356,2025082401004131,NABIL,Sundhara Securities Limited,Thrive Brokerage House Pvt. Ltd,70,513.5,35945.0,2025-08-24 12:42:23.807771
2025-08-24,39355,2025082401004132,NABIL,Sundhara Securities Limited,Thrive Brokerage House Pvt. Ltd,100,513.5,51350.0,2025-08-24 12:42:23.808431
2025-08-24,39354,2025082401004133,NABIL,Siprabi Securities Pvt. Ltd.,Thrive Brokerage House Pvt. Ltd,250,513.4,128350.0,2025-08-24 12:42:23.809050
2025-08-24,39353,2025082401004134,NABIL,Naasa Securities Co. Ltd.,Thrive Brokerage House Pvt. Ltd,30,513.4,15402.0,2025-08-24 12:42:23.809663
2025-08-24,39318,2025082401004140,NABIL,Naasa Securities Co. Ltd.,Miyo Securities Pvt Ltd,10,513.4,5134.0,2025-08-24 12:42:38.681864
2025-08-24,39086,2025082401004183,NABIL,Vision Securities Pvt. Ltd,Opal Securities Investment (PVT) Ltd.,50,513.5,25675.0,2025-08-24 12:44:06.717660
2025-08-24,39085,2025082401004184,NABIL,Naasa Securities Co. Ltd.,Opal Securities Investment (PVT) Ltd.,133,513.4,68282.2,2025-08-24 12:44:06.717702
2025-08-24,39007,2025082401004213,NABIL,Online Securities Pvt. Ltd.,Bhrikuti Stock Broking Co. Pvt. Ltd.,10,513.6,5136.0,2025-08-24 12:44:18.006923
2025-08-24,38946,2025082401004227,NABIL,Primo Securities (PVT) Ltd.,Bhrikuti Stock Broking Co. Pvt. Ltd.,17,513.6,8731.2,2025-08-24 12:44:40.925927
2025-08-24,38780,2025082401004266,NABIL,Secured Securities Ltd.,Bhrikuti Stock Broking Co. Pvt. Ltd.,42,513.6,21571.2,2025-08-24 12:45:34.723511
2025-08-24,38742,2025082401004273,NABIL,Secured Securities Ltd.,Naasa Securities Co. Ltd.,10,514.0,5140.0,2025-08-24 12:45:50.818297
2025-08-24,38659,2025082401004308,NABIL,Naasa Securities Co. Ltd.,Sani Securities Company Ltd.,93,513.4,47746.2,2025-08-24 12:46:21.920745
2025-08-24,38591,2025082401004330,NABIL,K.B.L. Securities Limited ,Naasa Securities Co. Ltd.,10,514.0,5140.0,2025-08-24 12:46:55.041615
2025-08-24,38578,2025082401004333,NABIL,Asian Securities Private Ltd.,Naasa Securities Co. Ltd.,30,514.0,15420.0,2025-08-24 12:47:00.127998
2025-08-24,38334,2025082401004405,NABIL,Machhapuchchhre Securities Limited,Naasa Securities Co. Ltd.,20,513.5,10270.0,2025-08-24 12:48:19.809311
2025-08-24,38318,2025082401004406,NABIL,Naasa Securities Co. Ltd.,Opal Securities Investment (PVT) Ltd.,10,514.0,5140.0,2025-08-24 12:48:28.861354
2025-08-24,38292,2025082401004416,NABIL,Machhapuchchhre Securities Limited,J.F. Securites (PVT) Ltd.,25,513.5,12837.5,2025-08-24 12:48:51.464496
2025-08-24,37820,2025082401004497,NABIL,Naasa Securities Co. Ltd.,Sewa Securities Pvt. Ltd.,19,514.0,9766.0,2025-08-24 12:51:10.924286
2025-08-24,37692,2025082401004536,NABIL,Linch Stock Market Ltd.,Sewa Securities Pvt. Ltd.,20,514.0,10280.0,2025-08-24 12:51:34.207633
2025-08-24,37602,2025082401004555,NABIL,Kohinoor Investment & Securities Pvt. Ltd.,Sewa Securities Pvt. Ltd.,20,514.0,10280.0,2025-08-24 12:52:00.186466
2025-08-24,37151,2025082401004656,NABIL,Siprabi Securities Pvt. Ltd.,Sewa Securities Pvt. Ltd.,50,514.0,25700.0,2025-08-24 12:53:51.884592
2025-08-24,37096,2025082401004662,NABIL,Machhapuchchhre Securities Limited,Online Securities Pvt. Ltd.,55,513.5,28242.5,2025-08-24 12:54:12.848609
2025-08-24,37095,2025082401004663,NABIL,Nepal Investment And Securities Trading Private Limited,Online Securities Pvt. Ltd.,60,513.5,30810.0,2025-08-24 12:54:12.848903
2025-08-24,37094,2025082401004664,NABIL,Imperial Securities Company Pvt. Ltd.,Online Securities Pvt. Ltd.,30,513.5,15405.0,2025-08-24 12:54:12.849059
2025-08-24,37093,2025082401004665,NABIL,Sani Securities Company Ltd.,Online Securities Pvt. Ltd.,80,513.5,41080.0,2025-08-24 12:54:12.849200
2025-08-24,37092,2025082401004666,NABIL,Naasa Securities Co. Ltd.,Online Securities Pvt. Ltd.,84,513.4,43125.6,2025-08-24 12:54:12.849343
2025-08-24,37091,2025082401004667,NABIL,Sundhara Securities Limited,Online Securities Pvt. Ltd.,100,513.4,51340.0,2025-08-24 12:54:12.849491
2025-08-24,37090,2025082401004668,NABIL,BHOLE GANESH SECURITIES LTD,Online Securities Pvt. Ltd.,141,513.4,72389.4,2025-08-24 12:54:12.849639
2025-08-24,37014,2025082401004695,NABIL,Linch Stock Market Ltd.,Sewa Securities Pvt. Ltd.,50,514.0,25700.0,2025-08-24 12:54:35.125418
2025-08-24,36578,2025082401004823,NABIL,Neev Securities Pvt. Ltd.,Sewa Securities Pvt. Ltd.,15,514.0,7710.0,2025-08-24 12:56:34.537047
2025-08-24,35868,2025082401004978,NABIL,South Asian Bulls Pvt. Ltd.,Imperial Securities Company Pvt. Ltd.,100,514.0,51400.0,2025-08-24 12:59:16.307813
2025-08-24,35784,2025082401004988,NABIL,Sani Securities Company Ltd.,Imperial Securities Company Pvt. Ltd.,55,514.0,28270.0,2025-08-24 12:59:34.351165
2025-08-24,35738,2025082401004995,NABIL,Sani Securities Company Ltd.,K.B.L. Securities Limited ,75,514.0,38550.0,2025-08-24 12:59:44.482426
2025-08-24,35604,2025082401005032,NABIL,Sani Securities Company Ltd.,Secured Securities Ltd.,64,514.0,32896.0,2025-08-24 13:00:12.895281
2025-08-24,35161,2025082401005153,NABIL,Sani Securities Company Ltd.,Secured Securities Ltd.,66,514.0,33924.0,2025-08-24 13:02:08.670437
2025-08-24,35160,2025082401005154,NABIL,Sani Securities Company Ltd.,Pragyan Securities (PVT) Ltd.,100,514.0,51400.0,2025-08-24 13:02:08.671187
2025-08-24,35064,2025082401005186,NABIL,Sani Securities Company Ltd.,Capital Max Securities Ltd,30,514.0,15420.0,2025-08-24 13:02:30.898450
2025-08-24,34443,2025082401005343,NABIL,Sani Securities Company Ltd.,Naasa Securities Co. Ltd.,178,513.5,91403.0,2025-08-24 13:05:15.480469
2025-08-24,34393,2025082401005359,NABIL,Dipshikha Dhitopatra Karobar Co. Pvt Ltd.,Dynamic Money Managers Securities Pvt. Ltd.,10,514.8,5148.0,2025-08-24 13:05:31.504834
2025-08-24,33902,2025082401005511,NABIL,Cristal Kanchanjanga Securites Pvt. Ltd.,Neev Securities Pvt. Ltd.,10,514.0,5140.0,2025-08-24 13:07:24.411747
2025-08-24,33893,2025082401005512,NABIL,Neev Securities Pvt. Ltd.,Neev Securities Pvt. Ltd.,900,514.3,462870.0,2025-08-24 13:07:27.430837
2025-08-24,33766,2025082401005552,NABIL,Neev Securities Pvt. Ltd.,Neev Securities Pvt. Ltd.,900,514.3,462870.0,2025-08-24 13:08:09.603685
2025-08-24,33762,2025082401005553,NABIL,Cristal Kanchanjanga Securites Pvt. Ltd.,Imperial Securities Company Pvt. Ltd.,59,514.0,30326.0,2025-08-24 13:08:10.519608
2025-08-24,33731,2025082401005567,NABIL,Cristal Kanchanjanga Securites Pvt. Ltd.,Oxford Securities Pvt. Ltd.,100,514.0,51400.0,2025-08-24 13:08:22.368283
2025-08-24,33685,2025082401005585,NABIL,Neev Securities Pvt. Ltd.,Neev Securities Pvt. Ltd.,900,514.3,462870.0,2025-08-24 13:08:36.712133
2025-08-24,33575,2025082401005611,NABIL,Neev Securities Pvt. Ltd.,Neev Securities Pvt. Ltd.,900,514.3,462870.0,2025-08-24 13:09:20.957219
2025-08-24,33373,2025082401005670,NABIL,Neev Securities Pvt. Ltd.,Neev Securities Pvt. Ltd.,900,514.3,462870.0,2025-08-24 13:10:10.181248
2025-08-24,33312,2025082401005680,NABIL,Cristal Kanchanjanga Securites Pvt. Ltd.,Online Securities Pvt. Ltd.,10,514.0,5140.0,2025-08-24 13:10:26.157434
2025-08-24,33304,2025082401005681,NABIL,Sani Securities Company Ltd.,South Asian Bulls Pvt. Ltd.,22,514.5,11319.0,2025-08-24 13:10:27.994887
2025-08-24,33239,2025082401005704,NABIL,Neev Securities Pvt. Ltd.,Neev Securities Pvt. Ltd.,500,514.1,257050.0,2025-08-24 13:10:51.403274
2025-08-24,33219,2025082401005710,NABIL,Cristal Kanchanjanga Securites Pvt. Ltd.,Nepal Investment And Securities Trading Private Limited,150,514.0,77100.0,2025-08-24 13:11:01.306666
2025-08-24,33157,2025082401005713,NABIL,Cristal Kanchanjanga Securites Pvt. Ltd.,Trisul Securities & Invt. Ltd.,60,514.0,30840.0,2025-08-24 13:11:13.995252
2025-08-24,33156,2025082401005714,NABIL,ABC Securities Private Limited,Trisul Securities & Invt. Ltd.,50,514.0,25700.0,2025-08-24 13:11:13.995331
2025-08-24,33155,2025082401005715,NABIL,Linch Stock Market Ltd.,Trisul Securities & Invt. Ltd.,50,513.6,25680.0,2025-08-24 13:11:13.995359
2025-08-24,33154,2025082401005716,NABIL,Naasa Securities Co. Ltd.,Trisul Securities & Invt. Ltd.,43,513.5,22080.5,2025-08-24 13:11:13.995383
2025-08-24,33153,2025082401005717,NABIL,BHOLE GANESH SECURITIES LTD,Trisul Securities & Invt. Ltd.,359,513.4,184310.6,2025-08-24 13:11:13.995418
2025-08-24,33152,2025082401005718,NABIL,Dynamic Money Managers Securities Pvt. Ltd.,Trisul Securities & Invt. Ltd.,50,513.4,25670.0,2025-08-24 13:11:13.995446
2025-08-24,33151,2025082401005719,NABIL,Kumari Securities Private Limited,Trisul Securities & Invt. Ltd.,25,513.4,12835.0,2025-08-24 13:11:13.995469
2025-08-24,33150,2025082401005720,NABIL,Online Securities Pvt. Ltd.,Trisul Securities & Invt. Ltd.,380,513.3,195054.0,2025-08-24 13:11:13.995493
2025-08-24,33100,2025082401005728,NABIL,Neev Securities Pvt. Ltd.,Neev Securities Pvt. Ltd.,500,514.2,257100.0,2025-08-24 13:11:34.626003
2025-08-24,33019,2025082401005745,NABIL,Neev Securities Pvt. Ltd.,Neev Securities Pvt. Ltd.,900,514.4,462960.0,2025-08-24 13:12:11.888972
2025-08-24,32954,2025082401005755,NABIL,Neev Securities Pvt. Ltd.,Neev Securities Pvt. Ltd.,900,514.4,462960.0,2025-08-24 13:12:37.034648
2025-08-24,32880,2025082401005793,NABIL,Neev Securities Pvt. Ltd.,Sewa Securities Pvt. Ltd.,900,514.4,462960.0,2025-08-24 13:12:53.090541
2025-08-24,32816,2025082401005802,NABIL,Dakshinkali Investment & Securities Pvt. Ltd.,South Asian Bulls Pvt. Ltd.,66,514.3,33943.8,2025-08-24 13:13:20.202377
2025-08-24,32815,2025082401005803,NABIL,Dakshinkali Investment & Securities Pvt. Ltd.,Trisul Securities & Invt. Ltd.,34,514.3,17486.2,2025-08-24 13:13:20.203005
2025-08-24,32645,2025082401005873,NABIL,Neev Securities Pvt. Ltd.,Neev Securities Pvt. Ltd.,900,513.7,462330.0,2025-08-24 13:14:15.467928
2025-08-24,32539,2025082401005891,NABIL,Neev Securities Pvt. Ltd.,Neev Securities Pvt. Ltd.,900,514.0,462600.0,2025-08-24 13:14:40.579113
2025-08-24,32442,2025082401005917,NABIL,Neev Securities Pvt. Ltd.,Neev Securities Pvt. Ltd.,885,514.0,454890.0,2025-08-24 13:15:12.736797
2025-08-24,32310,2025082401005961,NABIL,Online Securities Pvt. Ltd.,Kohinoor Investment & Securities Pvt. Ltd.,24,513.3,12319.2,2025-08-24 13:15:51.100933
2025-08-24,32309,2025082401005962,NABIL,Online Securities Pvt. Ltd.,Kohinoor Investment & Securities Pvt. Ltd.,48,513.3,24638.4,2025-08-24 13:15:51.101644
2025-08-24,31976,2025082401006085,NABIL,Sundhara Securities Limited,Naasa Securities Co. Ltd.,20,514.0,10280.0,2025-08-24 13:16:55.386583
2025-08-24,31813,2025082401006104,NABIL,Agrawal Securities (PVT) Ltd.,Naasa Securities Co. Ltd.,100,514.0,51400.0,2025-08-24 13:17:50.008081
2025-08-24,31744,2025082401006112,NABIL,Agrawal Securities (PVT) Ltd.,Naasa Securities Co. Ltd.,80,514.0,41120.0,2025-08-24 13:18:06.124225
2025-08-24,31743,2025082401006113,NABIL,Agrawal Securities (PVT) Ltd.,Sweta Securities Private Limited,20,514.0,10280.0,2025-08-24 13:18:06.124963
2025-08-24,31590,2025082401006162,NABIL,Agrawal Securities (PVT) Ltd.,Sweta Securities Private Limited,78,514.0,40092.0,2025-08-24 13:18:43.359543
2025-08-24,31248,2025082401006213,NABIL,J.F. Securites (PVT) Ltd.,Dynamic Money Managers Securities Pvt. Ltd.,20,514.2,10284.0,2025-08-24 13:20:23.172773
2025-08-24,30840,2025082401006289,NABIL,Pragyan Securities (PVT) Ltd.,Dynamic Money Managers Securities Pvt. Ltd.,20,514.2,10284.0,2025-08-24 13:22:13.011348
2025-08-24,30839,2025082401006290,NABIL,Pragyan Securities (PVT) Ltd.,Trisul Securities & Invt. Ltd.,16,514.3,8228.8,2025-08-24 13:22:13.011660
2025-08-24,30838,2025082401006291,NABIL,Pragyan Securities (PVT) Ltd.,J.F. Securites (PVT) Ltd.,12,514.3,6171.6,2025-08-24 13:22:13.011822
2025-08-24,30643,2025082401006357,NABIL,Sewa Securities Pvt. Ltd.,Naasa Securities Co. Ltd.,6,504.5,3027.0,2025-08-24 13:22:55.628354
2025-08-24,30424,2025082401006423,NABIL,Imperial Securities Company Pvt. Ltd.,Naasa Securities Co. Ltd.,1,515.0,515.0,2025-08-24 13:24:16.242259
2025-08-24,30370,2025082401006433,NABIL,Naasa Securities Co. Ltd.,Agrawal Securities (PVT) Ltd.,15,514.0,7710.0,2025-08-24 13:24:32.092765
2025-08-24,30369,2025082401006434,NABIL,Miyo Securities Pvt Ltd,Agrawal Securities (PVT) Ltd.,10,514.0,5140.0,2025-08-24 13:24:32.093131
2025-08-24,30300,2025082401006443,NABIL,Sani Securities Company Ltd.,Kohinoor Investment & Securities Pvt. Ltd.,90,513.5,46215.0,2025-08-24 13:24:52.923668
2025-08-24,30245,2025082401006455,NABIL,Investment Management Nepal Pvt. Ltd.,Agrawal Securities (PVT) Ltd.,20,514.0,10280.0,2025-08-24 13:25:07.578389
2025-08-24,30226,2025082401006461,NABIL,Sani Securities Company Ltd.,Neev Securities Pvt. Ltd.,110,513.5,56485.0,2025-08-24 13:25:18.571611
2025-08-24,30225,2025082401006462,NABIL,Siprabi Securities Pvt. Ltd.,Neev Securities Pvt. Ltd.,150,513.4,77010.0,2025-08-24 13:25:18.572011
2025-08-24,30224,2025082401006463,NABIL,Online Securities Pvt. Ltd.,Neev Securities Pvt. Ltd.,452,513.3,232011.6,2025-08-24 13:25:18.572191
2025-08-24,30223,2025082401006464,NABIL,Sundhara Securities Limited,Neev Securities Pvt. Ltd.,100,513.3,51330.0,2025-08-24 13:25:18.572354
2025-08-24,30222,2025082401006465,NABIL,Asian Securities Private Ltd.,Neev Securities Pvt. Ltd.,73,513.3,37470.9,2025-08-24 13:25:18.572513
2025-08-24,29755,2025082401006600,NABIL,Neev Securities Pvt. Ltd.,Neev Securities Pvt. Ltd.,915,513.7,470035.5,2025-08-24 13:27:49.196856
2025-08-24,28946,2025082401006745,NABIL,Neev Securities Pvt. Ltd.,Neev Securities Pvt. Ltd.,900,513.7,462330.0,2025-08-24 13:32:04.259758
2025-08-24,28939,2025082401006748,NABIL,ABC Securities Private Limited,ABC Securities Private Limited,500,513.5,256750.0,2025-08-24 13:32:08.069870
2025-08-24,28811,2025082401006766,NABIL,Neev Securities Pvt. Ltd.,Neev Securities Pvt. Ltd.,900,513.7,462330.0,2025-08-24 13:32:40.413982
2025-08-24,28749,2025082401006778,NABIL,Neev Securities Pvt. Ltd.,Neev Securities Pvt. Ltd.,900,513.7,462330.0,2025-08-24 13:33:09.520288
2025-08-24,28643,2025082401006819,NABIL,Sani Securities Company Ltd.,Agrawal Securities (PVT) Ltd.,25,514.0,12850.0,2025-08-24 13:33:37.471058
2025-08-24,28615,2025082401006821,NABIL,Neev Securities Pvt. Ltd.,Neev Securities Pvt. Ltd.,500,513.7,256850.0,2025-08-24 13:33:40.801122
2025-08-24,28496,2025082401006841,NABIL,Siprabi Securities Pvt. Ltd.,Agrawal Securities (PVT) Ltd.,10,514.0,5140.0,2025-08-24 13:34:25.900100
2025-08-24,28444,2025082401006863,NABIL,Naasa Securities Co. Ltd.,Online Securities Pvt. Ltd.,91,513.5,46728.5,2025-08-24 13:34:52.009489
2025-08-24,28380,2025082401006871,NABIL,Online Securities Pvt. Ltd.,Sunrise Securities Limited,30,513.5,15405.0,2025-08-24 13:35:14.530487
2025-08-24,28379,2025082401006872,NABIL,Asian Securities Private Ltd.,Sunrise Securities Limited,93,513.5,47755.5,2025-08-24 13:35:14.530872
2025-08-24,28378,2025082401006873,NABIL,Trisul Securities & Invt. Ltd.,Sunrise Securities Limited,77,513.5,39539.5,2025-08-24 13:35:14.531054
2025-08-24,28364,2025082401006875,NABIL,Trisul Securities & Invt. Ltd.,Agrawal Securities (PVT) Ltd.,10,513.5,5135.0,2025-08-24 13:35:20.395557
2025-08-24,28115,2025082401006930,NABIL,Nabil Stock Dealer Ltd.,Agrawal Securities (PVT) Ltd.,15,514.0,7710.0,2025-08-24 13:36:59.026369
2025-08-24,28105,2025082401006935,NABIL,Neev Securities Pvt. Ltd.,Neev Securities Pvt. Ltd.,900,513.7,462330.0,2025-08-24 13:37:00.728447
2025-08-24,28075,2025082401006945,NABIL,Neev Securities Pvt. Ltd.,Neev Securities Pvt. Ltd.,900,513.7,462330.0,2025-08-24 13:37:12.790970
2025-08-24,27963,2025082401006964,NABIL,Neev Securities Pvt. Ltd.,Neev Securities Pvt. Ltd.,900,513.7,462330.0,2025-08-24 13:37:39.929253
2025-08-24,27898,2025082401006973,NABIL,Neev Securities Pvt. Ltd.,Neev Securities Pvt. Ltd.,900,513.7,462330.0,2025-08-24 13:38:01.039432
2025-08-24,27412,2025082401007077,NABIL,Secured Securities Ltd.,Investment Management Nepal Pvt. Ltd.,70,513.7,35959.0,2025-08-24 13:40:32.177280
2025-08-24,27411,2025082401007078,NABIL,Trisul Securities & Invt. Ltd.,Investment Management Nepal Pvt. Ltd.,183,513.5,93970.5,2025-08-24 13:40:32.178042
2025-08-24,27410,2025082401007079,NABIL,Naasa Securities Co. Ltd.,Investment Management Nepal Pvt. Ltd.,10,513.5,5135.0,2025-08-24 13:40:32.178581
2025-08-24,27409,2025082401007080,NABIL,Deevyaa Securities & Stock House Pvt. Ltd,Investment Management Nepal Pvt. Ltd.,50,513.4,25670.0,2025-08-24 13:40:32.179124
2025-08-24,27408,2025082401007081,NABIL,Miyo Securities Pvt Ltd,Investment Management Nepal Pvt. Ltd.,29,513.4,14888.6,2025-08-24 13:40:32.179662
2025-08-24,27407,2025082401007082,NABIL,Online Securities Pvt. Ltd.,Investment Management Nepal Pvt. Ltd.,58,513.2,29765.6,2025-08-24 13:40:32.180203
2025-08-24,27062,2025082401007164,NABIL,Neev Securities Pvt. Ltd.,Neev Securities Pvt. Ltd.,900,513.3,461970.0,2025-08-24 13:42:49.350070
2025-08-24,27027,2025082401007174,NABIL,Trisul Securities & Invt. Ltd.,Naasa Securities Co. Ltd.,100,513.5,51350.0,2025-08-24 13:43:06.415931
2025-08-24,26977,2025082401007182,NABIL,Neev Securities Pvt. Ltd.,Neev Securities Pvt. Ltd.,500,513.7,256850.0,2025-08-24 13:43:24.506511
2025-08-24,26791,2025082401007230,NABIL,J.F. Securites (PVT) Ltd.,Kohinoor Investment & Securities Pvt. Ltd.,2,513.0,1026.0,2025-08-24 13:44:30.511662
2025-08-24,26692,2025082401007244,NABIL,Online Securities Pvt. Ltd.,Agrawal Securities (PVT) Ltd.,10,514.0,5140.0,2025-08-24 13:44:53.264275
2025-08-24,26579,2025082401007274,NABIL,Sweta Securities Private Limited,Agrawal Securities (PVT) Ltd.,53,514.0,27242.0,2025-08-24 13:45:32.302354
2025-08-24,26578,2025082401007275,NABIL,Sweta Securities Private Limited,J.F. Securites (PVT) Ltd.,47,514.0,24158.0,2025-08-24 13:45:32.303144
2025-08-24,26331,2025082401007367,NABIL,Linch Stock Market Ltd.,J.F. Securites (PVT) Ltd.,50,514.0,25700.0,2025-08-24 13:46:40.068592
2025-08-24,26221,2025082401007392,NABIL,Sani Securities Company Ltd.,J.F. Securites (PVT) Ltd.,12,514.0,6168.0,2025-08-24 13:47:22.307150
2025-08-24,26149,2025082401007395,NABIL,Trisul Securities & Invt. Ltd.,Online Securities Pvt. Ltd.,100,513.5,51350.0,2025-08-24 13:47:30.298563
2025-08-24,26082,2025082401007408,NABIL,Trisul Securities & Invt. Ltd.,K.B.L. Securities Limited ,90,513.5,46215.0,2025-08-24 13:47:47.358648
2025-08-24,25967,2025082401007434,NABIL,Trisul Securities & Invt. Ltd.,K.B.L. Securities Limited ,10,513.5,5135.0,2025-08-24 13:48:09.425344
2025-08-24,25952,2025082401007437,NABIL,Shree Krishna Securities Ltd.,J.F. Securites (PVT) Ltd.,26,514.0,13364.0,2025-08-24 13:48:16.279684
2025-08-24,25803,2025082401007451,NABIL,Naasa Securities Co. Ltd.,Imperial Securities Company Pvt. Ltd.,1,507.0,507.0,2025-08-24 13:48:48.486190
2025-08-24,25791,2025082401007453,NABIL,Sani Securities Company Ltd.,Naasa Securities Co. Ltd.,13,513.5,6675.5,2025-08-24 13:48:53.816294
2025-08-24,25790,2025082401007454,NABIL,Sani Securities Company Ltd.,Naasa Securities Co. Ltd.,17,513.5,8729.5,2025-08-24 13:48:53.817089
2025-08-24,25725,2025082401007475,NABIL,Sani Securities Company Ltd.,Naasa Securities Co. Ltd.,33,513.5,16945.5,2025-08-24 13:49:10.972592
2025-08-24,25724,2025082401007476,NABIL,Online Securities Pvt. Ltd.,Naasa Securities Co. Ltd.,22,513.2,11290.4,2025-08-24 13:49:10.973382
2025-08-24,25552,2025082401007490,NABIL,Online Securities Pvt. Ltd.,Primo Securities (PVT) Ltd.,420,513.2,215544.0,2025-08-24 13:49:54.600308
2025-08-24,25551,2025082401007491,NABIL,Naasa Securities Co. Ltd.,Primo Securities (PVT) Ltd.,255,513.2,130866.0,2025-08-24 13:49:54.600708
2025-08-24,25550,2025082401007492,NABIL,Miyo Securities Pvt Ltd,Primo Securities (PVT) Ltd.,97,513.2,49780.4,2025-08-24 13:49:54.600893
2025-08-24,25549,2025082401007493,NABIL,Sundhara Securities Limited,Primo Securities (PVT) Ltd.,23,513.1,11801.3,2025-08-24 13:49:54.601083
2025-08-24,25330,2025082401007536,NABIL,Sani Securities Company Ltd.,Sewa Securities Pvt. Ltd.,25,513.2,12830.0,2025-08-24 13:51:01.592566
2025-08-24,25329,2025082401007537,NABIL,Sundhara Securities Limited,Sewa Securities Pvt. Ltd.,77,513.1,39508.7,2025-08-24 13:51:01.593335
2025-08-24,25328,2025082401007538,NABIL,Online Securities Pvt. Ltd.,Sewa Securities Pvt. Ltd.,500,513.1,256550.0,2025-08-24 13:51:01.593881
2025-08-24,25327,2025082401007539,NABIL,Online Securities Pvt. Ltd.,Sewa Securities Pvt. Ltd.,500,513.1,256550.0,2025-08-24 13:51:01.594427
2025-08-24,25326,2025082401007540,NABIL,Sweta Securities Private Limited,Sewa Securities Pvt. Ltd.,100,513.1,51310.0,2025-08-24 13:51:01.594967
2025-08-24,25325,2025082401007541,NABIL,Thrive Brokerage House Pvt. Ltd,Sewa Securities Pvt. Ltd.,20,513.1,10262.0,2025-08-24 13:51:01.595530
2025-08-24,25324,2025082401007542,NABIL,Sundhara Securities Limited,Sewa Securities Pvt. Ltd.,85,513.1,43613.5,2025-08-24 13:51:01.596085
2025-08-24,25323,2025082401007543,NABIL,Kumari Securities Private Limited,Sewa Securities Pvt. Ltd.,25,513.0,12825.0,2025-08-24 13:51:01.596629
2025-08-24,25322,2025082401007544,NABIL,Sani Securities Company Ltd.,Sewa Securities Pvt. Ltd.,778,513.0,399114.0,2025-08-24 13:51:01.597173
2025-08-24,25321,2025082401007545,NABIL,Kumari Securities Private Limited,Sewa Securities Pvt. Ltd.,20,513.0,10260.0,2025-08-24 13:51:01.597702
2025-08-24,25320,2025082401007546,NABIL,Nepal Investment And Securities Trading Private Limited,Sewa Securities Pvt. Ltd.,55,513.0,28215.0,2025-08-24 13:51:01.598241
2025-08-24,25319,2025082401007547,NABIL,Malla & Malla Stock Broking Company Pvt. Limited,Sewa Securities Pvt. Ltd.,50,513.0,25650.0,2025-08-24 13:51:01.598761
2025-08-24,25318,2025082401007548,NABIL,Dipshikha Dhitopatra Karobar Co. Pvt Ltd.,Sewa Securities Pvt. Ltd.,30,513.0,15390.0,2025-08-24 13:51:01.599293
2025-08-24,25317,2025082401007549,NABIL,Imperial Securities Company Pvt. Ltd.,Sewa Securities Pvt. Ltd.,100,513.0,51300.0,2025-08-24 13:51:01.599760
2025-08-24,25316,2025082401007550,NABIL,Linch Stock Market Ltd.,Sewa Securities Pvt. Ltd.,30,513.0,15390.0,2025-08-24 13:51:01.599932
2025-08-24,25315,2025082401007551,NABIL,Sundhara Securities Limited,Sewa Securities Pvt. Ltd.,100,513.0,51300.0,2025-08-24 13:51:01.600120
2025-08-24,25314,2025082401007552,NABIL,Sani Securities Company Ltd.,Sewa Securities Pvt. Ltd.,50,513.0,25650.0,2025-08-24 13:51:01.600291
2025-08-24,25313,2025082401007553,NABIL,Online Securities Pvt. Ltd.,Sewa Securities Pvt. Ltd.,71,513.0,36423.0,2025-08-24 13:51:01.600459
2025-08-24,25155,2025082401007579,NABIL,Online Securities Pvt. Ltd.,Malla & Malla Stock Broking Company Pvt. Limited,115,513.0,58995.0,2025-08-24 13:51:54.929051
2025-08-24,25154,2025082401007580,NABIL,Dynamic Money Managers Securities Pvt. Ltd.,Malla & Malla Stock Broking Company Pvt. Limited,500,513.0,256500.0,2025-08-24 13:51:54.929800
2025-08-24,25153,2025082401007581,NABIL,Trisul Securities & Invt. Ltd.,Malla & Malla Stock Broking Company Pvt. Limited,15,513.0,7695.0,2025-08-24 13:51:54.930338
2025-08-24,24243,2025082401007769,NABIL,Naasa Securities Co. Ltd.,J.F. Securites (PVT) Ltd.,28,514.0,14392.0,2025-08-24 13:56:09.607770
2025-08-24,24242,2025082401007770,NABIL,Naasa Securities Co. Ltd.,Dynamic Money Managers Securities Pvt. Ltd.,72,514.0,37008.0,2025-08-24 13:56:09.608127
2025-08-24,24112,2025082401007823,NABIL,Siprabi Securities Pvt. Ltd.,Dynamic Money Managers Securities Pvt. Ltd.,10,514.0,5140.0,2025-08-24 13:56:48.493552
2025-08-24,23648,2025082401007945,NABIL,J.F. Securites (PVT) Ltd.,Dipshikha Dhitopatra Karobar Co. Pvt Ltd.,1,507.0,507.0,2025-08-24 13:58:38.395000
2025-08-24,23097,2025082401008053,NABIL,Secured Securities Ltd.,Dynamic Money Managers Securities Pvt. Ltd.,20,514.0,10280.0,2025-08-24 14:00:22.256516
2025-08-24,23068,2025082401008056,NABIL,Capital Max Securities Ltd,Dynamic Money Managers Securities Pvt. Ltd.,10,514.0,5140.0,2025-08-24 14:00:29.164712
2025-08-24,23027,2025082401008081,NABIL,ABC Securities Private Limited,Naasa Securities Co. Ltd.,100,513.5,51350.0,2025-08-24 14:00:36.807174
2025-08-24,22415,2025082401008235,NABIL,Capital Max Securities Ltd,Dynamic Money Managers Securities Pvt. Ltd.,10,514.0,5140.0,2025-08-24 14:02:23.607525
2025-08-24,21715,2025082401008346,NABIL,Sani Securities Company Ltd.,Linch Stock Market Ltd.,50,513.5,25675.0,2025-08-24 14:05:11.672003
2025-08-24,21457,2025082401008390,NABIL,Sani Securities Company Ltd.,Imperial Securities Company Pvt. Ltd.,10,513.5,5135.0,2025-08-24 14:06:08.776925
2025-08-24,21302,2025082401008416,NABIL,Sani Securities Company Ltd.,Dynamic Money Managers Securities Pvt. Ltd.,78,514.0,40092.0,2025-08-24 14:06:41.582490
2025-08-24,21301,2025082401008417,NABIL,Sani Securities Company Ltd.,Sani Securities Company Ltd.,205,514.0,105370.0,2025-08-24 14:06:41.583289
2025-08-24,21300,2025082401008418,NABIL,Sani Securities Company Ltd.,Aryatara Investment & Securities,11,514.0,5654.0,2025-08-24 14:06:41.583853
2025-08-24,21299,2025082401008419,NABIL,Sani Securities Company Ltd.,Kumari Securities Private Limited,200,514.0,102800.0,2025-08-24 14:06:41.584424
2025-08-24,21298,2025082401008420,NABIL,Sani Securities Company Ltd.,Kohinoor Investment & Securities Pvt. Ltd.,90,514.0,46260.0,2025-08-24 14:06:41.584971
2025-08-24,21297,2025082401008421,NABIL,Sani Securities Company Ltd.,Naasa Securities Co. Ltd.,40,514.0,20560.0,2025-08-24 14:06:41.585539
2025-08-24,21296,2025082401008422,NABIL,Sani Securities Company Ltd.,Sani Securities Company Ltd.,446,514.0,229244.0,2025-08-24 14:06:41.586105
2025-08-24,21262,2025082401008432,NABIL,Opal Securities Investment (PVT) Ltd.,Sani Securities Company Ltd.,59,514.0,30326.0,2025-08-24 14:06:48.027003
2025-08-24,21219,2025082401008441,NABIL,Siprabi Securities Pvt. Ltd.,Imperial Securities Company Pvt. Ltd.,10,514.0,5140.0,2025-08-24 14:07:00.096748
2025-08-24,21126,2025082401008472,NABIL,Dakshinkali Investment & Securities Pvt. Ltd.,Imperial Securities Company Pvt. Ltd.,40,514.0,20560.0,2025-08-24 14:07:18.804363
2025-08-24,20452,2025082401008581,NABIL,Sani Securities Company Ltd.,Magnet Securities and Investment Company Private Limited,40,513.5,20540.0,2025-08-24 14:09:38.326680
2025-08-24,20451,2025082401008582,NABIL,Dipshikha Dhitopatra Karobar Co. Pvt Ltd.,Magnet Securities and Investment Company Private Limited,15,513.5,7702.5,2025-08-24 14:09:38.327107
2025-08-24,20216,2025082401008630,NABIL,Capital Max Securities Ltd,Sri Hari Securities Pvt. Ltd.,100,513.1,51310.0,2025-08-24 14:10:31.468414
2025-08-24,20215,2025082401008631,NABIL,Oxford Securities Pvt. Ltd.,Sri Hari Securities Pvt. Ltd.,50,513.1,25655.0,2025-08-24 14:10:31.468797
2025-08-24,20214,2025082401008632,NABIL,Kumari Securities Private Limited,Sri Hari Securities Pvt. Ltd.,200,513.1,102620.0,2025-08-24 14:10:31.468989
2025-08-24,20213,2025082401008633,NABIL,Dipshikha Dhitopatra Karobar Co. Pvt Ltd.,Sri Hari Securities Pvt. Ltd.,10,513.1,5131.0,2025-08-24 14:10:31.469196
2025-08-24,19785,2025082401008692,NABIL,Dipshikha Dhitopatra Karobar Co. Pvt Ltd.,Shree Krishna Securities Ltd.,59,513.1,30272.9,2025-08-24 14:11:53.113062
2025-08-24,19784,2025082401008693,NABIL,Aryatara Investment & Securities,Shree Krishna Securities Ltd.,10,513.0,5130.0,2025-08-24 14:11:53.113499
2025-08-24,19783,2025082401008694,NABIL,Aryatara Investment & Securities,Shree Krishna Securities Ltd.,100,513.0,51300.0,2025-08-24 14:11:53.113693
2025-08-24,19782,2025082401008695,NABIL,Kumari Securities Private Limited,Shree Krishna Securities Ltd.,71,513.0,36423.0,2025-08-24 14:11:53.113880
2025-08-24,19710,2025082401008710,NABIL,Cristal Kanchanjanga Securites Pvt. Ltd.,Sani Securities Company Ltd.,20,513.5,10270.0,2025-08-24 14:12:16.010321
2025-08-24,19516,2025082401008759,NABIL,Kumari Securities Private Limited,Creative Securities Pvt Ltd,29,513.0,14877.0,2025-08-24 14:13:00.408488
2025-08-24,19180,2025082401008835,NABIL,Capital Max Securities Ltd,Sani Securities Company Ltd.,30,513.5,15405.0,2025-08-24 14:14:02.279106
2025-08-24,19179,2025082401008836,NABIL,Capital Max Securities Ltd,Dakshinkali Investment & Securities Pvt. Ltd.,1,513.5,513.5,2025-08-24 14:14:02.279364
2025-08-24,19097,2025082401008870,NABIL,Dynamic Money Managers Securities Pvt. Ltd.,Sani Securities Company Ltd.,50,513.5,25675.0,2025-08-24 14:14:17.666217
2025-08-24,19096,2025082401008871,NABIL,Dynamic Money Managers Securities Pvt. Ltd.,Opal Securities Investment (PVT) Ltd.,50,514.0,25700.0,2025-08-24 14:14:17.667062
2025-08-24,18774,2025082401008935,NABIL,Naasa Securities Co. Ltd.,Opal Securities Investment (PVT) Ltd.,10,514.0,5140.0,2025-08-24 14:15:24.102079
2025-08-24,18589,2025082401008967,NABIL,Naasa Securities Co. Ltd.,Midas Stock Broking Company Private Limited,150,513.5,77025.0,2025-08-24 14:15:58.293390
2025-08-24,18588,2025082401008968,NABIL,Malla & Malla Stock Broking Company Pvt. Limited,Midas Stock Broking Company Private Limited,100,513.1,51310.0,2025-08-24 14:15:58.294255
2025-08-24,18587,2025082401008969,NABIL,Capital Max Securities Ltd,Midas Stock Broking Company Private Limited,10,513.1,5131.0,2025-08-24 14:15:58.294923
2025-08-24,18429,2025082401008986,NABIL,Sani Securities Company Ltd.,Midas Stock Broking Company Private Limited,50,513.1,25655.0,2025-08-24 14:16:32.189459
2025-08-24,18128,2025082401009023,NABIL,Online Securities Pvt. Ltd.,Trishakti Securities Public Limited,222,513.0,113886.0,2025-08-24 14:17:34.541750
2025-08-24,18002,2025082401009060,NABIL,Kumari Securities Private Limited,Midas Stock Broking Company Private Limited,10,513.1,5131.0,2025-08-24 14:17:59.759419
2025-08-24,17828,2025082401009101,NABIL,Himalayan Securities Limited,Midas Stock Broking Company Private Limited,20,513.1,10262.0,2025-08-24 14:18:29.487986
2025-08-24,17776,2025082401009114,NABIL,Kohinoor Investment & Securities Pvt. Ltd.,Midas Stock Broking Company Private Limited,20,513.1,10262.0,2025-08-24 14:18:38.311674
2025-08-24,17764,2025082401009119,NABIL,J.F. Securites (PVT) Ltd.,Midas Stock Broking Company Private Limited,140,513.1,71834.0,2025-08-24 14:18:41.440883
2025-08-24,17655,2025082401009131,NABIL,J.F. Securites (PVT) Ltd.,Cristal Kanchanjanga Securites Pvt. Ltd.,40,513.1,20524.0,2025-08-24 14:19:04.293679
2025-08-24,17654,2025082401009132,NABIL,Online Securities Pvt. Ltd.,Cristal Kanchanjanga Securites Pvt. Ltd.,160,513.0,82080.0,2025-08-24 14:19:04.294485
2025-08-24,17573,2025082401009156,NABIL,Online Securities Pvt. Ltd.,Agrawal Securities (PVT) Ltd.,10,513.0,5130.0,2025-08-24 14:19:20.812540
2025-08-24,17092,2025082401009244,NABIL,J.F. Securites (PVT) Ltd.,Opal Securities Investment (PVT) Ltd.,90,514.0,46260.0,2025-08-24 14:20:58.210618
2025-08-24,17091,2025082401009245,NABIL,J.F. Securites (PVT) Ltd.,ABC Securities Private Limited,200,514.0,102800.0,2025-08-24 14:20:58.211451
2025-08-24,17090,2025082401009246,NABIL,J.F. Securites (PVT) Ltd.,Imperial Securities Company Pvt. Ltd.,150,514.0,77100.0,2025-08-24 14:20:58.212089
2025-08-24,17089,2025082401009247,NABIL,J.F. Securites (PVT) Ltd.,Dipshikha Dhitopatra Karobar Co. Pvt Ltd.,200,514.0,102800.0,2025-08-24 14:20:58.212777
2025-08-24,17088,2025082401009248,NABIL,J.F. Securites (PVT) Ltd.,Siprabi Securities Pvt. Ltd.,100,514.0,51400.0,2025-08-24 14:20:58.213391
2025-08-24,16183,2025082401009471,NABIL,Kalika Securities Pvt. Ltd.,Online Securities Pvt. Ltd.,2,514.9,1029.8,2025-08-24 14:24:02.692703
2025-08-24,16147,2025082401009475,NABIL,South Asian Bulls Pvt. Ltd.,Primo Securities (PVT) Ltd.,55,514.0,28270.0,2025-08-24 14:24:06.233163
2025-08-24,16029,2025082401009491,NABIL,J.F. Securites (PVT) Ltd.,Primo Securities (PVT) Ltd.,45,513.5,23107.5,2025-08-24 14:24:28.347020
2025-08-24,15028,2025082401009750,NABIL,Aryatara Investment & Securities,Sewa Securities Pvt. Ltd.,10,513.1,5131.0,2025-08-24 14:27:23.572249
2025-08-24,15001,2025082401009754,NABIL,Aryatara Investment & Securities,Imperial Securities Company Pvt. Ltd.,150,513.3,76995.0,2025-08-24 14:27:29.516685
2025-08-24,15000,2025082401009755,NABIL,Aryatara Investment & Securities,Imperial Securities Company Pvt. Ltd.,40,513.1,20524.0,2025-08-24 14:27:29.516738
2025-08-24,14999,2025082401009756,NABIL,Agrawal Securities (PVT) Ltd.,Imperial Securities Company Pvt. Ltd.,100,513.1,51310.0,2025-08-24 14:27:29.516766
2025-08-24,14998,2025082401009757,NABIL,Dipshikha Dhitopatra Karobar Co. Pvt Ltd.,Imperial Securities Company Pvt. Ltd.,100,513.1,51310.0,2025-08-24 14:27:29.516789
2025-08-24,14997,2025082401009758,NABIL,Kalika Securities Pvt. Ltd.,Imperial Securities Company Pvt. Ltd.,50,513.1,25655.0,2025-08-24 14:27:29.516813
2025-08-24,14996,2025082401009759,NABIL,Online Securities Pvt. Ltd.,Imperial Securities Company Pvt. Ltd.,108,513.0,55404.0,2025-08-24 14:27:29.516853
2025-08-24,14995,2025082401009760,NABIL,Online Securities Pvt. Ltd.,Imperial Securities Company Pvt. Ltd.,115,513.0,58995.0,2025-08-24 14:27:29.516886
2025-08-24,14994,2025082401009761,NABIL,Premier Securities Company Ltd.,Imperial Securities Company Pvt. Ltd.,251,513.0,128763.0,2025-08-24 14:27:29.516932
2025-08-24,14993,2025082401009762,NABIL,Vision Securities Pvt. Ltd,Imperial Securities Company Pvt. Ltd.,60,513.0,30780.0,2025-08-24 14:27:29.516961
2025-08-24,14992,2025082401009763,NABIL,Naasa Securities Co. Ltd.,Imperial Securities Company Pvt. Ltd.,20,513.0,10260.0,2025-08-24 14:27:29.517007
2025-08-24,14991,2025082401009764,NABIL,Naasa Securities Co. Ltd.,Imperial Securities Company Pvt. Ltd.,30,513.0,15390.0,2025-08-24 14:27:29.517041
2025-08-24,14990,2025082401009765,NABIL,Linch Stock Market Ltd.,Imperial Securities Company Pvt. Ltd.,145,513.0,74385.0,2025-08-24 14:27:29.517065
2025-08-24,14989,2025082401009766,NABIL,Sani Securities Company Ltd.,Imperial Securities Company Pvt. Ltd.,190,513.0,97470.0,2025-08-24 14:27:29.517089
2025-08-24,14988,2025082401009767,NABIL,N.I.M.B. Stock Markets Limited,Imperial Securities Company Pvt. Ltd.,100,513.0,51300.0,2025-08-24 14:27:29.517111
2025-08-24,14987,2025082401009768,NABIL,Sundhara Securities Limited,Imperial Securities Company Pvt. Ltd.,32,513.0,16416.0,2025-08-24 14:27:29.517134
2025-08-24,14986,2025082401009769,NABIL,Dakshinkali Investment & Securities Pvt. Ltd.,Imperial Securities Company Pvt. Ltd.,10,513.0,5130.0,2025-08-24 14:27:29.517160
2025-08-24,14985,2025082401009770,NABIL,Asian Securities Private Ltd.,Imperial Securities Company Pvt. Ltd.,50,513.0,25650.0,2025-08-24 14:27:29.517183
2025-08-24,14984,2025082401009771,NABIL,Premier Securities Company Ltd.,Imperial Securities Company Pvt. Ltd.,10,513.0,5130.0,2025-08-24 14:27:29.517207
2025-08-24,14983,2025082401009772,NABIL,Sani Securities Company Ltd.,Imperial Securities Company Pvt. Ltd.,10,513.0,5130.0,2025-08-24 14:27:29.517232
2025-08-24,14982,2025082401009773,NABIL,Bhrikuti Stock Broking Co. Pvt. Ltd.,Imperial Securities Company Pvt. Ltd.,20,513.0,10260.0,2025-08-24 14:27:29.517255
2025-08-24,14981,2025082401009774,NABIL,Online Securities Pvt. Ltd.,Imperial Securities Company Pvt. Ltd.,20,513.0,10260.0,2025-08-24 14:27:29.517280
2025-08-24,14980,2025082401009775,NABIL,Dakshinkali Investment & Securities Pvt. Ltd.,Imperial Securities Company Pvt. Ltd.,122,513.0,62586.0,2025-08-24 14:27:29.517304
2025-08-24,14716,2025082401009836,NABIL,Dakshinkali Investment & Securities Pvt. Ltd.,Thrive Brokerage House Pvt. Ltd,300,513.0,153900.0,2025-08-24 14:28:19.370304
2025-08-24,14571,2025082401009854,NABIL,Thrive Brokerage House Pvt. Ltd,Kohinoor Investment & Securities Pvt. Ltd.,13,513.4,6674.2,2025-08-24 14:28:42.551377
2025-08-24,14083,2025082401009915,NABIL,Investment Management Nepal Pvt. Ltd.,Primo Securities (PVT) Ltd.,100,513.5,51350.0,2025-08-24 14:30:17.410747
2025-08-24,13912,2025082401009954,NABIL,Dipshikha Dhitopatra Karobar Co. Pvt Ltd.,Kohinoor Investment & Securities Pvt. Ltd.,130,513.2,66716.0,2025-08-24 14:30:58.235225
2025-08-24,13672,2025082401010007,NABIL,Dipshikha Dhitopatra Karobar Co. Pvt Ltd.,Naasa Securities Co. Ltd.,12,513.2,6158.4,2025-08-24 14:31:45.192583
2025-08-24,13671,2025082401010008,NABIL,J.F. Securites (PVT) Ltd.,Naasa Securities Co. Ltd.,188,513.1,96462.8,2025-08-24 14:31:45.193460
2025-08-24,13495,2025082401010038,NABIL,Sweta Securities Private Limited,Shree Krishna Securities Ltd.,10,513.2,5132.0,2025-08-24 14:32:14.767963
2025-08-24,13494,2025082401010039,NABIL,Sweta Securities Private Limited,Primo Securities (PVT) Ltd.,126,513.5,64701.0,2025-08-24 14:32:14.768347
2025-08-24,13330,2025082401010070,NABIL,Online Securities Pvt. Ltd.,Primo Securities (PVT) Ltd.,200,513.5,102700.0,2025-08-24 14:32:46.955014
2025-08-24,12986,2025082401010141,NABIL,ABC Securities Private Limited,Primo Securities (PVT) Ltd.,100,513.5,51350.0,2025-08-24 14:33:53.827276
2025-08-24,12982,2025082401010143,NABIL,Dipshikha Dhitopatra Karobar Co. Pvt Ltd.,Primo Securities (PVT) Ltd.,100,513.5,51350.0,2025-08-24 14:33:54.833239
2025-08-24,12788,2025082401010175,NABIL,Arun Securities (PVT) Ltd.,Nepal Stock House (PVT) Ltd.,80,513.2,41056.0,2025-08-24 14:34:36.386727
2025-08-24,12787,2025082401010176,NABIL,J.F. Securites (PVT) Ltd.,Nepal Stock House (PVT) Ltd.,21,513.1,10775.1,2025-08-24 14:34:36.387140
2025-08-24,12775,2025082401010179,NABIL,Sani Securities Company Ltd.,Kalika Securities Pvt. Ltd.,10,513.4,5134.0,2025-08-24 14:34:38.185726
2025-08-24,12469,2025082401010244,NABIL,Nepal Investment And Securities Trading Private Limited,Trisul Securities & Invt. Ltd.,10,513.3,5133.0,2025-08-24 14:35:47.884263
2025-08-24,12450,2025082401010246,NABIL,J.F. Securites (PVT) Ltd.,Nabil Stock Dealer Ltd.,10,513.1,5131.0,2025-08-24 14:35:51.050298
2025-08-24,11979,2025082401010373,NABIL,Trisul Securities & Invt. Ltd.,Trisul Securities & Invt. Ltd.,47,513.3,24125.1,2025-08-24 14:37:18.068616
2025-08-24,11911,2025082401010398,NABIL,Naasa Securities Co. Ltd.,Sani Securities Company Ltd.,8,513.0,4104.0,2025-08-24 14:37:31.906494
2025-08-24,11882,2025082401010403,NABIL,Naasa Securities Co. Ltd.,Kohinoor Investment & Securities Pvt. Ltd.,1,508.0,508.0,2025-08-24 14:37:41.998667
2025-08-24,11838,2025082401010410,NABIL,Naasa Securities Co. Ltd.,Creative Securities Pvt Ltd,1,512.0,512.0,2025-08-24 14:37:53.121989
2025-08-24,11657,2025082401010444,NABIL,Shree Krishna Securities Ltd.,Primo Securities (PVT) Ltd.,200,513.5,102700.0,2025-08-24 14:38:30.685827
2025-08-24,11373,2025082401010498,NABIL,J.F. Securites (PVT) Ltd.,Midas Stock Broking Company Private Limited,1,508.0,508.0,2025-08-24 14:39:38.766481
2025-08-24,11360,2025082401010499,NABIL,Naasa Securities Co. Ltd.,Primo Securities (PVT) Ltd.,25,513.5,12837.5,2025-08-24 14:39:40.546505
2025-08-24,11267,2025082401010531,NABIL,Imperial Securities Company Pvt. Ltd.,Primo Securities (PVT) Ltd.,49,513.5,25161.5,2025-08-24 14:40:00.846004
2025-08-24,11266,2025082401010532,NABIL,Imperial Securities Company Pvt. Ltd.,Neev Securities Pvt. Ltd.,11,513.5,5648.5,2025-08-24 14:40:00.846426
2025-08-24,11214,2025082401010537,NABIL,Naasa Securities Co. Ltd.,Naasa Securities Co. Ltd.,2,510.0,1020.0,2025-08-24 14:40:09.441753
2025-08-24,10923,2025082401010609,NABIL,Imperial Securities Company Pvt. Ltd.,Nepal Investment And Securities Trading Private Limited,219,513.5,112456.5,2025-08-24 14:40:45.511343
2025-08-24,10904,2025082401010612,NABIL,Dipshikha Dhitopatra Karobar Co. Pvt Ltd.,Thrive Brokerage House Pvt. Ltd,150,513.9,77085.0,2025-08-24 14:40:50.925420
2025-08-24,10595,2025082401010672,NABIL,Naasa Securities Co. Ltd.,Naasa Securities Co. Ltd.,1,508.0,508.0,2025-08-24 14:41:59.713469
2025-08-24,10559,2025082401010679,NABIL,Imperial Securities Company Pvt. Ltd.,Nepal Stock House (PVT) Ltd.,111,513.5,56998.5,2025-08-24 14:42:10.585378
2025-08-24,10519,2025082401010686,NABIL,Naasa Securities Co. Ltd.,Aryatara Investment & Securities,20,513.4,10268.0,2025-08-24 14:42:20.230082
2025-08-24,10189,2025082401010750,NABIL,Naasa Securities Co. Ltd.,Trishakti Securities Public Limited,10,513.4,5134.0,2025-08-24 14:43:29.421055
2025-08-24,10106,2025082401010763,NABIL,Sundhara Securities Limited,ABC Securities Private Limited,50,514.0,25700.0,2025-08-24 14:43:42.688287
2025-08-24,9622,2025082401010870,NABIL,Ashutosh Brokerage & Securities (PVT) Ltd.,Linch Stock Market Ltd.,20,513.5,10270.0,2025-08-24 14:44:55.655806
2025-08-24,9272,2025082401010922,NABIL,Vision Securities Pvt. Ltd,Linch Stock Market Ltd.,100,513.5,51350.0,2025-08-24 14:45:29.115562
2025-08-24,9198,2025082401010940,NABIL,Naasa Securities Co. Ltd.,Linch Stock Market Ltd.,30,513.5,15405.0,2025-08-24 14:45:42.729150
2025-08-24,8641,2025082401011041,NABIL,Primo Securities (PVT) Ltd.,Linch Stock Market Ltd.,15,513.5,7702.5,2025-08-24 14:47:01.768480
2025-08-24,8640,2025082401011042,NABIL,Primo Securities (PVT) Ltd.,Aryatara Investment & Securities,10,513.5,5135.0,2025-08-24 14:47:01.768875
2025-08-24,8639,2025082401011043,NABIL,Primo Securities (PVT) Ltd.,Bhrikuti Stock Broking Co. Pvt. Ltd.,10,513.9,5139.0,2025-08-24 14:47:01.769078
2025-08-24,8638,2025082401011044,NABIL,Primo Securities (PVT) Ltd.,ABC Securities Private Limited,150,514.0,77100.0,2025-08-24 14:47:01.769267
2025-08-24,8637,2025082401011045,NABIL,Primo Securities (PVT) Ltd.,Vision Securities Pvt. Ltd,20,514.0,10280.0,2025-08-24 14:47:01.769455
2025-08-24,8636,2025082401011046,NABIL,Primo Securities (PVT) Ltd.,Premier Securities Company Ltd.,40,514.0,20560.0,2025-08-24 14:47:01.769667
2025-08-24,8515,2025082401011067,NABIL,Nepal Investment And Securities Trading Private Limited,Naasa Securities Co. Ltd.,20,513.4,10268.0,2025-08-24 14:47:22.849404
2025-08-24,8498,2025082401011068,NABIL,Sweta Securities Private Limited,Premier Securities Company Ltd.,10,514.0,5140.0,2025-08-24 14:47:26.158315
2025-08-24,7759,2025082401011241,NABIL,Siprabi Securities Pvt. Ltd.,Online Securities Pvt. Ltd.,10,514.0,5140.0,2025-08-24 14:48:59.399552
2025-08-24,7758,2025082401011242,NABIL,Siprabi Securities Pvt. Ltd.,Online Securities Pvt. Ltd.,1,514.0,514.0,2025-08-24 14:48:59.399654
2025-08-24,7383,2025082401011334,NABIL,Agrawal Securities (PVT) Ltd.,Nepal Stock House (PVT) Ltd.,20,514.0,10280.0,2025-08-24 14:49:44.317130
2025-08-24,6933,2025082401011384,NABIL,Naasa Securities Co. Ltd.,Sani Securities Company Ltd.,80,514.0,41120.0,2025-08-24 14:50:27.117292
2025-08-24,6932,2025082401011385,NABIL,Midas Stock Broking Company Private Limited,Sani Securities Company Ltd.,40,514.0,20560.0,2025-08-24 14:50:27.117677
2025-08-24,6931,2025082401011386,NABIL,Kohinoor Investment & Securities Pvt. Ltd.,Sani Securities Company Ltd.,20,514.0,10280.0,2025-08-24 14:50:27.117873
2025-08-24,6894,2025082401011401,NABIL,Sri Hari Securities Pvt. Ltd.,Trishakti Securities Public Limited,10,514.3,5143.0,2025-08-24 14:50:31.206641
2025-08-24,6857,2025082401011430,NABIL,Kohinoor Investment & Securities Pvt. Ltd.,Online Securities Pvt. Ltd.,55,514.0,28270.0,2025-08-24 14:50:34.054943
2025-08-24,6809,2025082401011436,NABIL,Sumeru Securities Pvt. Ltd.,Online Securities Pvt. Ltd.,10,513.6,5136.0,2025-08-24 14:50:40.262284
2025-08-24,6650,2025082401011462,NABIL,Online Securities Pvt. Ltd.,Online Securities Pvt. Ltd.,25,513.6,12840.0,2025-08-24 14:50:55.257146
2025-08-24,6620,2025082401011465,NABIL,Online Securities Pvt. Ltd.,Online Securities Pvt. Ltd.,20,513.6,10272.0,2025-08-24 14:50:58.292889
2025-08-24,6576,2025082401011475,NABIL,Citizens Share Broker Limited,Online Securities Pvt. Ltd.,100,513.6,51360.0,2025-08-24 14:51:01.379282
2025-08-24,6412,2025082401011491,NABIL,South Asian Bulls Pvt. Ltd.,Online Securities Pvt. Ltd.,10,513.6,5136.0,2025-08-24 14:51:12.345545
2025-08-24,6112,2025082401011542,NABIL,Vision Securities Pvt. Ltd,Shree Krishna Securities Ltd.,100,513.5,51350.0,2025-08-24 14:51:50.320850
2025-08-24,6111,2025082401011543,NABIL,Imperial Securities Company Pvt. Ltd.,Shree Krishna Securities Ltd.,500,513.5,256750.0,2025-08-24 14:51:50.321658
2025-08-24,6110,2025082401011544,NABIL,Sweta Securities Private Limited,Shree Krishna Securities Ltd.,41,513.5,21053.5,2025-08-24 14:51:50.322243
2025-08-24,6109,2025082401011545,NABIL,Opal Securities Investment (PVT) Ltd.,Shree Krishna Securities Ltd.,20,513.4,10268.0,2025-08-24 14:51:50.322815
2025-08-24,6108,2025082401011546,NABIL,Sweta Securities Private Limited,Shree Krishna Securities Ltd.,10,513.4,5134.0,2025-08-24 14:51:50.323410
2025-08-24,6107,2025082401011547,NABIL,Pragyan Securities (PVT) Ltd.,Shree Krishna Securities Ltd.,100,513.3,51330.0,2025-08-24 14:51:50.323974
2025-08-24,6106,2025082401011548,NABIL,Aryatara Investment & Securities,Shree Krishna Securities Ltd.,100,513.3,51330.0,2025-08-24 14:51:50.324548
2025-08-24,6105,2025082401011549,NABIL,Dipshikha Dhitopatra Karobar Co. Pvt Ltd.,Shree Krishna Securities Ltd.,50,513.2,25660.0,2025-08-24 14:51:50.325120
2025-08-24,6104,2025082401011550,NABIL,Sri Hari Securities Pvt. Ltd.,Shree Krishna Securities Ltd.,389,513.2,199634.8,2025-08-24 14:51:50.325678
2025-08-24,5730,2025082401011612,NABIL,Premier Securities Company Ltd.,Agrawal Securities (PVT) Ltd.,50,514.2,25710.0,2025-08-24 14:52:34.390463
2025-08-24,5657,2025082401011628,NABIL,Sri Hari Securities Pvt. Ltd.,Sani Securities Company Ltd.,11,513.2,5645.2,2025-08-24 14:52:41.039695
2025-08-24,5043,2025082401011714,NABIL,Linch Stock Market Ltd.,Sani Securities Company Ltd.,30,513.3,15399.0,2025-08-24 14:53:51.953391
2025-08-24,5042,2025082401011715,NABIL,Sri Hari Securities Pvt. Ltd.,Sani Securities Company Ltd.,65,513.2,33358.0,2025-08-24 14:53:51.953760
2025-08-24,4824,2025082401011764,NABIL,ABC Securities Private Limited,Siprabi Securities Pvt. Ltd.,50,514.0,25700.0,2025-08-24 14:54:24.014866
2025-08-24,4823,2025082401011765,NABIL,ABC Securities Private Limited,Siprabi Securities Pvt. Ltd.,25,514.0,12850.0,2025-08-24 14:54:24.015643
2025-08-24,4597,2025082401011817,NABIL,ABC Securities Private Limited,Sani Securities Company Ltd.,10,514.0,5140.0,2025-08-24 14:54:46.825727
2025-08-24,4240,2025082401011917,NABIL,Imperial Securities Company Pvt. Ltd.,Agrawal Securities (PVT) Ltd.,10,514.2,5142.0,2025-08-24 14:55:19.383679
2025-08-24,3809,2025082401011999,NABIL,ABC Securities Private Limited,Thrive Brokerage House Pvt. Ltd,15,514.0,7710.0,2025-08-24 14:55:56.669286
2025-08-24,3808,2025082401012000,NABIL,Naasa Securities Co. Ltd.,Thrive Brokerage House Pvt. Ltd,50,514.0,25700.0,2025-08-24 14:55:56.670267
2025-08-24,3807,2025082401012001,NABIL,Trishakti Securities Public Limited,Thrive Brokerage House Pvt. Ltd,100,514.0,51400.0,2025-08-24 14:55:56.670987
2025-08-24,3686,2025082401012012,NABIL,Opal Securities Investment (PVT) Ltd.,Online Securities Pvt. Ltd.,5,514.0,2570.0,2025-08-24 14:56:03.536221
2025-08-24,3677,2025082401012018,NABIL,Agrawal Securities (PVT) Ltd.,Agrawal Securities (PVT) Ltd.,10,514.2,5142.0,2025-08-24 14:56:04.976550
2025-08-24,3465,2025082401012060,NABIL,Premier Securities Company Ltd.,Agrawal Securities (PVT) Ltd.,100,514.2,51420.0,2025-08-24 14:56:24.059611
2025-08-24,3330,2025082401012093,NABIL,Imperial Securities Company Pvt. Ltd.,Premier Securities Company Ltd.,24,514.0,12336.0,2025-08-24 14:56:37.176105
2025-08-24,1818,2025082401012387,NABIL,Trishakti Securities Public Limited,Ashutosh Brokerage & Securities (PVT) Ltd.,40,513.9,20556.0,2025-08-24 14:58:34.598921
2025-08-24,1753,2025082401012408,NABIL,J.F. Securites (PVT) Ltd.,Ashutosh Brokerage & Securities (PVT) Ltd.,81,513.9,41625.9,2025-08-24 14:58:37.410507
2025-08-24,1630,2025082401012439,NABIL,Online Securities Pvt. Ltd.,Primo Securities (PVT) Ltd.,50,513.5,25675.0,2025-08-24 14:58:44.734307
2025-08-24,1474,2025082401012465,NABIL,Naasa Securities Co. Ltd.,Premier Securities Company Ltd.,40,513.6,20544.0,2025-08-24 14:58:55.389518
2025-08-24,1473,2025082401012466,NABIL,Online Securities Pvt. Ltd.,Premier Securities Company Ltd.,150,513.5,77025.0,2025-08-24 14:58:55.390359
2025-08-24,1472,2025082401012467,NABIL,Creative Securities Pvt Ltd,Premier Securities Company Ltd.,100,513.5,51350.0,2025-08-24 14:58:55.390959
2025-08-24,1471,2025082401012468,NABIL,Vision Securities Pvt. Ltd,Premier Securities Company Ltd.,50,513.4,25670.0,2025-08-24 14:58:55.391589
2025-08-24,1470,2025082401012469,NABIL,ABC Securities Private Limited,Premier Securities Company Ltd.,15,513.3,7699.5,2025-08-24 14:58:55.392193
2025-08-24,1469,2025082401012470,NABIL,Sri Hari Securities Pvt. Ltd.,Premier Securities Company Ltd.,21,513.2,10777.2,2025-08-24 14:58:55.392804
2025-08-24,1377,2025082401012490,NABIL,Sani Securities Company Ltd.,Sani Securities Company Ltd.,200,513.6,102720.0,2025-08-24 14:59:02.100521
2025-08-24,1091,2025082401012531,NABIL,Sani Securities Company Ltd.,Infinity Securities Limited,200,513.6,102720.0,2025-08-24 14:59:17.364286
2025-08-24,1090,2025082401012532,NABIL,Sani Securities Company Ltd.,Ashutosh Brokerage & Securities (PVT) Ltd.,100,513.6,51360.0,2025-08-24 14:59:17.480289
2025-08-24,650,2025082401012625,NABIL,Sri Hari Securities Pvt. Ltd.,Neev Securities Pvt. Ltd.,29,513.2,14882.8,2025-08-24 14:59:35.380138
2025-08-24,649,2025082401012626,NABIL,Global IME Securities Limited,Neev Securities Pvt. Ltd.,71,513.2,36437.2,2025-08-24 14:59:35.380578
2025-08-24,606,2025082401012634,NABIL,Global IME Securities Limited,Ashutosh Brokerage & Securities (PVT) Ltd.,29,513.2,14882.8,2025-08-24 14:59:36.608470
2025-08-24,605,2025082401012635,NABIL,Malla & Malla Stock Broking Company Pvt. Limited,Ashutosh Brokerage & Securities (PVT) Ltd.,250,513.2,128300.0,2025-08-24 14:59:36.608928
2025-08-24,419,2025082401012657,NABIL,Malla & Malla Stock Broking Company Pvt. Limited,Online Securities Pvt. Ltd.,10,513.2,5132.0,2025-08-24 14:59:43.118961
2025-08-24,306,2025082401012667,NABIL,Bhrikuti Stock Broking Co. Pvt. Ltd.,Online Securities Pvt. Ltd.,20,513.2,10264.0,2025-08-24 14:59:47.172851
2025-08-24,268,2025082401012683,NABIL,Linch Stock Market Ltd.,Online Securities Pvt. Ltd.,20,513.2,10264.0,2025-08-24 14:59:49.075562
