Date,S.N.,Contract ID,Symbol,Buyer Broker,Seller Broker,volume,rate,amount,transaction_time
2025-08-24,57534,2025082405000374,NIFRA,Secured Securities Ltd.,South Asian Bulls Pvt. Ltd.,250,283.9,70975.0,2025-08-24 11:04:10.503091
2025-08-24,57449,2025082405000433,NIFRA,Secured Securities Ltd.,Sani Securities Company Ltd.,250,283.9,70975.0,2025-08-24 11:04:42.996459
2025-08-24,56896,2025082405000735,NIFRA,Sundhara Securities Limited,Nepal Stock House (PVT) Ltd.,20,281.0,5620.0,2025-08-24 11:08:40.243508
2025-08-24,56879,2025082405000749,NIFRA,Indira securities pvt. ltd,Nepal Stock House (PVT) Ltd.,34,281.0,9554.0,2025-08-24 11:08:43.108555
2025-08-24,56878,2025082405000750,NIFRA,Indira securities pvt. ltd,Naasa Securities Co. Ltd.,54,282.0,15228.0,2025-08-24 11:08:43.108714
2025-08-24,56761,2025082405000792,NIFRA,Indira securities pvt. ltd,Primo Securities (PVT) Ltd.,81,281.0,22761.0,2025-08-24 11:09:30.254916
2025-08-24,56407,2025082405000969,NIFRA,Dynamic Money Managers Securities Pvt. Ltd.,Naasa Securities Co. Ltd.,10,281.1,2811.0,2025-08-24 11:11:38.673588
2025-08-24,56386,2025082405000980,NIFRA,Dynamic Money Managers Securities Pvt. Ltd.,Online Securities Pvt. Ltd.,10,281.1,2811.0,2025-08-24 11:11:45.094458
2025-08-24,56288,2025082405001026,NIFRA,Dynamic Money Managers Securities Pvt. Ltd.,Sri Hari Securities Pvt. Ltd.,30,281.1,8433.0,2025-08-24 11:12:18.542112
2025-08-24,56287,2025082405001027,NIFRA,Indira securities pvt. ltd,Sri Hari Securities Pvt. Ltd.,24,281.0,6744.0,2025-08-24 11:12:18.542438
2025-08-24,56194,2025082405001071,NIFRA,J.F. Securites (PVT) Ltd.,Premier Securities Company Ltd.,10,282.0,2820.0,2025-08-24 11:12:53.527409
2025-08-24,56193,2025082405001072,NIFRA,J.F. Securites (PVT) Ltd.,Aryatara Investment & Securities,54,282.0,15228.0,2025-08-24 11:12:53.527696
2025-08-24,56076,2025082405001135,NIFRA,Indira securities pvt. ltd,Property Wiard Limited,54,281.0,15174.0,2025-08-24 11:13:17.780627
2025-08-24,55916,2025082405001222,NIFRA,Dipshikha Dhitopatra Karobar Co. Pvt Ltd.,Sani Securities Company Ltd.,54,281.1,15179.4,2025-08-24 11:13:50.800907
2025-08-24,55788,2025082405001288,NIFRA,Dynamic Money Managers Securities Pvt. Ltd.,Sani Securities Company Ltd.,90,281.3,25317.0,2025-08-24 11:14:32.177186
2025-08-24,55787,2025082405001289,NIFRA,Capital Hub P. Ltd,Sani Securities Company Ltd.,500,281.2,140600.0,2025-08-24 11:14:32.177387
2025-08-24,55786,2025082405001290,NIFRA,Dipshikha Dhitopatra Karobar Co. Pvt Ltd.,Sani Securities Company Ltd.,146,281.1,41040.6,2025-08-24 11:14:32.177483
2025-08-24,55785,2025082405001291,NIFRA,Indira securities pvt. ltd,Sani Securities Company Ltd.,654,281.0,183774.0,2025-08-24 11:14:32.177551
2025-08-24,55676,2025082405001359,NIFRA,S.P.S.A. Securities Limited,Kohinoor Investment & Securities Pvt. Ltd.,10,282.9,2829.0,2025-08-24 11:14:48.160516
2025-08-24,55638,2025082405001374,NIFRA,Dipshikha Dhitopatra Karobar Co. Pvt Ltd.,K.B.L. Securities Limited ,18,281.2,5061.6,2025-08-24 11:15:01.891296
2025-08-24,55558,2025082405001397,NIFRA,Indira securities pvt. ltd,Naasa Securities Co. Ltd.,99,281.0,27819.0,2025-08-24 11:15:25.680918
2025-08-24,55511,2025082405001407,NIFRA,Sani Securities Company Ltd.,Linch Stock Market Ltd.,54,281.0,15174.0,2025-08-24 11:15:38.050086
2025-08-24,55510,2025082405001408,NIFRA,Opal Securities Investment (PVT) Ltd.,Linch Stock Market Ltd.,50,281.0,14050.0,2025-08-24 11:15:38.050257
2025-08-24,55509,2025082405001409,NIFRA,Naasa Securities Co. Ltd.,Linch Stock Market Ltd.,396,281.0,111276.0,2025-08-24 11:15:38.050337
2025-08-24,55434,2025082405001430,NIFRA,Vision Securities Pvt. Ltd,Dipshikha Dhitopatra Karobar Co. Pvt Ltd.,4,275.4,1101.6,2025-08-24 11:15:57.509925
2025-08-24,55405,2025082405001446,NIFRA,Imperial Securities Company Pvt. Ltd.,Ashutosh Brokerage & Securities (PVT) Ltd.,54,281.1,15179.4,2025-08-24 11:16:05.534614
2025-08-24,55361,2025082405001465,NIFRA,Imperial Securities Company Pvt. Ltd.,Imperial Securities Company Pvt. Ltd.,296,281.1,83205.6,2025-08-24 11:16:18.298749
2025-08-24,55360,2025082405001466,NIFRA,Naasa Securities Co. Ltd.,Imperial Securities Company Pvt. Ltd.,204,281.0,57324.0,2025-08-24 11:16:18.298920
2025-08-24,55357,2025082405001468,NIFRA,Naasa Securities Co. Ltd.,Naasa Securities Co. Ltd.,42,281.0,11802.0,2025-08-24 11:16:19.897335
2025-08-24,55249,2025082405001516,NIFRA,Naasa Securities Co. Ltd.,Naasa Securities Co. Ltd.,108,281.0,30348.0,2025-08-24 11:16:54.052115
2025-08-24,55166,2025082405001573,NIFRA,Vision Securities Pvt. Ltd,K.B.L. Securities Limited ,36,281.2,10123.2,2025-08-24 11:17:09.132840
2025-08-24,55165,2025082405001574,NIFRA,Vision Securities Pvt. Ltd,Kohinoor Investment & Securities Pvt. Ltd.,54,282.9,15276.6,2025-08-24 11:17:09.133003
2025-08-24,55164,2025082405001575,NIFRA,Vision Securities Pvt. Ltd,Dipshikha Dhitopatra Karobar Co. Pvt Ltd.,64,282.9,18105.6,2025-08-24 11:17:09.133073
2025-08-24,55163,2025082405001576,NIFRA,Vision Securities Pvt. Ltd,Naasa Securities Co. Ltd.,54,282.9,15276.6,2025-08-24 11:17:09.133136
2025-08-24,55162,2025082405001577,NIFRA,Vision Securities Pvt. Ltd,Asian Securities Private Ltd.,54,283.0,15282.0,2025-08-24 11:17:09.133203
2025-08-24,55161,2025082405001578,NIFRA,Vision Securities Pvt. Ltd,Online Securities Pvt. Ltd.,54,283.0,15282.0,2025-08-24 11:17:09.133267
2025-08-24,55160,2025082405001579,NIFRA,Vision Securities Pvt. Ltd,Himalayan Brokerage Company Limited,44,283.0,12452.0,2025-08-24 11:17:09.133342
2025-08-24,55159,2025082405001580,NIFRA,Vision Securities Pvt. Ltd,Naasa Securities Co. Ltd.,64,283.0,18112.0,2025-08-24 11:17:09.133403
2025-08-24,55158,2025082405001581,NIFRA,Vision Securities Pvt. Ltd,Imperial Securities Company Pvt. Ltd.,64,283.0,18112.0,2025-08-24 11:17:09.133465
2025-08-24,55157,2025082405001582,NIFRA,Vision Securities Pvt. Ltd,BHOLE GANESH SECURITIES LTD,12,283.0,3396.0,2025-08-24 11:17:09.133527
2025-08-24,54939,2025082405001692,NIFRA,Sumeru Securities Pvt. Ltd.,Trishakti Securities Public Limited,54,281.0,15174.0,2025-08-24 11:18:08.424428
2025-08-24,54790,2025082405001760,NIFRA,Sumeru Securities Pvt. Ltd.,Malla & Malla Stock Broking Company Pvt. Limited,246,281.0,69126.0,2025-08-24 11:18:59.088050
2025-08-24,54789,2025082405001761,NIFRA,Naasa Securities Co. Ltd.,Malla & Malla Stock Broking Company Pvt. Limited,200,280.5,56100.0,2025-08-24 11:18:59.088244
2025-08-24,54788,2025082405001762,NIFRA,Vision Securities Pvt. Ltd,Malla & Malla Stock Broking Company Pvt. Limited,54,280.5,15147.0,2025-08-24 11:18:59.088337
2025-08-24,54726,2025082405001790,NIFRA,Vision Securities Pvt. Ltd,Siprabi Securities Pvt. Ltd.,54,280.5,15147.0,2025-08-24 11:19:16.888135
2025-08-24,54697,2025082405001799,NIFRA,Vision Securities Pvt. Ltd,Malla & Malla Stock Broking Company Pvt. Limited,92,280.5,25806.0,2025-08-24 11:19:28.240718
2025-08-24,54696,2025082405001800,NIFRA,Investment Management Nepal Pvt. Ltd.,Malla & Malla Stock Broking Company Pvt. Limited,108,280.3,30272.4,2025-08-24 11:19:28.241044
2025-08-24,54615,2025082405001829,NIFRA,Investment Management Nepal Pvt. Ltd.,Malla & Malla Stock Broking Company Pvt. Limited,50,280.3,14015.0,2025-08-24 11:19:57.341665
2025-08-24,54573,2025082405001854,NIFRA,Investment Management Nepal Pvt. Ltd.,Citizens Share Broker Limited,64,280.3,17939.2,2025-08-24 11:20:10.590880
2025-08-24,54467,2025082405001915,NIFRA,Premier Securities Company Ltd.,Midas Stock Broking Company Private Limited,50,280.5,14025.0,2025-08-24 11:20:45.130536
2025-08-24,54466,2025082405001916,NIFRA,Investment Management Nepal Pvt. Ltd.,Midas Stock Broking Company Private Limited,14,280.3,3924.2,2025-08-24 11:20:45.130867
2025-08-24,54374,2025082405001957,NIFRA,Investment Management Nepal Pvt. Ltd.,Cristal Kanchanjanga Securites Pvt. Ltd.,1264,280.3,354299.2,2025-08-24 11:21:16.591330
2025-08-24,54373,2025082405001958,NIFRA,Investment Management Nepal Pvt. Ltd.,Cristal Kanchanjanga Securites Pvt. Ltd.,1500,280.1,420150.0,2025-08-24 11:21:16.591535
2025-08-24,54372,2025082405001959,NIFRA,Trisul Securities & Invt. Ltd.,Cristal Kanchanjanga Securites Pvt. Ltd.,50,280.1,14005.0,2025-08-24 11:21:16.591607
2025-08-24,54371,2025082405001960,NIFRA,Agrawal Securities (PVT) Ltd.,Cristal Kanchanjanga Securites Pvt. Ltd.,1000,280.0,280000.0,2025-08-24 11:21:16.591729
2025-08-24,54370,2025082405001961,NIFRA,Online Securities Pvt. Ltd.,Cristal Kanchanjanga Securites Pvt. Ltd.,50,280.0,14000.0,2025-08-24 11:21:16.591799
2025-08-24,54369,2025082405001962,NIFRA,Imperial Securities Company Pvt. Ltd.,Cristal Kanchanjanga Securites Pvt. Ltd.,50,280.0,14000.0,2025-08-24 11:21:16.591865
2025-08-24,54368,2025082405001963,NIFRA,Sweta Securities Private Limited,Cristal Kanchanjanga Securites Pvt. Ltd.,200,280.0,56000.0,2025-08-24 11:21:16.591930
2025-08-24,54367,2025082405001964,NIFRA,Naasa Securities Co. Ltd.,Cristal Kanchanjanga Securites Pvt. Ltd.,1000,280.0,280000.0,2025-08-24 11:21:16.591996
2025-08-24,54366,2025082405001965,NIFRA,Siprabi Securities Pvt. Ltd.,Cristal Kanchanjanga Securites Pvt. Ltd.,50,280.0,14000.0,2025-08-24 11:21:16.592061
2025-08-24,54365,2025082405001966,NIFRA,Naasa Securities Co. Ltd.,Cristal Kanchanjanga Securites Pvt. Ltd.,62,280.0,17360.0,2025-08-24 11:21:16.592125
2025-08-24,54364,2025082405001967,NIFRA,Aryatara Investment & Securities,Cristal Kanchanjanga Securites Pvt. Ltd.,300,280.0,84000.0,2025-08-24 11:21:16.592196
2025-08-24,54363,2025082405001968,NIFRA,Kumari Securities Private Limited,Cristal Kanchanjanga Securites Pvt. Ltd.,474,280.0,132720.0,2025-08-24 11:21:16.592289
2025-08-24,54277,2025082405002000,NIFRA,Kumari Securities Private Limited,Cristal Kanchanjanga Securites Pvt. Ltd.,526,280.0,147280.0,2025-08-24 11:21:47.716177
2025-08-24,54276,2025082405002001,NIFRA,Indira securities pvt. ltd,Cristal Kanchanjanga Securites Pvt. Ltd.,700,280.0,196000.0,2025-08-24 11:21:47.716495
2025-08-24,54055,2025082405002090,NIFRA,Aryatara Investment & Securities,Trademow Securities Private Limited,260,279.29,72615.4,2025-08-24 11:22:53.904999
2025-08-24,53989,2025082405002118,NIFRA,Aryatara Investment & Securities,Arun Securities (PVT) Ltd.,54,279.29,15081.66,2025-08-24 11:23:15.278581
2025-08-24,53931,2025082405002145,NIFRA,Aryatara Investment & Securities,Sri Hari Securities Pvt. Ltd.,54,279.29,15081.66,2025-08-24 11:23:30.709414
2025-08-24,53719,2025082405002242,NIFRA,Aryatara Investment & Securities,Cristal Kanchanjanga Securites Pvt. Ltd.,100,279.5,27950.0,2025-08-24 11:24:51.343546
2025-08-24,53718,2025082405002243,NIFRA,Aryatara Investment & Securities,Cristal Kanchanjanga Securites Pvt. Ltd.,574,279.29,160312.46,2025-08-24 11:24:51.343796
2025-08-24,53292,2025082405002439,NIFRA,Deevyaa Securities & Stock House Pvt. Ltd,Himalayan Brokerage Company Limited,10,280.0,2800.0,2025-08-24 11:26:49.883827
2025-08-24,53291,2025082405002440,NIFRA,Deevyaa Securities & Stock House Pvt. Ltd,Imperial Securities Company Pvt. Ltd.,90,280.0,25200.0,2025-08-24 11:26:49.884072
2025-08-24,53207,2025082405002472,NIFRA,ABC Securities Private Limited,Imperial Securities Company Pvt. Ltd.,100,280.0,28000.0,2025-08-24 11:27:05.528747
2025-08-24,53111,2025082405002505,NIFRA,Imperial Securities Company Pvt. Ltd.,Pragyan Securities (PVT) Ltd.,50,279.4,13970.0,2025-08-24 11:27:32.994457
2025-08-24,53110,2025082405002506,NIFRA,Sri Hari Securities Pvt. Ltd.,Pragyan Securities (PVT) Ltd.,518,279.3,144677.4,2025-08-24 11:27:32.994847
2025-08-24,53078,2025082405002516,NIFRA,Sri Hari Securities Pvt. Ltd.,Arun Securities (PVT) Ltd.,54,279.3,15082.2,2025-08-24 11:27:42.464518
2025-08-24,52966,2025082405002575,NIFRA,Agrawal Securities (PVT) Ltd.,Deevyaa Securities & Stock House Pvt. Ltd,54,279.4,15087.6,2025-08-24 11:28:22.204563
2025-08-24,52670,2025082405002734,NIFRA,Sri Hari Securities Pvt. Ltd.,Midas Stock Broking Company Private Limited,64,279.6,17894.4,2025-08-24 11:29:36.584335
2025-08-24,52566,2025082405002783,NIFRA,Sri Hari Securities Pvt. Ltd.,Aryatara Investment & Securities,10,279.6,2796.0,2025-08-24 11:30:04.287185
2025-08-24,52553,2025082405002789,NIFRA,Sri Hari Securities Pvt. Ltd.,Imperial Securities Company Pvt. Ltd.,64,279.6,17894.4,2025-08-24 11:30:07.412726
2025-08-24,52526,2025082405002805,NIFRA,Naasa Securities Co. Ltd.,Imperial Securities Company Pvt. Ltd.,310,280.0,86800.0,2025-08-24 11:30:15.681647
2025-08-24,52525,2025082405002806,NIFRA,Naasa Securities Co. Ltd.,Sani Securities Company Ltd.,54,280.0,15120.0,2025-08-24 11:30:15.681844
2025-08-24,52524,2025082405002807,NIFRA,Naasa Securities Co. Ltd.,Sani Securities Company Ltd.,64,280.0,17920.0,2025-08-24 11:30:15.681930
2025-08-24,52523,2025082405002808,NIFRA,Naasa Securities Co. Ltd.,Naasa Securities Co. Ltd.,72,280.0,20160.0,2025-08-24 11:30:15.682014
2025-08-24,52301,2025082405002904,NIFRA,Dipshikha Dhitopatra Karobar Co. Pvt Ltd.,Naasa Securities Co. Ltd.,200,280.0,56000.0,2025-08-24 11:31:20.825709
2025-08-24,52272,2025082405002917,NIFRA,Naasa Securities Co. Ltd.,Naasa Securities Co. Ltd.,11,280.0,3080.0,2025-08-24 11:31:34.526692
2025-08-24,52247,2025082405002929,NIFRA,Online Securities Pvt. Ltd.,Naasa Securities Co. Ltd.,10,280.0,2800.0,2025-08-24 11:31:41.064427
2025-08-24,52080,2025082405003002,NIFRA,Sri Hari Securities Pvt. Ltd.,Asian Securities Private Ltd.,62,279.6,17335.2,2025-08-24 11:32:33.870913
2025-08-24,52079,2025082405003003,NIFRA,Capital Max Securities Ltd,Asian Securities Private Ltd.,38,279.6,10624.8,2025-08-24 11:32:33.871256
2025-08-24,52062,2025082405003011,NIFRA,Dipshikha Dhitopatra Karobar Co. Pvt Ltd.,Naasa Securities Co. Ltd.,20,280.0,5600.0,2025-08-24 11:32:40.433573
2025-08-24,52035,2025082405003022,NIFRA,Capital Max Securities Ltd,Naasa Securities Co. Ltd.,64,279.6,17894.4,2025-08-24 11:32:50.384379
2025-08-24,52034,2025082405003023,NIFRA,Linch Stock Market Ltd.,Naasa Securities Co. Ltd.,1000,280.0,280000.0,2025-08-24 11:32:52.418026
2025-08-24,52011,2025082405003029,NIFRA,Arun Securities (PVT) Ltd.,Naasa Securities Co. Ltd.,687,280.0,192360.0,2025-08-24 11:32:58.311705
2025-08-24,52010,2025082405003030,NIFRA,Arun Securities (PVT) Ltd.,ABC Securities Private Limited,64,280.0,17920.0,2025-08-24 11:32:58.311971
2025-08-24,52009,2025082405003031,NIFRA,Arun Securities (PVT) Ltd.,Sundhara Securities Limited,64,280.0,17920.0,2025-08-24 11:32:58.312069
2025-08-24,52008,2025082405003032,NIFRA,Arun Securities (PVT) Ltd.,Aryatara Investment & Securities,185,280.0,51800.0,2025-08-24 11:32:58.312166
2025-08-24,51930,2025082405003066,NIFRA,Sumeru Securities Pvt. Ltd.,Aryatara Investment & Securities,10,280.0,2800.0,2025-08-24 11:33:15.312762
2025-08-24,51912,2025082405003078,NIFRA,Capital Max Securities Ltd,Sani Securities Company Ltd.,98,279.6,27400.8,2025-08-24 11:33:23.616287
2025-08-24,51858,2025082405003108,NIFRA,Online Securities Pvt. Ltd.,South Asian Bulls Pvt. Ltd.,100,280.0,28000.0,2025-08-24 11:33:39.918582
2025-08-24,51831,2025082405003126,NIFRA,Capital Max Securities Ltd,Property Wiard Limited,54,279.6,15098.4,2025-08-24 11:33:48.519754
2025-08-24,51496,2025082405003260,NIFRA,Dipshikha Dhitopatra Karobar Co. Pvt Ltd.,South Asian Bulls Pvt. Ltd.,210,280.0,58800.0,2025-08-24 11:35:53.714800
2025-08-24,51495,2025082405003261,NIFRA,Dipshikha Dhitopatra Karobar Co. Pvt Ltd.,Neev Securities Pvt. Ltd.,54,280.0,15120.0,2025-08-24 11:35:53.715036
2025-08-24,51494,2025082405003262,NIFRA,Dipshikha Dhitopatra Karobar Co. Pvt Ltd.,Nepal Investment And Securities Trading Private Limited,36,280.0,10080.0,2025-08-24 11:35:53.715193
2025-08-24,51296,2025082405003342,NIFRA,Sani Securities Company Ltd.,Midas Stock Broking Company Private Limited,54,279.7,15103.8,2025-08-24 11:36:45.376830
2025-08-24,51128,2025082405003429,NIFRA,Vision Securities Pvt. Ltd,Imperial Securities Company Pvt. Ltd.,4,279.1,1116.4,2025-08-24 11:37:36.889133
2025-08-24,51127,2025082405003430,NIFRA,Oxford Securities Pvt. Ltd.,Nepal Investment And Securities Trading Private Limited,28,280.0,7840.0,2025-08-24 11:37:37.141204
2025-08-24,51126,2025082405003431,NIFRA,Oxford Securities Pvt. Ltd.,Aakashbhairab Securities Ltd.,472,280.0,132160.0,2025-08-24 11:37:37.141474
2025-08-24,51093,2025082405003450,NIFRA,South Asian Bulls Pvt. Ltd.,Kumari Securities Private Limited,30,279.8,8394.0,2025-08-24 11:37:55.166437
2025-08-24,51067,2025082405003463,NIFRA,Vision Securities Pvt. Ltd,Vision Securities Pvt. Ltd,4,279.6,1118.4,2025-08-24 11:38:06.155415
2025-08-24,51060,2025082405003466,NIFRA,Nepal Stock House (PVT) Ltd.,Aakashbhairab Securities Ltd.,500,280.0,140000.0,2025-08-24 11:38:11.451508
2025-08-24,51044,2025082405003473,NIFRA,South Asian Bulls Pvt. Ltd.,Aakashbhairab Securities Ltd.,28,280.0,7840.0,2025-08-24 11:38:17.098776
2025-08-24,51043,2025082405003474,NIFRA,South Asian Bulls Pvt. Ltd.,Linch Stock Market Ltd.,442,280.0,123760.0,2025-08-24 11:38:17.099246
2025-08-24,50977,2025082405003490,NIFRA,Vision Securities Pvt. Ltd,Dipshikha Dhitopatra Karobar Co. Pvt Ltd.,32,279.8,8953.6,2025-08-24 11:38:37.600307
2025-08-24,50946,2025082405003502,NIFRA,Oxford Securities Pvt. Ltd.,Secured Securities Ltd.,54,279.9,15114.6,2025-08-24 11:38:47.505236
2025-08-24,50945,2025082405003503,NIFRA,Oxford Securities Pvt. Ltd.,Linch Stock Market Ltd.,58,280.0,16240.0,2025-08-24 11:38:47.505491
2025-08-24,50944,2025082405003504,NIFRA,Oxford Securities Pvt. Ltd.,J.F. Securites (PVT) Ltd.,88,280.0,24640.0,2025-08-24 11:38:47.505597
2025-08-24,50935,2025082405003507,NIFRA,Vision Securities Pvt. Ltd,Sani Securities Company Ltd.,2,279.6,559.2,2025-08-24 11:38:51.371271
2025-08-24,50897,2025082405003523,NIFRA,Cristal Kanchanjanga Securites Pvt. Ltd.,Sundhara Securities Limited,4,275.4,1101.6,2025-08-24 11:39:08.151564
2025-08-24,50704,2025082405003583,NIFRA,Vision Securities Pvt. Ltd,Kumari Securities Private Limited,64,279.8,17907.2,2025-08-24 11:40:10.854844
2025-08-24,50613,2025082405003629,NIFRA,Sani Securities Company Ltd.,Naasa Securities Co. Ltd.,54,279.7,15103.8,2025-08-24 11:40:34.399364
2025-08-24,50263,2025082405003750,NIFRA,Vision Securities Pvt. Ltd,Naasa Securities Co. Ltd.,4,279.8,1119.2,2025-08-24 11:42:11.137961
2025-08-24,50139,2025082405003786,NIFRA,Oxford Securities Pvt. Ltd.,Kohinoor Investment & Securities Pvt. Ltd.,30,279.8,8394.0,2025-08-24 11:42:46.333078
2025-08-24,50049,2025082405003823,NIFRA,Oxford Securities Pvt. Ltd.,Agrawal Securities (PVT) Ltd.,64,279.8,17907.2,2025-08-24 11:43:15.019474
2025-08-24,49946,2025082405003865,NIFRA,Imperial Securities Company Pvt. Ltd.,J.F. Securites (PVT) Ltd.,20,279.8,5596.0,2025-08-24 11:43:45.007230
2025-08-24,49945,2025082405003866,NIFRA,Thrive Brokerage House Pvt. Ltd,J.F. Securites (PVT) Ltd.,30,279.7,8391.0,2025-08-24 11:43:45.007736
2025-08-24,49944,2025082405003867,NIFRA,Capital Max Securities Ltd,J.F. Securites (PVT) Ltd.,146,279.6,40821.6,2025-08-24 11:43:45.008057
2025-08-24,49943,2025082405003868,NIFRA,Sri Hari Securities Pvt. Ltd.,J.F. Securites (PVT) Ltd.,16,279.6,4473.6,2025-08-24 11:43:45.008388
2025-08-24,49728,2025082405003938,NIFRA,Oxford Securities Pvt. Ltd.,Arun Securities (PVT) Ltd.,24,279.7,6712.8,2025-08-24 11:44:45.035396
2025-08-24,49520,2025082405004023,NIFRA,Sri Hari Securities Pvt. Ltd.,Imperial Securities Company Pvt. Ltd.,64,279.6,17894.4,2025-08-24 11:46:06.326721
2025-08-24,49428,2025082405004056,NIFRA,Sri Hari Securities Pvt. Ltd.,Cristal Kanchanjanga Securites Pvt. Ltd.,120,279.6,33552.0,2025-08-24 11:46:32.734719
2025-08-24,49427,2025082405004057,NIFRA,Sri Hari Securities Pvt. Ltd.,Cristal Kanchanjanga Securites Pvt. Ltd.,80,279.6,22368.0,2025-08-24 11:46:32.735296
2025-08-24,49174,2025082405004141,NIFRA,Sri Hari Securities Pvt. Ltd.,Arun Securities (PVT) Ltd.,24,279.6,6710.4,2025-08-24 11:47:45.277648
2025-08-24,49152,2025082405004144,NIFRA,Sri Hari Securities Pvt. Ltd.,Kalika Securities Pvt. Ltd.,50,279.6,13980.0,2025-08-24 11:47:47.964630
2025-08-24,49049,2025082405004192,NIFRA,Sri Hari Securities Pvt. Ltd.,Imperial Securities Company Pvt. Ltd.,46,279.6,12861.6,2025-08-24 11:48:29.423535
2025-08-24,48969,2025082405004215,NIFRA,Sri Hari Securities Pvt. Ltd.,Nepal Investment And Securities Trading Private Limited,54,279.6,15098.4,2025-08-24 11:48:49.152162
2025-08-24,48925,2025082405004239,NIFRA,Sri Hari Securities Pvt. Ltd.,Agrawal Securities (PVT) Ltd.,54,279.6,15098.4,2025-08-24 11:48:56.303614
2025-08-24,48792,2025082405004314,NIFRA,Sri Hari Securities Pvt. Ltd.,Sweta Securities Private Limited,54,279.6,15098.4,2025-08-24 11:49:22.543029
2025-08-24,48632,2025082405004364,NIFRA,Sri Hari Securities Pvt. Ltd.,Imperial Securities Company Pvt. Ltd.,38,279.6,10624.8,2025-08-24 11:50:14.965546
2025-08-24,48631,2025082405004365,NIFRA,Capital Max Securities Ltd,Imperial Securities Company Pvt. Ltd.,16,279.6,4473.6,2025-08-24 11:50:14.965859
2025-08-24,48463,2025082405004445,NIFRA,Capital Max Securities Ltd,Linch Stock Market Ltd.,54,279.6,15098.4,2025-08-24 11:51:03.656453
2025-08-24,48444,2025082405004449,NIFRA,Thrive Brokerage House Pvt. Ltd,Online Securities Pvt. Ltd.,44,280.0,12320.0,2025-08-24 11:51:12.362633
2025-08-24,48443,2025082405004450,NIFRA,Thrive Brokerage House Pvt. Ltd,Linch Stock Market Ltd.,14,280.0,3920.0,2025-08-24 11:51:12.362915
2025-08-24,48442,2025082405004451,NIFRA,Thrive Brokerage House Pvt. Ltd,Linch Stock Market Ltd.,142,280.0,39760.0,2025-08-24 11:51:12.363041
2025-08-24,48076,2025082405004605,NIFRA,Kohinoor Investment & Securities Pvt. Ltd.,Linch Stock Market Ltd.,250,280.0,70000.0,2025-08-24 11:52:44.327344
2025-08-24,47752,2025082405004695,NIFRA,Naasa Securities Co. Ltd.,Imperial Securities Company Pvt. Ltd.,10,279.8,2798.0,2025-08-24 11:54:14.021359
2025-08-24,47751,2025082405004696,NIFRA,Naasa Securities Co. Ltd.,Linch Stock Market Ltd.,108,280.0,30240.0,2025-08-24 11:54:14.021674
2025-08-24,47750,2025082405004697,NIFRA,Naasa Securities Co. Ltd.,Kalika Securities Pvt. Ltd.,54,280.0,15120.0,2025-08-24 11:54:14.021828
2025-08-24,47749,2025082405004698,NIFRA,Naasa Securities Co. Ltd.,Sumeru Securities Pvt. Ltd.,828,280.0,231840.0,2025-08-24 11:54:14.021953
2025-08-24,47701,2025082405004710,NIFRA,Capital Max Securities Ltd,Kohinoor Investment & Securities Pvt. Ltd.,30,279.6,8388.0,2025-08-24 11:54:25.847241
2025-08-24,47618,2025082405004737,NIFRA,Sri Hari Securities Pvt. Ltd.,Siprabi Securities Pvt. Ltd.,20,279.6,5592.0,2025-08-24 11:55:02.431524
2025-08-24,47555,2025082405004779,NIFRA,Sri Hari Securities Pvt. Ltd.,Imperial Securities Company Pvt. Ltd.,64,279.6,17894.4,2025-08-24 11:55:10.729832
2025-08-24,47252,2025082405004914,NIFRA,Vision Securities Pvt. Ltd,Vision Securities Pvt. Ltd,40,279.7,11188.0,2025-08-24 11:56:50.525197
2025-08-24,47125,2025082405004955,NIFRA,Vision Securities Pvt. Ltd,Online Securities Pvt. Ltd.,54,279.7,15103.8,2025-08-24 11:57:16.804666
2025-08-24,47074,2025082405004973,NIFRA,Kohinoor Investment & Securities Pvt. Ltd.,Sewa Securities Pvt. Ltd.,64,279.9,17913.6,2025-08-24 11:57:38.740998
2025-08-24,47054,2025082405004985,NIFRA,Vision Securities Pvt. Ltd,Aryatara Investment & Securities,54,279.7,15103.8,2025-08-24 11:57:47.187453
2025-08-24,46930,2025082405005030,NIFRA,Vision Securities Pvt. Ltd,Dipshikha Dhitopatra Karobar Co. Pvt Ltd.,110,279.7,30767.0,2025-08-24 11:58:40.504004
2025-08-24,46400,2025082405005220,NIFRA,Vision Securities Pvt. Ltd,Naasa Securities Co. Ltd.,42,279.7,11747.4,2025-08-24 12:02:00.058468
2025-08-24,46399,2025082405005221,NIFRA,Sri Hari Securities Pvt. Ltd.,Naasa Securities Co. Ltd.,66,279.6,18453.6,2025-08-24 12:02:00.059156
2025-08-24,46398,2025082405005222,NIFRA,Sharepro Securities Private Limited,Naasa Securities Co. Ltd.,100,279.6,27960.0,2025-08-24 12:02:00.059690
2025-08-24,46397,2025082405005223,NIFRA,Oxford Securities Pvt. Ltd.,Naasa Securities Co. Ltd.,32,279.6,8947.2,2025-08-24 12:02:00.060239
2025-08-24,46396,2025082405005224,NIFRA,ABC Securities Private Limited,Naasa Securities Co. Ltd.,200,279.5,55900.0,2025-08-24 12:02:00.060839
2025-08-24,46395,2025082405005225,NIFRA,Online Securities Pvt. Ltd.,Naasa Securities Co. Ltd.,180,279.5,50310.0,2025-08-24 12:02:00.061297
2025-08-24,46394,2025082405005226,NIFRA,Agrawal Securities (PVT) Ltd.,Naasa Securities Co. Ltd.,346,279.4,96672.4,2025-08-24 12:02:00.061903
2025-08-24,46393,2025082405005227,NIFRA,J.F. Securites (PVT) Ltd.,Naasa Securities Co. Ltd.,50,279.4,13970.0,2025-08-24 12:02:00.062422
2025-08-24,46392,2025082405005228,NIFRA,Sani Securities Company Ltd.,Naasa Securities Co. Ltd.,392,279.4,109524.8,2025-08-24 12:02:00.063001
2025-08-24,46391,2025082405005229,NIFRA,Sri Hari Securities Pvt. Ltd.,Naasa Securities Co. Ltd.,28,279.3,7820.4,2025-08-24 12:02:00.063512
2025-08-24,46390,2025082405005230,NIFRA,Capital Max Securities Ltd,Naasa Securities Co. Ltd.,64,279.3,17875.2,2025-08-24 12:02:00.064073
2025-08-24,46328,2025082405005267,NIFRA,Capital Max Securities Ltd,ABC Securities Private Limited,64,279.3,17875.2,2025-08-24 12:02:22.660329
2025-08-24,46178,2025082405005305,NIFRA,Imperial Securities Company Pvt. Ltd.,Naasa Securities Co. Ltd.,10,279.6,2796.0,2025-08-24 12:03:05.708295
2025-08-24,46177,2025082405005306,NIFRA,Imperial Securities Company Pvt. Ltd.,Naasa Securities Co. Ltd.,40,279.5,11180.0,2025-08-24 12:03:05.708615
2025-08-24,46109,2025082405005333,NIFRA,Agrawal Securities (PVT) Ltd.,Sumeru Securities Pvt. Ltd.,20,280.0,5600.0,2025-08-24 12:03:30.679640
2025-08-24,46064,2025082405005354,NIFRA,Market Securities & Exchange (PVT) Ltd.,Agrawal Securities (PVT) Ltd.,30,279.5,8385.0,2025-08-24 12:03:42.762613
2025-08-24,45999,2025082405005381,NIFRA,Sani Securities Company Ltd.,Linch Stock Market Ltd.,54,279.4,15087.6,2025-08-24 12:04:00.275833
2025-08-24,45971,2025082405005394,NIFRA,Sani Securities Company Ltd.,Arun Securities (PVT) Ltd.,58,279.4,16205.2,2025-08-24 12:04:11.027500
2025-08-24,45937,2025082405005415,NIFRA,Asian Securities Private Ltd.,Agrawal Securities (PVT) Ltd.,34,279.5,9503.0,2025-08-24 12:04:29.624601
2025-08-24,45864,2025082405005429,NIFRA,Asian Securities Private Ltd.,Pragyan Securities (PVT) Ltd.,20,279.5,5590.0,2025-08-24 12:04:53.844097
2025-08-24,45836,2025082405005434,NIFRA,Asian Securities Private Ltd.,Market Securities & Exchange (PVT) Ltd.,64,279.5,17888.0,2025-08-24 12:04:59.619349
2025-08-24,45735,2025082405005487,NIFRA,Naasa Securities Co. Ltd.,Sumeru Securities Pvt. Ltd.,70,280.0,19600.0,2025-08-24 12:05:25.757402
2025-08-24,45640,2025082405005538,NIFRA,Aryatara Investment & Securities,Sumeru Securities Pvt. Ltd.,82,280.0,22960.0,2025-08-24 12:06:08.094706
2025-08-24,45639,2025082405005539,NIFRA,Aryatara Investment & Securities,Nepal Investment And Securities Trading Private Limited,18,280.0,5040.0,2025-08-24 12:06:08.095041
2025-08-24,45635,2025082405005543,NIFRA,Asian Securities Private Ltd.,Neev Securities Pvt. Ltd.,64,279.5,17888.0,2025-08-24 12:06:09.881401
2025-08-24,45389,2025082405005621,NIFRA,Asian Securities Private Ltd.,Kohinoor Investment & Securities Pvt. Ltd.,18,279.5,5031.0,2025-08-24 12:07:36.560734
2025-08-24,45388,2025082405005622,NIFRA,Kohinoor Investment & Securities Pvt. Ltd.,Kohinoor Investment & Securities Pvt. Ltd.,36,279.5,10062.0,2025-08-24 12:07:36.561082
2025-08-24,44860,2025082405005796,NIFRA,Oxford Securities Pvt. Ltd.,Nepal Stock House (PVT) Ltd.,10,279.7,2797.0,2025-08-24 12:11:16.530754
2025-08-24,44859,2025082405005797,NIFRA,ABC Securities Private Limited,Nepal Stock House (PVT) Ltd.,25,279.6,6990.0,2025-08-24 12:11:16.530820
2025-08-24,44858,2025082405005798,NIFRA,Naasa Securities Co. Ltd.,Nepal Stock House (PVT) Ltd.,29,279.6,8108.4,2025-08-24 12:11:16.530847
2025-08-24,44749,2025082405005835,NIFRA,Naasa Securities Co. Ltd.,Aryatara Investment & Securities,43,279.6,12022.8,2025-08-24 12:11:55.307893
2025-08-24,44748,2025082405005836,NIFRA,Naasa Securities Co. Ltd.,Imperial Securities Company Pvt. Ltd.,8,279.6,2236.8,2025-08-24 12:11:55.307991
2025-08-24,44545,2025082405005931,NIFRA,Linch Stock Market Ltd.,Nepal Stock House (PVT) Ltd.,10,279.6,2796.0,2025-08-24 12:13:00.489218
2025-08-24,44366,2025082405006010,NIFRA,Aryatara Investment & Securities,J.F. Securites (PVT) Ltd.,64,279.9,17913.6,2025-08-24 12:14:01.205927
2025-08-24,44331,2025082405006023,NIFRA,Linch Stock Market Ltd.,Naasa Securities Co. Ltd.,16,279.6,4473.6,2025-08-24 12:14:12.802445
2025-08-24,44180,2025082405006085,NIFRA,ABC Securities Private Limited,Nepal Investment And Securities Trading Private Limited,46,280.0,12880.0,2025-08-24 12:15:10.400897
2025-08-24,44179,2025082405006086,NIFRA,ABC Securities Private Limited,Kalika Securities Pvt. Ltd.,16,280.0,4480.0,2025-08-24 12:15:10.401273
2025-08-24,44157,2025082405006096,NIFRA,Linch Stock Market Ltd.,Dipshikha Dhitopatra Karobar Co. Pvt Ltd.,10,279.6,2796.0,2025-08-24 12:15:25.615442
2025-08-24,43909,2025082405006203,NIFRA,Dipshikha Dhitopatra Karobar Co. Pvt Ltd.,Agrawal Securities (PVT) Ltd.,40,279.6,11184.0,2025-08-24 12:16:28.128348
2025-08-24,43869,2025082405006215,NIFRA,Dipshikha Dhitopatra Karobar Co. Pvt Ltd.,Neev Securities Pvt. Ltd.,64,279.6,17894.4,2025-08-24 12:16:39.476146
2025-08-24,43741,2025082405006275,NIFRA,Dipshikha Dhitopatra Karobar Co. Pvt Ltd.,Linch Stock Market Ltd.,64,279.6,17894.4,2025-08-24 12:17:27.921835
2025-08-24,43732,2025082405006277,NIFRA,Dipshikha Dhitopatra Karobar Co. Pvt Ltd.,Aryatara Investment & Securities,54,279.6,15098.4,2025-08-24 12:17:32.639332
2025-08-24,43570,2025082405006344,NIFRA,Linch Stock Market Ltd.,Kalika Securities Pvt. Ltd.,184,280.0,51520.0,2025-08-24 12:18:26.151751
2025-08-24,43569,2025082405006345,NIFRA,Linch Stock Market Ltd.,Asian Securities Private Ltd.,30,280.0,8400.0,2025-08-24 12:18:26.152153
2025-08-24,43568,2025082405006346,NIFRA,Linch Stock Market Ltd.,Linch Stock Market Ltd.,500,280.0,140000.0,2025-08-24 12:18:26.152324
2025-08-24,43567,2025082405006347,NIFRA,Linch Stock Market Ltd.,Dipshikha Dhitopatra Karobar Co. Pvt Ltd.,811,280.0,227080.0,2025-08-24 12:18:26.152481
2025-08-24,43495,2025082405006378,NIFRA,Linch Stock Market Ltd.,Siprabi Securities Pvt. Ltd.,2,279.6,559.2,2025-08-24 12:18:57.378547
2025-08-24,43364,2025082405006445,NIFRA,Aryatara Investment & Securities,Dipshikha Dhitopatra Karobar Co. Pvt Ltd.,689,280.0,192920.0,2025-08-24 12:19:42.646139
2025-08-24,43363,2025082405006446,NIFRA,Aryatara Investment & Securities,Dipshikha Dhitopatra Karobar Co. Pvt Ltd.,54,280.0,15120.0,2025-08-24 12:19:42.646577
2025-08-24,43362,2025082405006447,NIFRA,Aryatara Investment & Securities,ABC Securities Private Limited,10,280.0,2800.0,2025-08-24 12:19:42.646740
2025-08-24,43361,2025082405006448,NIFRA,Aryatara Investment & Securities,Naasa Securities Co. Ltd.,20,280.0,5600.0,2025-08-24 12:19:42.646923
2025-08-24,43360,2025082405006449,NIFRA,Aryatara Investment & Securities,Premier Securities Company Ltd.,100,280.0,28000.0,2025-08-24 12:19:42.647108
2025-08-24,43359,2025082405006450,NIFRA,Aryatara Investment & Securities,Sweta Securities Private Limited,63,280.0,17640.0,2025-08-24 12:19:42.647860
2025-08-24,43298,2025082405006471,NIFRA,Nepal Investment And Securities Trading Private Limited,Nepal Investment And Securities Trading Private Limited,60,279.8,16788.0,2025-08-24 12:20:10.138802
2025-08-24,43256,2025082405006485,NIFRA,Nepal Investment And Securities Trading Private Limited,South Asian Bulls Pvt. Ltd.,10,279.8,2798.0,2025-08-24 12:20:21.116983
2025-08-24,43249,2025082405006489,NIFRA,Nepal Stock House (PVT) Ltd.,Sweta Securities Private Limited,187,280.0,52360.0,2025-08-24 12:20:22.385171
2025-08-24,43248,2025082405006490,NIFRA,Nepal Stock House (PVT) Ltd.,Kohinoor Investment & Securities Pvt. Ltd.,44,280.0,12320.0,2025-08-24 12:20:22.385943
2025-08-24,43247,2025082405006491,NIFRA,Nepal Stock House (PVT) Ltd.,Vision Securities Pvt. Ltd,54,280.0,15120.0,2025-08-24 12:20:22.386451
2025-08-24,43246,2025082405006492,NIFRA,Nepal Stock House (PVT) Ltd.,Dipshikha Dhitopatra Karobar Co. Pvt Ltd.,215,280.0,60200.0,2025-08-24 12:20:22.386938
2025-08-24,43210,2025082405006510,NIFRA,Naasa Securities Co. Ltd.,Dipshikha Dhitopatra Karobar Co. Pvt Ltd.,890,280.0,249200.0,2025-08-24 12:20:34.310265
2025-08-24,43209,2025082405006511,NIFRA,Linch Stock Market Ltd.,Dipshikha Dhitopatra Karobar Co. Pvt Ltd.,1500,280.0,420000.0,2025-08-24 12:20:34.760095
2025-08-24,43154,2025082405006543,NIFRA,Linch Stock Market Ltd.,Dipshikha Dhitopatra Karobar Co. Pvt Ltd.,1500,280.0,420000.0,2025-08-24 12:20:47.860332
2025-08-24,43117,2025082405006567,NIFRA,Sani Securities Company Ltd.,Dipshikha Dhitopatra Karobar Co. Pvt Ltd.,88,280.0,24640.0,2025-08-24 12:20:53.626732
2025-08-24,43106,2025082405006574,NIFRA,Sani Securities Company Ltd.,Dipshikha Dhitopatra Karobar Co. Pvt Ltd.,400,280.0,112000.0,2025-08-24 12:20:57.653592
2025-08-24,43048,2025082405006595,NIFRA,Nepal Investment And Securities Trading Private Limited,Imperial Securities Company Pvt. Ltd.,20,279.8,5596.0,2025-08-24 12:21:20.553741
2025-08-24,42997,2025082405006616,NIFRA,Nepal Investment And Securities Trading Private Limited,Agrawal Securities (PVT) Ltd.,10,279.8,2798.0,2025-08-24 12:21:37.358732
2025-08-24,42996,2025082405006617,NIFRA,Dipshikha Dhitopatra Karobar Co. Pvt Ltd.,Agrawal Securities (PVT) Ltd.,44,279.6,12302.4,2025-08-24 12:21:37.358802
2025-08-24,42936,2025082405006640,NIFRA,Dipshikha Dhitopatra Karobar Co. Pvt Ltd.,Trisul Securities & Invt. Ltd.,54,279.6,15098.4,2025-08-24 12:22:05.644087
2025-08-24,42910,2025082405006648,NIFRA,Dipshikha Dhitopatra Karobar Co. Pvt Ltd.,Investment Management Nepal Pvt. Ltd.,54,279.6,15098.4,2025-08-24 12:22:20.387411
2025-08-24,42838,2025082405006686,NIFRA,Dipshikha Dhitopatra Karobar Co. Pvt Ltd.,Vision Securities Pvt. Ltd,376,279.6,105129.6,2025-08-24 12:22:58.280467
2025-08-24,42837,2025082405006687,NIFRA,Sharepro Securities Private Limited,Vision Securities Pvt. Ltd,4145,279.6,1158942.0,2025-08-24 12:22:58.280853
2025-08-24,42680,2025082405006735,NIFRA,Sharepro Securities Private Limited,South Asian Bulls Pvt. Ltd.,64,279.6,17894.4,2025-08-24 12:23:42.942501
2025-08-24,42627,2025082405006759,NIFRA,Sharepro Securities Private Limited,Kalika Securities Pvt. Ltd.,15,279.6,4194.0,2025-08-24 12:24:06.588189
2025-08-24,42555,2025082405006806,NIFRA,Oxford Securities Pvt. Ltd.,Dipshikha Dhitopatra Karobar Co. Pvt Ltd.,100,280.0,28000.0,2025-08-24 12:24:22.342331
2025-08-24,42537,2025082405006808,NIFRA,Sumeru Securities Pvt. Ltd.,Dipshikha Dhitopatra Karobar Co. Pvt Ltd.,11,280.0,3080.0,2025-08-24 12:24:32.976787
2025-08-24,42409,2025082405006855,NIFRA,Sharepro Securities Private Limited,Vision Securities Pvt. Ltd,54,279.6,15098.4,2025-08-24 12:25:21.598904
2025-08-24,42394,2025082405006861,NIFRA,Online Securities Pvt. Ltd.,Dipshikha Dhitopatra Karobar Co. Pvt Ltd.,30,280.0,8400.0,2025-08-24 12:25:28.381799
2025-08-24,42272,2025082405006902,NIFRA,Sharepro Securities Private Limited,Himalayan Brokerage Company Limited,54,279.6,15098.4,2025-08-24 12:26:05.993738
2025-08-24,42267,2025082405006904,NIFRA,Sharepro Securities Private Limited,Linch Stock Market Ltd.,54,279.6,15098.4,2025-08-24 12:26:10.260853
2025-08-24,42242,2025082405006914,NIFRA,Sharepro Securities Private Limited,Linch Stock Market Ltd.,64,279.6,17894.4,2025-08-24 12:26:24.194238
2025-08-24,42190,2025082405006938,NIFRA,Sharepro Securities Private Limited,Linch Stock Market Ltd.,64,279.6,17894.4,2025-08-24 12:26:41.339083
2025-08-24,42103,2025082405006976,NIFRA,Sharepro Securities Private Limited,Agrawal Securities (PVT) Ltd.,54,279.6,15098.4,2025-08-24 12:27:16.641944
2025-08-24,41923,2025082405007043,NIFRA,Imperial Securities Company Pvt. Ltd.,Aryatara Investment & Securities,5,275.0,1375.0,2025-08-24 12:28:23.214544
2025-08-24,41902,2025082405007050,NIFRA,Sharepro Securities Private Limited,Agrawal Securities (PVT) Ltd.,54,279.6,15098.4,2025-08-24 12:28:31.089487
2025-08-24,41882,2025082405007060,NIFRA,Imperial Securities Company Pvt. Ltd.,Nepal Stock House (PVT) Ltd.,2,275.0,550.0,2025-08-24 12:28:36.337949
2025-08-24,41872,2025082405007063,NIFRA,Aryatara Investment & Securities,Dipshikha Dhitopatra Karobar Co. Pvt Ltd.,100,280.0,28000.0,2025-08-24 12:28:43.440900
2025-08-24,41859,2025082405007065,NIFRA,Imperial Securities Company Pvt. Ltd.,Citizens Share Broker Limited,4,275.0,1100.0,2025-08-24 12:28:47.416378
2025-08-24,41748,2025082405007093,NIFRA,Imperial Securities Company Pvt. Ltd.,Naasa Securities Co. Ltd.,4,276.0,1104.0,2025-08-24 12:29:32.789084
2025-08-24,41550,2025082405007182,NIFRA,Online Securities Pvt. Ltd.,Dipshikha Dhitopatra Karobar Co. Pvt Ltd.,100,280.0,28000.0,2025-08-24 12:30:43.179852
2025-08-24,41439,2025082405007233,NIFRA,Sharepro Securities Private Limited,Secured Securities Ltd.,32,279.6,8947.2,2025-08-24 12:31:21.307525
2025-08-24,41368,2025082405007265,NIFRA,Dipshikha Dhitopatra Karobar Co. Pvt Ltd.,Online Securities Pvt. Ltd.,500,279.9,139950.0,2025-08-24 12:31:55.373931
2025-08-24,41315,2025082405007284,NIFRA,Bhrikuti Stock Broking Co. Pvt. Ltd.,Dipshikha Dhitopatra Karobar Co. Pvt Ltd.,66,280.0,18480.0,2025-08-24 12:32:09.741924
2025-08-24,41314,2025082405007285,NIFRA,Bhrikuti Stock Broking Co. Pvt. Ltd.,Nepal Stock House (PVT) Ltd.,134,280.0,37520.0,2025-08-24 12:32:09.742663
2025-08-24,41241,2025082405007315,NIFRA,Dipshikha Dhitopatra Karobar Co. Pvt Ltd.,Nepal Stock House (PVT) Ltd.,38,280.0,10640.0,2025-08-24 12:32:40.603837
2025-08-24,41240,2025082405007316,NIFRA,Dipshikha Dhitopatra Karobar Co. Pvt Ltd.,Vision Securities Pvt. Ltd,54,280.0,15120.0,2025-08-24 12:32:40.604274
2025-08-24,41239,2025082405007317,NIFRA,Dipshikha Dhitopatra Karobar Co. Pvt Ltd.,Aakashbhairab Securities Ltd.,1000,280.0,280000.0,2025-08-24 12:32:40.604695
2025-08-24,41238,2025082405007318,NIFRA,Dipshikha Dhitopatra Karobar Co. Pvt Ltd.,Linch Stock Market Ltd.,500,280.0,140000.0,2025-08-24 12:32:40.605014
2025-08-24,41237,2025082405007319,NIFRA,Dipshikha Dhitopatra Karobar Co. Pvt Ltd.,Linch Stock Market Ltd.,500,280.0,140000.0,2025-08-24 12:32:40.605258
2025-08-24,41236,2025082405007320,NIFRA,Dipshikha Dhitopatra Karobar Co. Pvt Ltd.,Premier Securities Company Ltd.,54,280.0,15120.0,2025-08-24 12:32:40.605552
2025-08-24,41235,2025082405007321,NIFRA,Dipshikha Dhitopatra Karobar Co. Pvt Ltd.,Online Securities Pvt. Ltd.,54,280.0,15120.0,2025-08-24 12:32:40.605788
2025-08-24,41234,2025082405007322,NIFRA,Dipshikha Dhitopatra Karobar Co. Pvt Ltd.,Imperial Securities Company Pvt. Ltd.,32,280.0,8960.0,2025-08-24 12:32:40.606069
2025-08-24,41233,2025082405007323,NIFRA,Dipshikha Dhitopatra Karobar Co. Pvt Ltd.,Sani Securities Company Ltd.,50,280.0,14000.0,2025-08-24 12:32:40.606309
2025-08-24,41232,2025082405007324,NIFRA,Dipshikha Dhitopatra Karobar Co. Pvt Ltd.,Cristal Kanchanjanga Securites Pvt. Ltd.,600,280.0,168000.0,2025-08-24 12:32:40.606571
2025-08-24,41231,2025082405007325,NIFRA,Dipshikha Dhitopatra Karobar Co. Pvt Ltd.,Vision Securities Pvt. Ltd,54,280.0,15120.0,2025-08-24 12:32:40.606875
2025-08-24,41230,2025082405007326,NIFRA,Dipshikha Dhitopatra Karobar Co. Pvt Ltd.,Imperial Securities Company Pvt. Ltd.,50,280.0,14000.0,2025-08-24 12:32:40.607126
2025-08-24,41229,2025082405007327,NIFRA,Dipshikha Dhitopatra Karobar Co. Pvt Ltd.,Dipshikha Dhitopatra Karobar Co. Pvt Ltd.,64,280.0,17920.0,2025-08-24 12:32:40.607394
2025-08-24,41228,2025082405007328,NIFRA,Dipshikha Dhitopatra Karobar Co. Pvt Ltd.,Online Securities Pvt. Ltd.,54,280.0,15120.0,2025-08-24 12:32:40.607653
2025-08-24,41227,2025082405007329,NIFRA,Dipshikha Dhitopatra Karobar Co. Pvt Ltd.,Vision Securities Pvt. Ltd,54,280.0,15120.0,2025-08-24 12:32:40.607921
2025-08-24,41226,2025082405007330,NIFRA,Dipshikha Dhitopatra Karobar Co. Pvt Ltd.,Ashutosh Brokerage & Securities (PVT) Ltd.,50,280.0,14000.0,2025-08-24 12:32:40.608181
2025-08-24,41044,2025082405007408,NIFRA,Aryatara Investment & Securities,Vision Securities Pvt. Ltd,1000,280.0,280000.0,2025-08-24 12:33:39.730720
2025-08-24,41004,2025082405007423,NIFRA,Dipshikha Dhitopatra Karobar Co. Pvt Ltd.,Vision Securities Pvt. Ltd,1000,280.0,280000.0,2025-08-24 12:33:52.176432
2025-08-24,41003,2025082405007424,NIFRA,Dipshikha Dhitopatra Karobar Co. Pvt Ltd.,Linch Stock Market Ltd.,500,280.0,140000.0,2025-08-24 12:33:52.176790
2025-08-24,40777,2025082405007500,NIFRA,Sharepro Securities Private Limited,KALASH STOCK MARKET PVT. LTD.,346,279.6,96741.6,2025-08-24 12:34:46.243467
2025-08-24,40776,2025082405007501,NIFRA,Imperial Securities Company Pvt. Ltd.,KALASH STOCK MARKET PVT. LTD.,654,279.6,182858.4,2025-08-24 12:34:46.243828
2025-08-24,40742,2025082405007513,NIFRA,Dipshikha Dhitopatra Karobar Co. Pvt Ltd.,Thrive Brokerage House Pvt. Ltd,45,280.5,12622.5,2025-08-24 12:35:00.561895
2025-08-24,40315,2025082405007650,NIFRA,Imperial Securities Company Pvt. Ltd.,Kalika Securities Pvt. Ltd.,64,279.6,17894.4,2025-08-24 12:37:06.488876
2025-08-24,40260,2025082405007667,NIFRA,Dipshikha Dhitopatra Karobar Co. Pvt Ltd.,Premier Securities Company Ltd.,10,280.0,2800.0,2025-08-24 12:37:21.589914
2025-08-24,40259,2025082405007668,NIFRA,Dipshikha Dhitopatra Karobar Co. Pvt Ltd.,Dipshikha Dhitopatra Karobar Co. Pvt Ltd.,54,280.4,15141.6,2025-08-24 12:37:21.590294
2025-08-24,40258,2025082405007669,NIFRA,Dipshikha Dhitopatra Karobar Co. Pvt Ltd.,ABC Securities Private Limited,100,280.5,28050.0,2025-08-24 12:37:21.590472
2025-08-24,40257,2025082405007670,NIFRA,Dipshikha Dhitopatra Karobar Co. Pvt Ltd.,Kumari Securities Private Limited,400,280.9,112360.0,2025-08-24 12:37:21.590632
2025-08-24,40214,2025082405007689,NIFRA,Imperial Securities Company Pvt. Ltd.,Vision Securities Pvt. Ltd,21,279.6,5871.6,2025-08-24 12:37:33.939515
2025-08-24,40184,2025082405007702,NIFRA,Naasa Securities Co. Ltd.,Neev Securities Pvt. Ltd.,64,281.0,17984.0,2025-08-24 12:37:43.002732
2025-08-24,40183,2025082405007703,NIFRA,Naasa Securities Co. Ltd.,Sumeru Securities Pvt. Ltd.,1000,281.0,281000.0,2025-08-24 12:37:43.003138
2025-08-24,40182,2025082405007704,NIFRA,Naasa Securities Co. Ltd.,Stoxkarts Securities Limited,54,281.0,15174.0,2025-08-24 12:37:43.003302
2025-08-24,40181,2025082405007705,NIFRA,Naasa Securities Co. Ltd.,J.F. Securites (PVT) Ltd.,10,281.0,2810.0,2025-08-24 12:37:43.003521
2025-08-24,40180,2025082405007706,NIFRA,Naasa Securities Co. Ltd.,Online Securities Pvt. Ltd.,64,281.0,17984.0,2025-08-24 12:37:43.003699
2025-08-24,40179,2025082405007707,NIFRA,Naasa Securities Co. Ltd.,Kohinoor Investment & Securities Pvt. Ltd.,100,281.0,28100.0,2025-08-24 12:37:43.003867
2025-08-24,40178,2025082405007708,NIFRA,Naasa Securities Co. Ltd.,Linch Stock Market Ltd.,1000,281.0,281000.0,2025-08-24 12:37:43.004027
2025-08-24,40102,2025082405007721,NIFRA,Dipshikha Dhitopatra Karobar Co. Pvt Ltd.,Arun Securities (PVT) Ltd.,10,281.5,2815.0,2025-08-24 12:38:01.828921
2025-08-24,40101,2025082405007722,NIFRA,South Asian Bulls Pvt. Ltd.,Cristal Kanchanjanga Securites Pvt. Ltd.,4,276.0,1104.0,2025-08-24 12:38:03.091556
2025-08-24,40066,2025082405007736,NIFRA,Dipshikha Dhitopatra Karobar Co. Pvt Ltd.,Sani Securities Company Ltd.,10,281.8,2818.0,2025-08-24 12:38:12.919850
2025-08-24,39852,2025082405007809,NIFRA,Sani Securities Company Ltd.,Primo Securities (PVT) Ltd.,54,280.5,15147.0,2025-08-24 12:39:28.866587
2025-08-24,39837,2025082405007815,NIFRA,Sani Securities Company Ltd.,Dynamic Money Managers Securities Pvt. Ltd.,54,280.5,15147.0,2025-08-24 12:39:32.375329
2025-08-24,39760,2025082405007845,NIFRA,Sani Securities Company Ltd.,Imperial Securities Company Pvt. Ltd.,52,280.5,14586.0,2025-08-24 12:40:03.899925
2025-08-24,39583,2025082405007893,NIFRA,Dipshikha Dhitopatra Karobar Co. Pvt Ltd.,Nepal Investment And Securities Trading Private Limited,58,280.0,16240.0,2025-08-24 12:41:12.713278
2025-08-24,39576,2025082405007900,NIFRA,Dipshikha Dhitopatra Karobar Co. Pvt Ltd.,Online Securities Pvt. Ltd.,302,280.0,84560.0,2025-08-24 12:41:12.857655
2025-08-24,39557,2025082405007902,NIFRA,J.F. Securites (PVT) Ltd.,Vision Securities Pvt. Ltd,1,282.0,282.0,2025-08-24 12:41:17.267561
2025-08-24,39481,2025082405007928,NIFRA,ABC Securities Private Limited,Online Securities Pvt. Ltd.,700,279.7,195790.0,2025-08-24 12:41:37.048332
2025-08-24,39457,2025082405007938,NIFRA,Cristal Kanchanjanga Securites Pvt. Ltd.,Online Securities Pvt. Ltd.,4,275.0,1100.0,2025-08-24 12:41:49.756507
2025-08-24,39391,2025082405007954,NIFRA,Imperial Securities Company Pvt. Ltd.,Online Securities Pvt. Ltd.,1258,279.6,351736.8,2025-08-24 12:42:04.193933
2025-08-24,39243,2025082405008014,NIFRA,Kohinoor Investment & Securities Pvt. Ltd.,Sani Securities Company Ltd.,64,279.5,17888.0,2025-08-24 12:43:05.931427
2025-08-24,39096,2025082405008080,NIFRA,Cristal Kanchanjanga Securites Pvt. Ltd.,Linch Stock Market Ltd.,4,274.0,1096.0,2025-08-24 12:44:02.219827
2025-08-24,39081,2025082405008085,NIFRA,Sani Securities Company Ltd.,Naasa Securities Co. Ltd.,10,279.6,2796.0,2025-08-24 12:44:07.683736
2025-08-24,38975,2025082405008125,NIFRA,Cristal Kanchanjanga Securites Pvt. Ltd.,Naasa Securities Co. Ltd.,9,275.0,2475.0,2025-08-24 12:44:28.292474
2025-08-24,38701,2025082405008219,NIFRA,Cristal Kanchanjanga Securites Pvt. Ltd.,Asian Securities Private Ltd.,4,275.0,1100.0,2025-08-24 12:46:07.637528
2025-08-24,38692,2025082405008223,NIFRA,Kohinoor Investment & Securities Pvt. Ltd.,Bhrikuti Stock Broking Co. Pvt. Ltd.,100,279.5,27950.0,2025-08-24 12:46:10.378853
2025-08-24,38691,2025082405008224,NIFRA,Midas Stock Broking Company Private Limited,Bhrikuti Stock Broking Co. Pvt. Ltd.,25,279.5,6987.5,2025-08-24 12:46:10.379336
2025-08-24,38690,2025082405008225,NIFRA,Agrawal Securities (PVT) Ltd.,Bhrikuti Stock Broking Co. Pvt. Ltd.,91,279.5,25434.5,2025-08-24 12:46:10.379542
2025-08-24,38362,2025082405008321,NIFRA,Creative Securities Pvt Ltd,Sumeru Securities Pvt. Ltd.,10,280.0,2800.0,2025-08-24 12:48:06.104685
2025-08-24,38158,2025082405008397,NIFRA,Agrawal Securities (PVT) Ltd.,Dakshinkali Investment & Securities Pvt. Ltd.,109,279.5,30465.5,2025-08-24 12:49:35.439696
2025-08-24,38157,2025082405008398,NIFRA,Primo Securities (PVT) Ltd.,Dakshinkali Investment & Securities Pvt. Ltd.,50,279.5,13975.0,2025-08-24 12:49:35.440495
2025-08-24,38156,2025082405008399,NIFRA,Dipshikha Dhitopatra Karobar Co. Pvt Ltd.,Dakshinkali Investment & Securities Pvt. Ltd.,91,279.5,25434.5,2025-08-24 12:49:35.441039
2025-08-24,38140,2025082405008402,NIFRA,South Asian Bulls Pvt. Ltd.,Siprabi Securities Pvt. Ltd.,5,275.0,1375.0,2025-08-24 12:49:45.788098
2025-08-24,38080,2025082405008428,NIFRA,Cristal Kanchanjanga Securites Pvt. Ltd.,Online Securities Pvt. Ltd.,6,274.0,1644.0,2025-08-24 12:50:10.362066
2025-08-24,37972,2025082405008460,NIFRA,Dipshikha Dhitopatra Karobar Co. Pvt Ltd.,Dipshikha Dhitopatra Karobar Co. Pvt Ltd.,269,279.5,75185.5,2025-08-24 12:50:40.407611
2025-08-24,37971,2025082405008461,NIFRA,Capital Max Securities Ltd,Dipshikha Dhitopatra Karobar Co. Pvt Ltd.,72,279.3,20109.6,2025-08-24 12:50:40.408035
2025-08-24,37970,2025082405008462,NIFRA,APPLE SECURITIES PRIVATE LIMITED,Dipshikha Dhitopatra Karobar Co. Pvt Ltd.,180,279.3,50274.0,2025-08-24 12:50:40.408209
2025-08-24,37969,2025082405008463,NIFRA,Aryatara Investment & Securities,Dipshikha Dhitopatra Karobar Co. Pvt Ltd.,58,279.29,16198.82,2025-08-24 12:50:40.408409
2025-08-24,37968,2025082405008464,NIFRA,ABC Securities Private Limited,Dipshikha Dhitopatra Karobar Co. Pvt Ltd.,21,279.2,5863.2,2025-08-24 12:50:40.408623
2025-08-24,37802,2025082405008504,NIFRA,Himalayan Securities Limited,J.F. Securites (PVT) Ltd.,25,279.1,6977.5,2025-08-24 12:51:15.196665
2025-08-24,37801,2025082405008505,NIFRA,KALASH STOCK MARKET PVT. LTD.,J.F. Securites (PVT) Ltd.,29,279.1,8093.9,2025-08-24 12:51:15.196748
2025-08-24,37794,2025082405008507,NIFRA,KALASH STOCK MARKET PVT. LTD.,Dakshinkali Investment & Securities Pvt. Ltd.,971,279.1,271006.1,2025-08-24 12:51:16.958385
2025-08-24,37793,2025082405008508,NIFRA,Dipshikha Dhitopatra Karobar Co. Pvt Ltd.,Dakshinkali Investment & Securities Pvt. Ltd.,10,279.1,2791.0,2025-08-24 12:51:16.958790
2025-08-24,37792,2025082405008509,NIFRA,Naasa Securities Co. Ltd.,Dakshinkali Investment & Securities Pvt. Ltd.,17,279.0,4743.0,2025-08-24 12:51:16.958958
2025-08-24,37791,2025082405008510,NIFRA,Imperial Securities Company Pvt. Ltd.,Dakshinkali Investment & Securities Pvt. Ltd.,200,279.0,55800.0,2025-08-24 12:51:16.959131
2025-08-24,37790,2025082405008511,NIFRA,Sweta Securities Private Limited,Dakshinkali Investment & Securities Pvt. Ltd.,436,279.0,121644.0,2025-08-24 12:51:16.959291
2025-08-24,37789,2025082405008512,NIFRA,Linch Stock Market Ltd.,Dakshinkali Investment & Securities Pvt. Ltd.,100,279.0,27900.0,2025-08-24 12:51:16.959459
2025-08-24,37788,2025082405008513,NIFRA,Siprabi Securities Pvt. Ltd.,Dakshinkali Investment & Securities Pvt. Ltd.,50,279.0,13950.0,2025-08-24 12:51:16.959620
2025-08-24,37787,2025082405008514,NIFRA,ABC Securities Private Limited,Dakshinkali Investment & Securities Pvt. Ltd.,200,279.0,55800.0,2025-08-24 12:51:16.959784
2025-08-24,37786,2025082405008515,NIFRA,Deevyaa Securities & Stock House Pvt. Ltd,Dakshinkali Investment & Securities Pvt. Ltd.,70,279.0,19530.0,2025-08-24 12:51:16.959949
2025-08-24,37785,2025082405008516,NIFRA,Nepal Stock House (PVT) Ltd.,Dakshinkali Investment & Securities Pvt. Ltd.,500,279.0,139500.0,2025-08-24 12:51:16.960132
2025-08-24,37784,2025082405008517,NIFRA,Naasa Securities Co. Ltd.,Dakshinkali Investment & Securities Pvt. Ltd.,71,279.0,19809.0,2025-08-24 12:51:16.960295
2025-08-24,37783,2025082405008518,NIFRA,Sani Securities Company Ltd.,Dakshinkali Investment & Securities Pvt. Ltd.,500,279.0,139500.0,2025-08-24 12:51:16.960459
2025-08-24,37782,2025082405008519,NIFRA,Naasa Securities Co. Ltd.,Dakshinkali Investment & Securities Pvt. Ltd.,125,279.0,34875.0,2025-08-24 12:51:16.960617
2025-08-24,37781,2025082405008520,NIFRA,Malla & Malla Stock Broking Company Pvt. Limited,Dakshinkali Investment & Securities Pvt. Ltd.,120,279.0,33480.0,2025-08-24 12:51:16.960776
2025-08-24,37780,2025082405008521,NIFRA,Kohinoor Investment & Securities Pvt. Ltd.,Dakshinkali Investment & Securities Pvt. Ltd.,500,279.0,139500.0,2025-08-24 12:51:16.960934
2025-08-24,37779,2025082405008522,NIFRA,Kohinoor Investment & Securities Pvt. Ltd.,Dakshinkali Investment & Securities Pvt. Ltd.,100,279.0,27900.0,2025-08-24 12:51:16.961090
2025-08-24,37778,2025082405008523,NIFRA,Opal Securities Investment (PVT) Ltd.,Dakshinkali Investment & Securities Pvt. Ltd.,162,279.0,45198.0,2025-08-24 12:51:16.961247
2025-08-24,37777,2025082405008524,NIFRA,Capital Max Securities Ltd,Dakshinkali Investment & Securities Pvt. Ltd.,142,279.0,39618.0,2025-08-24 12:51:16.961408
2025-08-24,37776,2025082405008525,NIFRA,Dipshikha Dhitopatra Karobar Co. Pvt Ltd.,Dakshinkali Investment & Securities Pvt. Ltd.,200,279.0,55800.0,2025-08-24 12:51:16.961566
2025-08-24,37775,2025082405008526,NIFRA,ABC Securities Private Limited,Dakshinkali Investment & Securities Pvt. Ltd.,200,279.0,55800.0,2025-08-24 12:51:16.961724
2025-08-24,37774,2025082405008527,NIFRA,Imperial Securities Company Pvt. Ltd.,Dakshinkali Investment & Securities Pvt. Ltd.,50,279.0,13950.0,2025-08-24 12:51:16.961879
2025-08-24,37773,2025082405008528,NIFRA,ABC Securities Private Limited,Dakshinkali Investment & Securities Pvt. Ltd.,70,279.0,19530.0,2025-08-24 12:51:16.962034
2025-08-24,37772,2025082405008529,NIFRA,Sweta Securities Private Limited,Dakshinkali Investment & Securities Pvt. Ltd.,3000,279.0,837000.0,2025-08-24 12:51:16.962200
2025-08-24,37771,2025082405008530,NIFRA,Kohinoor Investment & Securities Pvt. Ltd.,Dakshinkali Investment & Securities Pvt. Ltd.,2206,279.0,615474.0,2025-08-24 12:51:16.962359
2025-08-24,37674,2025082405008566,NIFRA,Kohinoor Investment & Securities Pvt. Ltd.,Secured Securities Ltd.,39,279.0,10881.0,2025-08-24 12:51:41.053880
2025-08-24,37114,2025082405008788,NIFRA,Sani Securities Company Ltd.,Imperial Securities Company Pvt. Ltd.,10,279.9,2799.0,2025-08-24 12:54:04.189704
2025-08-24,37108,2025082405008791,NIFRA,Kohinoor Investment & Securities Pvt. Ltd.,Imperial Securities Company Pvt. Ltd.,30,279.9,8397.0,2025-08-24 12:54:05.900699
2025-08-24,37107,2025082405008792,NIFRA,Kohinoor Investment & Securities Pvt. Ltd.,Siprabi Securities Pvt. Ltd.,150,279.9,41985.0,2025-08-24 12:54:05.901465
2025-08-24,36989,2025082405008819,NIFRA,Kohinoor Investment & Securities Pvt. Ltd.,Nepal Stock House (PVT) Ltd.,10,279.9,2799.0,2025-08-24 12:54:43.547734
2025-08-24,36927,2025082405008847,NIFRA,Kohinoor Investment & Securities Pvt. Ltd.,Nepal Stock House (PVT) Ltd.,44,279.0,12276.0,2025-08-24 12:55:02.146107
2025-08-24,36897,2025082405008856,NIFRA,Ashutosh Brokerage & Securities (PVT) Ltd.,Naasa Securities Co. Ltd.,54,278.7,15049.8,2025-08-24 12:55:06.467427
2025-08-24,36829,2025082405008892,NIFRA,Creative Securities Pvt Ltd,Malla & Malla Stock Broking Company Pvt. Limited,8,280.0,2240.0,2025-08-24 12:55:24.199024
2025-08-24,36569,2025082405008981,NIFRA,Investment Management Nepal Pvt. Ltd.,Naasa Securities Co. Ltd.,10,278.8,2788.0,2025-08-24 12:56:35.511300
2025-08-24,36141,2025082405009158,NIFRA,Naasa Securities Co. Ltd.,Dynamic Money Managers Securities Pvt. Ltd.,100,278.8,27880.0,2025-08-24 12:58:15.694281
2025-08-24,35856,2025082405009259,NIFRA,Dipshikha Dhitopatra Karobar Co. Pvt Ltd.,Linch Stock Market Ltd.,54,279.5,15093.0,2025-08-24 12:59:19.620966
2025-08-24,35833,2025082405009270,NIFRA,Dipshikha Dhitopatra Karobar Co. Pvt Ltd.,Siprabi Securities Pvt. Ltd.,64,279.5,17888.0,2025-08-24 12:59:25.982714
2025-08-24,35642,2025082405009336,NIFRA,Dipshikha Dhitopatra Karobar Co. Pvt Ltd.,Dipshikha Dhitopatra Karobar Co. Pvt Ltd.,50,279.5,13975.0,2025-08-24 13:00:05.910731
2025-08-24,35357,2025082405009443,NIFRA,Dipshikha Dhitopatra Karobar Co. Pvt Ltd.,Imperial Securities Company Pvt. Ltd.,192,279.5,53664.0,2025-08-24 13:01:20.532782
2025-08-24,35356,2025082405009444,NIFRA,Naasa Securities Co. Ltd.,Imperial Securities Company Pvt. Ltd.,24,278.8,6691.2,2025-08-24 13:01:20.533220
2025-08-24,35321,2025082405009466,NIFRA,Naasa Securities Co. Ltd.,Agrawal Securities (PVT) Ltd.,236,278.8,65796.8,2025-08-24 13:01:29.471480
2025-08-24,35320,2025082405009467,NIFRA,Nepal Stock House (PVT) Ltd.,Agrawal Securities (PVT) Ltd.,264,278.7,73576.8,2025-08-24 13:01:29.471866
2025-08-24,34759,2025082405009654,NIFRA,Nepal Stock House (PVT) Ltd.,Secured Securities Ltd.,736,278.7,205123.2,2025-08-24 13:03:58.711367
2025-08-24,34758,2025082405009655,NIFRA,ABC Securities Private Limited,Secured Securities Ltd.,14,278.7,3901.8,2025-08-24 13:03:58.712134
2025-08-24,34757,2025082405009656,NIFRA,Imperial Securities Company Pvt. Ltd.,Secured Securities Ltd.,500,278.7,139350.0,2025-08-24 13:03:58.712667
2025-08-24,34756,2025082405009657,NIFRA,Naasa Securities Co. Ltd.,Secured Securities Ltd.,49,278.7,13656.3,2025-08-24 13:03:58.713175
2025-08-24,34755,2025082405009658,NIFRA,Kumari Securities Private Limited,Secured Securities Ltd.,102,278.7,28427.4,2025-08-24 13:03:58.713716
2025-08-24,34668,2025082405009692,NIFRA,Naasa Securities Co. Ltd.,Imperial Securities Company Pvt. Ltd.,1,273.2,273.2,2025-08-24 13:04:22.369442
2025-08-24,34624,2025082405009699,NIFRA,Kumari Securities Private Limited,Asian Securities Private Ltd.,398,278.7,110922.6,2025-08-24 13:04:32.186155
2025-08-24,34623,2025082405009700,NIFRA,Online Securities Pvt. Ltd.,Asian Securities Private Ltd.,125,278.7,34837.5,2025-08-24 13:04:32.186621
2025-08-24,34622,2025082405009701,NIFRA,ABC Securities Private Limited,Asian Securities Private Ltd.,277,278.6,77172.2,2025-08-24 13:04:32.186804
2025-08-24,34600,2025082405009705,NIFRA,ABC Securities Private Limited,Imperial Securities Company Pvt. Ltd.,3663,278.6,1020511.8,2025-08-24 13:04:39.609484
2025-08-24,34599,2025082405009706,NIFRA,Dipshikha Dhitopatra Karobar Co. Pvt Ltd.,Imperial Securities Company Pvt. Ltd.,339,278.6,94445.4,2025-08-24 13:04:39.609884
2025-08-24,34598,2025082405009707,NIFRA,Sani Securities Company Ltd.,Imperial Securities Company Pvt. Ltd.,500,278.6,139300.0,2025-08-24 13:04:39.610055
2025-08-24,34597,2025082405009708,NIFRA,Sani Securities Company Ltd.,Imperial Securities Company Pvt. Ltd.,500,278.6,139300.0,2025-08-24 13:04:39.610220
2025-08-24,34596,2025082405009709,NIFRA,Sundhara Securities Limited,Imperial Securities Company Pvt. Ltd.,1000,278.5,278500.0,2025-08-24 13:04:39.610395
2025-08-24,34595,2025082405009710,NIFRA,Vision Securities Pvt. Ltd,Imperial Securities Company Pvt. Ltd.,50,278.5,13925.0,2025-08-24 13:04:39.610560
2025-08-24,34594,2025082405009711,NIFRA,Sundhara Securities Limited,Imperial Securities Company Pvt. Ltd.,560,278.4,155904.0,2025-08-24 13:04:39.610721
2025-08-24,34593,2025082405009712,NIFRA,Oxford Securities Pvt. Ltd.,Imperial Securities Company Pvt. Ltd.,200,278.4,55680.0,2025-08-24 13:04:39.610884
2025-08-24,34592,2025082405009713,NIFRA,Aryatara Investment & Securities,Imperial Securities Company Pvt. Ltd.,100,278.3,27830.0,2025-08-24 13:04:39.611051
2025-08-24,34591,2025082405009714,NIFRA,Ashutosh Brokerage & Securities (PVT) Ltd.,Imperial Securities Company Pvt. Ltd.,46,278.3,12801.8,2025-08-24 13:04:39.611211
2025-08-24,34590,2025082405009715,NIFRA,Aryatara Investment & Securities,Imperial Securities Company Pvt. Ltd.,500,278.2,139100.0,2025-08-24 13:04:39.611384
2025-08-24,34589,2025082405009716,NIFRA,Kumari Securities Private Limited,Imperial Securities Company Pvt. Ltd.,500,278.1,139050.0,2025-08-24 13:04:39.611542
2025-08-24,34588,2025082405009717,NIFRA,Dipshikha Dhitopatra Karobar Co. Pvt Ltd.,Imperial Securities Company Pvt. Ltd.,50,278.0,13900.0,2025-08-24 13:04:39.611711
2025-08-24,34587,2025082405009718,NIFRA,Dipshikha Dhitopatra Karobar Co. Pvt Ltd.,Imperial Securities Company Pvt. Ltd.,1000,278.0,278000.0,2025-08-24 13:04:39.611876
2025-08-24,34586,2025082405009719,NIFRA,Online Securities Pvt. Ltd.,Imperial Securities Company Pvt. Ltd.,500,278.0,139000.0,2025-08-24 13:04:39.612041
2025-08-24,34585,2025082405009720,NIFRA,Premier Securities Company Ltd.,Imperial Securities Company Pvt. Ltd.,50,278.0,13900.0,2025-08-24 13:04:39.612204
2025-08-24,34584,2025082405009721,NIFRA,Siprabi Securities Pvt. Ltd.,Imperial Securities Company Pvt. Ltd.,100,278.0,27800.0,2025-08-24 13:04:39.612372
2025-08-24,34583,2025082405009722,NIFRA,Kohinoor Investment & Securities Pvt. Ltd.,Imperial Securities Company Pvt. Ltd.,95,278.0,26410.0,2025-08-24 13:04:39.612537
2025-08-24,34582,2025082405009723,NIFRA,Sani Securities Company Ltd.,Imperial Securities Company Pvt. Ltd.,10,278.0,2780.0,2025-08-24 13:04:39.612691
2025-08-24,34581,2025082405009724,NIFRA,Dipshikha Dhitopatra Karobar Co. Pvt Ltd.,Imperial Securities Company Pvt. Ltd.,237,278.0,65886.0,2025-08-24 13:04:39.612856
2025-08-24,34433,2025082405009761,NIFRA,Dipshikha Dhitopatra Karobar Co. Pvt Ltd.,Dynamic Money Managers Securities Pvt. Ltd.,54,278.0,15012.0,2025-08-24 13:05:19.530882
2025-08-24,34036,2025082405009896,NIFRA,Kohinoor Investment & Securities Pvt. Ltd.,Kumari Securities Private Limited,64,278.2,17804.8,2025-08-24 13:06:49.438540
2025-08-24,33895,2025082405009941,NIFRA,Kohinoor Investment & Securities Pvt. Ltd.,Dipshikha Dhitopatra Karobar Co. Pvt Ltd.,16,278.2,4451.2,2025-08-24 13:07:26.752879
2025-08-24,33801,2025082405009965,NIFRA,South Asian Bulls Pvt. Ltd.,Dipshikha Dhitopatra Karobar Co. Pvt Ltd.,48,278.2,13353.6,2025-08-24 13:08:00.754034
2025-08-24,33800,2025082405009966,NIFRA,South Asian Bulls Pvt. Ltd.,Dipshikha Dhitopatra Karobar Co. Pvt Ltd.,52,279.0,14508.0,2025-08-24 13:08:00.755034
2025-08-24,33250,2025082405010144,NIFRA,Kohinoor Investment & Securities Pvt. Ltd.,Sweta Securities Private Limited,15,278.2,4173.0,2025-08-24 13:10:46.894697
2025-08-24,33249,2025082405010145,NIFRA,Naasa Securities Co. Ltd.,Sweta Securities Private Limited,11,278.1,3059.1,2025-08-24 13:10:46.895677
2025-08-24,33248,2025082405010146,NIFRA,Secured Securities Ltd.,Sweta Securities Private Limited,38,278.1,10567.8,2025-08-24 13:10:46.896358
2025-08-24,33042,2025082405010213,NIFRA,Secured Securities Ltd.,Trisul Securities & Invt. Ltd.,162,278.1,45052.2,2025-08-24 13:12:08.213146
2025-08-24,33041,2025082405010214,NIFRA,Dipshikha Dhitopatra Karobar Co. Pvt Ltd.,Trisul Securities & Invt. Ltd.,100,278.1,27810.0,2025-08-24 13:12:08.213216
2025-08-24,33040,2025082405010215,NIFRA,Dipshikha Dhitopatra Karobar Co. Pvt Ltd.,Trisul Securities & Invt. Ltd.,209,278.0,58102.0,2025-08-24 13:12:08.213244
2025-08-24,33039,2025082405010216,NIFRA,Opal Securities Investment (PVT) Ltd.,Trisul Securities & Invt. Ltd.,300,278.0,83400.0,2025-08-24 13:12:08.213281
2025-08-24,33038,2025082405010217,NIFRA,Agrawal Securities (PVT) Ltd.,Trisul Securities & Invt. Ltd.,70,278.0,19460.0,2025-08-24 13:12:08.213308
2025-08-24,33037,2025082405010218,NIFRA,Naasa Securities Co. Ltd.,Trisul Securities & Invt. Ltd.,50,278.0,13900.0,2025-08-24 13:12:08.213339
2025-08-24,33036,2025082405010219,NIFRA,Oxford Securities Pvt. Ltd.,Trisul Securities & Invt. Ltd.,50,278.0,13900.0,2025-08-24 13:12:08.213361
2025-08-24,33035,2025082405010220,NIFRA,Sumeru Securities Pvt. Ltd.,Trisul Securities & Invt. Ltd.,200,278.0,55600.0,2025-08-24 13:12:08.213386
2025-08-24,33034,2025082405010221,NIFRA,Nepal Stock House (PVT) Ltd.,Trisul Securities & Invt. Ltd.,80,278.0,22240.0,2025-08-24 13:12:08.213413
2025-08-24,33033,2025082405010222,NIFRA,Aryatara Investment & Securities,Trisul Securities & Invt. Ltd.,100,278.0,27800.0,2025-08-24 13:12:08.213435
2025-08-24,33032,2025082405010223,NIFRA,Secured Securities Ltd.,Trisul Securities & Invt. Ltd.,100,278.0,27800.0,2025-08-24 13:12:08.213456
2025-08-24,33031,2025082405010224,NIFRA,Trishakti Securities Public Limited,Trisul Securities & Invt. Ltd.,200,278.0,55600.0,2025-08-24 13:12:08.213477
2025-08-24,33030,2025082405010225,NIFRA,Kumari Securities Private Limited,Trisul Securities & Invt. Ltd.,200,278.0,55600.0,2025-08-24 13:12:08.213498
2025-08-24,33029,2025082405010226,NIFRA,Asian Securities Private Ltd.,Trisul Securities & Invt. Ltd.,2000,278.0,556000.0,2025-08-24 13:12:08.213520
2025-08-24,33028,2025082405010227,NIFRA,Capital Max Securities Ltd,Trisul Securities & Invt. Ltd.,50,278.0,13900.0,2025-08-24 13:12:08.213543
2025-08-24,33027,2025082405010228,NIFRA,Cristal Kanchanjanga Securites Pvt. Ltd.,Trisul Securities & Invt. Ltd.,129,278.0,35862.0,2025-08-24 13:12:08.213566
2025-08-24,32650,2025082405010343,NIFRA,Ashutosh Brokerage & Securities (PVT) Ltd.,Deevyaa Securities & Stock House Pvt. Ltd,64,278.6,17830.4,2025-08-24 13:14:13.316011
2025-08-24,32480,2025082405010385,NIFRA,Cristal Kanchanjanga Securites Pvt. Ltd.,KALASH STOCK MARKET PVT. LTD.,100,278.1,27810.0,2025-08-24 13:14:57.207548
2025-08-24,32479,2025082405010386,NIFRA,Naasa Securities Co. Ltd.,KALASH STOCK MARKET PVT. LTD.,100,278.1,27810.0,2025-08-24 13:14:57.208358
2025-08-24,32438,2025082405010401,NIFRA,Stoxkarts Securities Limited,KALASH STOCK MARKET PVT. LTD.,50,278.0,13900.0,2025-08-24 13:15:16.275482
2025-08-24,32437,2025082405010402,NIFRA,Stoxkarts Securities Limited,Sundhara Securities Limited,60,278.0,16680.0,2025-08-24 13:15:16.750247
2025-08-24,32355,2025082405010438,NIFRA,Dynamic Money Managers Securities Pvt. Ltd.,Sani Securities Company Ltd.,44,279.0,12276.0,2025-08-24 13:15:42.594794
2025-08-24,31966,2025082405010547,NIFRA,J.F. Securites (PVT) Ltd.,Kohinoor Investment & Securities Pvt. Ltd.,54,278.0,15012.0,2025-08-24 13:17:02.526991
2025-08-24,31944,2025082405010556,NIFRA,J.F. Securites (PVT) Ltd.,J.F. Securites (PVT) Ltd.,54,278.0,15012.0,2025-08-24 13:17:08.265219
2025-08-24,31865,2025082405010598,NIFRA,Imperial Securities Company Pvt. Ltd.,Midas Stock Broking Company Private Limited,2,278.0,556.0,2025-08-24 13:17:34.948420
2025-08-24,31864,2025082405010599,NIFRA,J.F. Securites (PVT) Ltd.,Deevyaa Securities & Stock House Pvt. Ltd,54,278.0,15012.0,2025-08-24 13:17:35.078634
2025-08-24,31849,2025082405010610,NIFRA,Imperial Securities Company Pvt. Ltd.,Sundhara Securities Limited,4,278.0,1112.0,2025-08-24 13:17:42.019738
2025-08-24,31807,2025082405010619,NIFRA,Imperial Securities Company Pvt. Ltd.,Dipshikha Dhitopatra Karobar Co. Pvt Ltd.,2,279.0,558.0,2025-08-24 13:17:56.177674
2025-08-24,31766,2025082405010623,NIFRA,J.F. Securites (PVT) Ltd.,Dipshikha Dhitopatra Karobar Co. Pvt Ltd.,54,278.0,15012.0,2025-08-24 13:18:00.413240
2025-08-24,31763,2025082405010625,NIFRA,Imperial Securities Company Pvt. Ltd.,Aryatara Investment & Securities,4,279.0,1116.0,2025-08-24 13:18:02.279849
2025-08-24,31664,2025082405010662,NIFRA,J.F. Securites (PVT) Ltd.,Sani Securities Company Ltd.,64,278.0,17792.0,2025-08-24 13:18:24.598875
2025-08-24,31661,2025082405010663,NIFRA,Online Securities Pvt. Ltd.,K.B.L. Securities Limited ,10,279.0,2790.0,2025-08-24 13:18:24.823285
2025-08-24,31557,2025082405010713,NIFRA,J.F. Securites (PVT) Ltd.,Global IME Securities Limited,10,278.0,2780.0,2025-08-24 13:18:56.968416
2025-08-24,31261,2025082405010853,NIFRA,Deevyaa Securities & Stock House Pvt. Ltd,Dakshinkali Investment & Securities Pvt. Ltd.,50,278.7,13935.0,2025-08-24 13:20:15.252702
2025-08-24,31208,2025082405010874,NIFRA,J.F. Securites (PVT) Ltd.,K.B.L. Securities Limited ,33,278.0,9174.0,2025-08-24 13:20:36.015928
2025-08-24,31182,2025082405010884,NIFRA,J.F. Securites (PVT) Ltd.,Imperial Securities Company Pvt. Ltd.,64,278.0,17792.0,2025-08-24 13:20:39.751347
2025-08-24,30942,2025082405010977,NIFRA,Nepal Stock House (PVT) Ltd.,Trishakti Securities Public Limited,50,278.1,13905.0,2025-08-24 13:21:48.833789
2025-08-24,30819,2025082405011016,NIFRA,J.F. Securites (PVT) Ltd.,Online Securities Pvt. Ltd.,54,278.0,15012.0,2025-08-24 13:22:15.632522
2025-08-24,30795,2025082405011020,NIFRA,J.F. Securites (PVT) Ltd.,Sewa Securities Pvt. Ltd.,59,278.0,16402.0,2025-08-24 13:22:21.081378
2025-08-24,30794,2025082405011021,NIFRA,Bhrikuti Stock Broking Co. Pvt. Ltd.,Sewa Securities Pvt. Ltd.,500,278.0,139000.0,2025-08-24 13:22:21.081775
2025-08-24,30793,2025082405011022,NIFRA,Naasa Securities Co. Ltd.,Sewa Securities Pvt. Ltd.,10,278.0,2780.0,2025-08-24 13:22:21.082027
2025-08-24,30792,2025082405011023,NIFRA,Market Securities & Exchange (PVT) Ltd.,Sewa Securities Pvt. Ltd.,50,278.0,13900.0,2025-08-24 13:22:21.082293
2025-08-24,30791,2025082405011024,NIFRA,Sundhara Securities Limited,Sewa Securities Pvt. Ltd.,10,278.0,2780.0,2025-08-24 13:22:21.082507
2025-08-24,30790,2025082405011025,NIFRA,Vision Securities Pvt. Ltd,Sewa Securities Pvt. Ltd.,225,278.0,62550.0,2025-08-24 13:22:21.082692
2025-08-24,30789,2025082405011026,NIFRA,J.F. Securites (PVT) Ltd.,Sewa Securities Pvt. Ltd.,200,278.0,55600.0,2025-08-24 13:22:21.082862
2025-08-24,30788,2025082405011027,NIFRA,Midas Stock Broking Company Private Limited,Sewa Securities Pvt. Ltd.,800,278.0,222400.0,2025-08-24 13:22:21.083063
2025-08-24,30787,2025082405011028,NIFRA,Sani Securities Company Ltd.,Sewa Securities Pvt. Ltd.,200,277.9,55580.0,2025-08-24 13:22:21.083349
2025-08-24,30786,2025082405011029,NIFRA,Oxford Securities Pvt. Ltd.,Sewa Securities Pvt. Ltd.,446,277.5,123765.0,2025-08-24 13:22:21.083525
2025-08-24,30648,2025082405011072,NIFRA,Oxford Securities Pvt. Ltd.,Trishakti Securities Public Limited,500,277.5,138750.0,2025-08-24 13:22:52.222838
2025-08-24,30642,2025082405011074,NIFRA,Oxford Securities Pvt. Ltd.,Sundhara Securities Limited,43,277.5,11932.5,2025-08-24 13:22:56.497348
2025-08-24,30557,2025082405011091,NIFRA,Oxford Securities Pvt. Ltd.,Deevyaa Securities & Stock House Pvt. Ltd,50,277.5,13875.0,2025-08-24 13:23:20.593009
2025-08-24,30429,2025082405011133,NIFRA,Oxford Securities Pvt. Ltd.,Opal Securities Investment (PVT) Ltd.,64,277.5,17760.0,2025-08-24 13:24:10.815674
2025-08-24,30121,2025082405011242,NIFRA,Citizens Share Broker Limited,Dakshinkali Investment & Securities Pvt. Ltd.,100,277.6,27760.0,2025-08-24 13:26:00.561335
2025-08-24,30120,2025082405011243,NIFRA,Oxford Securities Pvt. Ltd.,Dakshinkali Investment & Securities Pvt. Ltd.,397,277.5,110167.5,2025-08-24 13:26:00.561760
2025-08-24,30119,2025082405011244,NIFRA,Asian Securities Private Ltd.,Dakshinkali Investment & Securities Pvt. Ltd.,1000,277.5,277500.0,2025-08-24 13:26:00.561939
2025-08-24,30118,2025082405011245,NIFRA,Neev Securities Pvt. Ltd.,Dakshinkali Investment & Securities Pvt. Ltd.,360,277.5,99900.0,2025-08-24 13:26:00.562131
2025-08-24,30117,2025082405011246,NIFRA,J.F. Securites (PVT) Ltd.,Dakshinkali Investment & Securities Pvt. Ltd.,100,277.5,27750.0,2025-08-24 13:26:00.562335
2025-08-24,30116,2025082405011247,NIFRA,Creative Securities Pvt Ltd,Dakshinkali Investment & Securities Pvt. Ltd.,10,277.5,2775.0,2025-08-24 13:26:00.562537
2025-08-24,30115,2025082405011248,NIFRA,Creative Securities Pvt Ltd,Dakshinkali Investment & Securities Pvt. Ltd.,10,277.5,2775.0,2025-08-24 13:26:00.562708
2025-08-24,30114,2025082405011249,NIFRA,Sani Securities Company Ltd.,Dakshinkali Investment & Securities Pvt. Ltd.,500,277.4,138700.0,2025-08-24 13:26:00.562886
2025-08-24,30113,2025082405011250,NIFRA,Sundhara Securities Limited,Dakshinkali Investment & Securities Pvt. Ltd.,40,277.3,11092.0,2025-08-24 13:26:00.563064
2025-08-24,30112,2025082405011251,NIFRA,Kumari Securities Private Limited,Dakshinkali Investment & Securities Pvt. Ltd.,483,277.1,133839.3,2025-08-24 13:26:00.563230
2025-08-24,29828,2025082405011330,NIFRA,Vision Securities Pvt. Ltd,Online Securities Pvt. Ltd.,21,277.5,5827.5,2025-08-24 13:27:23.671239
2025-08-24,29827,2025082405011331,NIFRA,Vision Securities Pvt. Ltd,Dakshinkali Investment & Securities Pvt. Ltd.,150,278.7,41805.0,2025-08-24 13:27:23.671303
2025-08-24,29826,2025082405011332,NIFRA,Vision Securities Pvt. Ltd,K.B.L. Securities Limited ,40,278.7,11148.0,2025-08-24 13:27:23.671388
2025-08-24,29825,2025082405011333,NIFRA,Vision Securities Pvt. Ltd,Market Securities & Exchange (PVT) Ltd.,100,278.8,27880.0,2025-08-24 13:27:23.671423
2025-08-24,29824,2025082405011334,NIFRA,Vision Securities Pvt. Ltd,Asian Securities Private Ltd.,500,278.9,139450.0,2025-08-24 13:27:23.671458
2025-08-24,29823,2025082405011335,NIFRA,Vision Securities Pvt. Ltd,Neev Securities Pvt. Ltd.,189,279.0,52731.0,2025-08-24 13:27:23.671493
2025-08-24,29820,2025082405011336,NIFRA,Imperial Securities Company Pvt. Ltd.,Trishakti Securities Public Limited,4,278.0,1112.0,2025-08-24 13:27:25.396921
2025-08-24,29744,2025082405011358,NIFRA,Kumari Securities Private Limited,Aryatara Investment & Securities,17,277.1,4710.7,2025-08-24 13:27:57.223048
2025-08-24,29743,2025082405011359,NIFRA,Trisul Securities & Invt. Ltd.,Aryatara Investment & Securities,27,277.1,7481.7,2025-08-24 13:27:57.223171
2025-08-24,29382,2025082405011462,NIFRA,Sani Securities Company Ltd.,Aryatara Investment & Securities,54,277.2,14968.8,2025-08-24 13:29:54.174398
2025-08-24,29197,2025082405011554,NIFRA,Sani Securities Company Ltd.,Naasa Securities Co. Ltd.,16,277.3,4436.8,2025-08-24 13:30:37.979813
2025-08-24,29196,2025082405011555,NIFRA,Creative Securities Pvt Ltd,Naasa Securities Co. Ltd.,10,277.3,2773.0,2025-08-24 13:30:37.980222
2025-08-24,29195,2025082405011556,NIFRA,Sani Securities Company Ltd.,Naasa Securities Co. Ltd.,38,277.2,10533.6,2025-08-24 13:30:37.980416
2025-08-24,28906,2025082405011653,NIFRA,J.F. Securites (PVT) Ltd.,Aryatara Investment & Securities,10,277.4,2774.0,2025-08-24 13:32:17.260138
2025-08-24,28854,2025082405011697,NIFRA,South Asian Bulls Pvt. Ltd.,Online Securities Pvt. Ltd.,4,272.5,1090.0,2025-08-24 13:32:20.759478
2025-08-24,28814,2025082405011716,NIFRA,J.F. Securites (PVT) Ltd.,Linch Stock Market Ltd.,30,277.4,8322.0,2025-08-24 13:32:39.913980
2025-08-24,28813,2025082405011717,NIFRA,Dipshikha Dhitopatra Karobar Co. Pvt Ltd.,Linch Stock Market Ltd.,78,277.3,21629.4,2025-08-24 13:32:39.914860
2025-08-24,28757,2025082405011745,NIFRA,Naasa Securities Co. Ltd.,Neev Securities Pvt. Ltd.,10,279.0,2790.0,2025-08-24 13:33:03.038761
2025-08-24,27638,2025082405012118,NIFRA,Creative Securities Pvt Ltd,Magnet Securities and Investment Company Private Limited,10,278.1,2781.0,2025-08-24 13:39:33.216903
2025-08-24,27637,2025082405012119,NIFRA,Naasa Securities Co. Ltd.,Magnet Securities and Investment Company Private Limited,90,278.1,25029.0,2025-08-24 13:39:33.217383
2025-08-24,27570,2025082405012145,NIFRA,Naasa Securities Co. Ltd.,Kohinoor Investment & Securities Pvt. Ltd.,54,278.1,15017.4,2025-08-24 13:39:52.951428
2025-08-24,27359,2025082405012268,NIFRA,Sani Securities Company Ltd.,Sundhara Securities Limited,25,278.5,6962.5,2025-08-24 13:40:52.641816
2025-08-24,27358,2025082405012269,NIFRA,Deevyaa Securities & Stock House Pvt. Ltd,Dynamic Money Managers Securities Pvt. Ltd.,50,278.2,13910.0,2025-08-24 13:40:53.171174
2025-08-24,27357,2025082405012270,NIFRA,Naasa Securities Co. Ltd.,South Asian Bulls Pvt. Ltd.,56,278.1,15573.6,2025-08-24 13:40:53.580558
2025-08-24,27140,2025082405012361,NIFRA,Capital Max Securities Ltd,Kohinoor Investment & Securities Pvt. Ltd.,10,278.0,2780.0,2025-08-24 13:42:26.467560
2025-08-24,27139,2025082405012362,NIFRA,Nepal Investment And Securities Trading Private Limited,Kohinoor Investment & Securities Pvt. Ltd.,44,278.0,12232.0,2025-08-24 13:42:26.468468
2025-08-24,26885,2025082405012465,NIFRA,Agrawal Securities (PVT) Ltd.,Nepal Stock House (PVT) Ltd.,64,278.1,17798.4,2025-08-24 13:43:57.264306
2025-08-24,26803,2025082405012500,NIFRA,Agrawal Securities (PVT) Ltd.,ABC Securities Private Limited,436,278.1,121251.6,2025-08-24 13:44:22.567214
2025-08-24,26802,2025082405012501,NIFRA,Nepal Investment And Securities Trading Private Limited,ABC Securities Private Limited,64,278.0,17792.0,2025-08-24 13:44:22.567353
2025-08-24,26656,2025082405012562,NIFRA,Sani Securities Company Ltd.,Agrawal Securities (PVT) Ltd.,50,277.5,13875.0,2025-08-24 13:45:05.578159
2025-08-24,26530,2025082405012617,NIFRA,Sani Securities Company Ltd.,Agrawal Securities (PVT) Ltd.,54,277.5,14985.0,2025-08-24 13:45:53.925376
2025-08-24,26473,2025082405012656,NIFRA,Sani Securities Company Ltd.,Creative Securities Pvt Ltd,54,277.5,14985.0,2025-08-24 13:46:11.661186
2025-08-24,26364,2025082405012682,NIFRA,Naasa Securities Co. Ltd.,Naasa Securities Co. Ltd.,20,278.0,5560.0,2025-08-24 13:46:28.975713
2025-08-24,26096,2025082405012755,NIFRA,Sani Securities Company Ltd.,Neev Securities Pvt. Ltd.,10,277.5,2775.0,2025-08-24 13:47:39.779283
2025-08-24,25992,2025082405012782,NIFRA,Dipshikha Dhitopatra Karobar Co. Pvt Ltd.,Sundhara Securities Limited,75,278.5,20887.5,2025-08-24 13:48:08.277214
2025-08-24,25991,2025082405012783,NIFRA,Dipshikha Dhitopatra Karobar Co. Pvt Ltd.,Vision Securities Pvt. Ltd,70,278.5,19495.0,2025-08-24 13:48:08.277646
2025-08-24,25990,2025082405012784,NIFRA,Dipshikha Dhitopatra Karobar Co. Pvt Ltd.,Sundhara Securities Limited,200,278.8,55760.0,2025-08-24 13:48:08.277844
2025-08-24,25989,2025082405012785,NIFRA,Dipshikha Dhitopatra Karobar Co. Pvt Ltd.,Neev Securities Pvt. Ltd.,301,279.0,83979.0,2025-08-24 13:48:08.278074
2025-08-24,25988,2025082405012786,NIFRA,Dipshikha Dhitopatra Karobar Co. Pvt Ltd.,Dynamic Money Managers Securities Pvt. Ltd.,54,279.0,15066.0,2025-08-24 13:48:08.278267
2025-08-24,25987,2025082405012787,NIFRA,Dipshikha Dhitopatra Karobar Co. Pvt Ltd.,Arun Securities (PVT) Ltd.,178,279.0,49662.0,2025-08-24 13:48:08.278463
2025-08-24,25986,2025082405012788,NIFRA,Dipshikha Dhitopatra Karobar Co. Pvt Ltd.,Sweta Securities Private Limited,54,279.0,15066.0,2025-08-24 13:48:08.278671
2025-08-24,25985,2025082405012789,NIFRA,Dipshikha Dhitopatra Karobar Co. Pvt Ltd.,Secured Securities Ltd.,30,279.0,8370.0,2025-08-24 13:48:08.278871
2025-08-24,25984,2025082405012790,NIFRA,Dipshikha Dhitopatra Karobar Co. Pvt Ltd.,Sumeru Securities Pvt. Ltd.,64,279.0,17856.0,2025-08-24 13:48:08.279066
2025-08-24,25983,2025082405012791,NIFRA,Dipshikha Dhitopatra Karobar Co. Pvt Ltd.,Naasa Securities Co. Ltd.,50,279.0,13950.0,2025-08-24 13:48:08.279256
2025-08-24,25982,2025082405012792,NIFRA,Dipshikha Dhitopatra Karobar Co. Pvt Ltd.,Linch Stock Market Ltd.,141,279.0,39339.0,2025-08-24 13:48:08.279449
2025-08-24,25981,2025082405012793,NIFRA,Dipshikha Dhitopatra Karobar Co. Pvt Ltd.,Kumari Securities Private Limited,30,279.0,8370.0,2025-08-24 13:48:08.279637
2025-08-24,25980,2025082405012794,NIFRA,Dipshikha Dhitopatra Karobar Co. Pvt Ltd.,Naasa Securities Co. Ltd.,54,279.2,15076.8,2025-08-24 13:48:08.279825
2025-08-24,25901,2025082405012828,NIFRA,Dipshikha Dhitopatra Karobar Co. Pvt Ltd.,Nepal Investment And Securities Trading Private Limited,45,279.5,12577.5,2025-08-24 13:48:29.530533
2025-08-24,25875,2025082405012842,NIFRA,Sani Securities Company Ltd.,ABC Securities Private Limited,100,277.5,27750.0,2025-08-24 13:48:37.935287
2025-08-24,25874,2025082405012843,NIFRA,Kalika Securities Pvt. Ltd.,ABC Securities Private Limited,300,277.5,83250.0,2025-08-24 13:48:37.935363
2025-08-24,25873,2025082405012844,NIFRA,Investment Management Nepal Pvt. Ltd.,ABC Securities Private Limited,100,277.4,27740.0,2025-08-24 13:48:37.935400
2025-08-24,25872,2025082405012845,NIFRA,Creative Securities Pvt Ltd,ABC Securities Private Limited,10,277.3,2773.0,2025-08-24 13:48:37.935428
2025-08-24,25871,2025082405012846,NIFRA,Imperial Securities Company Pvt. Ltd.,ABC Securities Private Limited,20,277.3,5546.0,2025-08-24 13:48:37.935453
2025-08-24,25870,2025082405012847,NIFRA,Linch Stock Market Ltd.,ABC Securities Private Limited,222,277.3,61560.6,2025-08-24 13:48:37.935478
2025-08-24,25869,2025082405012848,NIFRA,Imperial Securities Company Pvt. Ltd.,ABC Securities Private Limited,54,277.3,14974.2,2025-08-24 13:48:37.935529
2025-08-24,25868,2025082405012849,NIFRA,Kohinoor Investment & Securities Pvt. Ltd.,ABC Securities Private Limited,400,277.2,110880.0,2025-08-24 13:48:37.935574
2025-08-24,25867,2025082405012850,NIFRA,Oxford Securities Pvt. Ltd.,ABC Securities Private Limited,2000,277.2,554400.0,2025-08-24 13:48:37.935599
2025-08-24,25866,2025082405012851,NIFRA,Trisul Securities & Invt. Ltd.,ABC Securities Private Limited,33,277.1,9144.3,2025-08-24 13:48:37.935624
2025-08-24,25865,2025082405012852,NIFRA,Vision Securities Pvt. Ltd,ABC Securities Private Limited,500,277.1,138550.0,2025-08-24 13:48:37.935652
2025-08-24,25864,2025082405012853,NIFRA,Neev Securities Pvt. Ltd.,ABC Securities Private Limited,360,277.1,99756.0,2025-08-24 13:48:37.935680
2025-08-24,25863,2025082405012854,NIFRA,Cristal Kanchanjanga Securites Pvt. Ltd.,ABC Securities Private Limited,401,277.1,111117.1,2025-08-24 13:48:37.935708
2025-08-24,25712,2025082405012931,NIFRA,Dipshikha Dhitopatra Karobar Co. Pvt Ltd.,Premier Securities Company Ltd.,400,277.2,110880.0,2025-08-24 13:49:13.335722
2025-08-24,25665,2025082405012939,NIFRA,Dipshikha Dhitopatra Karobar Co. Pvt Ltd.,Dipshikha Dhitopatra Karobar Co. Pvt Ltd.,45,279.0,12555.0,2025-08-24 13:49:26.056935
2025-08-24,25633,2025082405012960,NIFRA,Arun Securities (PVT) Ltd.,Dipshikha Dhitopatra Karobar Co. Pvt Ltd.,30,279.0,8370.0,2025-08-24 13:49:32.427970
2025-08-24,25061,2025082405013141,NIFRA,Dakshinkali Investment & Securities Pvt. Ltd.,Naasa Securities Co. Ltd.,54,278.5,15039.0,2025-08-24 13:52:19.455967
2025-08-24,25060,2025082405013142,NIFRA,Dakshinkali Investment & Securities Pvt. Ltd.,Dipshikha Dhitopatra Karobar Co. Pvt Ltd.,54,278.8,15055.2,2025-08-24 13:52:19.456076
2025-08-24,25059,2025082405013143,NIFRA,Dakshinkali Investment & Securities Pvt. Ltd.,Imperial Securities Company Pvt. Ltd.,17,278.9,4741.3,2025-08-24 13:52:19.456159
2025-08-24,25058,2025082405013144,NIFRA,Dakshinkali Investment & Securities Pvt. Ltd.,Naasa Securities Co. Ltd.,1000,278.9,278900.0,2025-08-24 13:52:19.456245
2025-08-24,25057,2025082405013145,NIFRA,Dakshinkali Investment & Securities Pvt. Ltd.,Oxford Securities Pvt. Ltd.,1375,278.9,383487.5,2025-08-24 13:52:19.456337
2025-08-24,24953,2025082405013172,NIFRA,Dipshikha Dhitopatra Karobar Co. Pvt Ltd.,Sharepro Securities Private Limited,22,277.3,6100.6,2025-08-24 13:52:38.743654
2025-08-24,24952,2025082405013173,NIFRA,Blue Chip Securities Ltd,Sharepro Securities Private Limited,493,277.3,136708.9,2025-08-24 13:52:38.744504
2025-08-24,24878,2025082405013181,NIFRA,Dipshikha Dhitopatra Karobar Co. Pvt Ltd.,Hatemalo Financial Services Private Limited,21,277.2,5821.2,2025-08-24 13:52:55.072243
2025-08-24,24608,2025082405013270,NIFRA,Kumari Securities Private Limited,Sundhara Securities Limited,64,277.3,17747.2,2025-08-24 13:54:13.462112
2025-08-24,24421,2025082405013326,NIFRA,Kumari Securities Private Limited,Midas Stock Broking Company Private Limited,40,277.3,11092.0,2025-08-24 13:55:15.811521
2025-08-24,24409,2025082405013327,NIFRA,Kumari Securities Private Limited,Nepal Investment And Securities Trading Private Limited,54,277.3,14974.2,2025-08-24 13:55:18.184384
2025-08-24,24314,2025082405013374,NIFRA,Arun Securities (PVT) Ltd.,Imperial Securities Company Pvt. Ltd.,20,278.0,5560.0,2025-08-24 13:55:47.146697
2025-08-24,24221,2025082405013409,NIFRA,Dipshikha Dhitopatra Karobar Co. Pvt Ltd.,Midas Stock Broking Company Private Limited,14,277.5,3885.0,2025-08-24 13:56:17.223289
2025-08-24,23833,2025082405013554,NIFRA,J.F. Securites (PVT) Ltd.,Agrawal Securities (PVT) Ltd.,54,277.4,14979.6,2025-08-24 13:57:52.857182
2025-08-24,23808,2025082405013555,NIFRA,Trisul Securities & Invt. Ltd.,Agrawal Securities (PVT) Ltd.,10,277.4,2774.0,2025-08-24 13:57:57.899094
2025-08-24,23489,2025082405013644,NIFRA,Cristal Kanchanjanga Securites Pvt. Ltd.,Midas Stock Broking Company Private Limited,3,273.0,819.0,2025-08-24 13:59:03.508632
2025-08-24,23349,2025082405013706,NIFRA,Dipshikha Dhitopatra Karobar Co. Pvt Ltd.,Naasa Securities Co. Ltd.,54,277.6,14990.4,2025-08-24 13:59:33.550920
2025-08-24,23332,2025082405013711,NIFRA,Dipshikha Dhitopatra Karobar Co. Pvt Ltd.,Sharepro Securities Private Limited,54,277.6,14990.4,2025-08-24 13:59:38.106859
2025-08-24,23307,2025082405013722,NIFRA,Trisul Securities & Invt. Ltd.,Imperial Securities Company Pvt. Ltd.,40,278.0,11120.0,2025-08-24 13:59:44.616359
2025-08-24,23017,2025082405013800,NIFRA,Capital Max Securities Ltd,Imperial Securities Company Pvt. Ltd.,20,278.0,5560.0,2025-08-24 14:00:38.205821
2025-08-24,23016,2025082405013801,NIFRA,Capital Max Securities Ltd,Oxford Securities Pvt. Ltd.,10,278.8,2788.0,2025-08-24 14:00:38.205929
2025-08-24,22702,2025082405013912,NIFRA,Siprabi Securities Pvt. Ltd.,Thrive Brokerage House Pvt. Ltd,15,277.5,4162.5,2025-08-24 14:01:13.656363
2025-08-24,22258,2025082405014098,NIFRA,Vision Securities Pvt. Ltd,Dipshikha Dhitopatra Karobar Co. Pvt Ltd.,25,278.0,6950.0,2025-08-24 14:03:05.621748
2025-08-24,22125,2025082405014148,NIFRA,Vision Securities Pvt. Ltd,Sewa Securities Pvt. Ltd.,64,278.0,17792.0,2025-08-24 14:03:41.530881
2025-08-24,21686,2025082405014238,NIFRA,Vision Securities Pvt. Ltd,Miyo Securities Pvt Ltd,86,278.0,23908.0,2025-08-24 14:05:23.663546
2025-08-24,21685,2025082405014239,NIFRA,Dipshikha Dhitopatra Karobar Co. Pvt Ltd.,Miyo Securities Pvt Ltd,371,278.0,103138.0,2025-08-24 14:05:23.664482
2025-08-24,21684,2025082405014240,NIFRA,Aryatara Investment & Securities,Miyo Securities Pvt Ltd,43,278.0,11954.0,2025-08-24 14:05:23.665124
2025-08-24,21683,2025082405014241,NIFRA,Aryatara Investment & Securities,Naasa Securities Co. Ltd.,54,278.0,15012.0,2025-08-24 14:05:23.673365
2025-08-24,21655,2025082405014248,NIFRA,Cristal Kanchanjanga Securites Pvt. Ltd.,S.P.S.A. Securities Limited,4,275.0,1100.0,2025-08-24 14:05:29.754181
2025-08-24,21611,2025082405014264,NIFRA,Siprabi Securities Pvt. Ltd.,Elite Stock House Limited,45,277.5,12487.5,2025-08-24 14:05:39.019290
2025-08-24,21610,2025082405014265,NIFRA,Deevyaa Securities & Stock House Pvt. Ltd,Elite Stock House Limited,293,277.5,81307.5,2025-08-24 14:05:39.019775
2025-08-24,21609,2025082405014266,NIFRA,Vision Securities Pvt. Ltd,Elite Stock House Limited,100,277.5,27750.0,2025-08-24 14:05:39.019991
2025-08-24,21608,2025082405014267,NIFRA,Vision Securities Pvt. Ltd,Elite Stock House Limited,30,277.5,8325.0,2025-08-24 14:05:39.020195
2025-08-24,21607,2025082405014268,NIFRA,Online Securities Pvt. Ltd.,Elite Stock House Limited,30,277.5,8325.0,2025-08-24 14:05:39.020420
2025-08-24,21606,2025082405014269,NIFRA,Kumari Securities Private Limited,Elite Stock House Limited,42,277.3,11646.6,2025-08-24 14:05:39.020627
2025-08-24,21605,2025082405014270,NIFRA,Imperial Securities Company Pvt. Ltd.,Elite Stock House Limited,10,277.3,2773.0,2025-08-24 14:05:39.020839
2025-08-24,21604,2025082405014271,NIFRA,Opal Securities Investment (PVT) Ltd.,Elite Stock House Limited,116,277.3,32166.8,2025-08-24 14:05:39.021061
2025-08-24,21603,2025082405014272,NIFRA,Bhrikuti Stock Broking Co. Pvt. Ltd.,Elite Stock House Limited,334,277.3,92618.2,2025-08-24 14:05:39.021279
2025-08-24,21440,2025082405014332,NIFRA,Dakshinkali Investment & Securities Pvt. Ltd.,Naasa Securities Co. Ltd.,10,278.3,2783.0,2025-08-24 14:06:12.301919
2025-08-24,21439,2025082405014333,NIFRA,Dakshinkali Investment & Securities Pvt. Ltd.,Oxford Securities Pvt. Ltd.,50,278.4,13920.0,2025-08-24 14:06:12.302026
2025-08-24,21438,2025082405014334,NIFRA,Dakshinkali Investment & Securities Pvt. Ltd.,Vision Securities Pvt. Ltd,500,278.5,139250.0,2025-08-24 14:06:12.302127
2025-08-24,21437,2025082405014335,NIFRA,Dakshinkali Investment & Securities Pvt. Ltd.,Oxford Securities Pvt. Ltd.,1940,278.8,540872.0,2025-08-24 14:06:12.302193
2025-08-24,21294,2025082405014374,NIFRA,Linch Stock Market Ltd.,Premier Securities Company Ltd.,20,278.0,5560.0,2025-08-24 14:06:42.073176
2025-08-24,21188,2025082405014409,NIFRA,Bhrikuti Stock Broking Co. Pvt. Ltd.,Sewa Securities Pvt. Ltd.,54,277.3,14974.2,2025-08-24 14:07:07.404659
2025-08-24,21153,2025082405014421,NIFRA,Bhrikuti Stock Broking Co. Pvt. Ltd.,Premier Securities Company Ltd.,480,277.3,133104.0,2025-08-24 14:07:14.241353
2025-08-24,21026,2025082405014475,NIFRA,Bhrikuti Stock Broking Co. Pvt. Ltd.,Naasa Securities Co. Ltd.,132,277.3,36603.6,2025-08-24 14:07:41.514016
2025-08-24,21025,2025082405014476,NIFRA,Capital Max Securities Ltd,Naasa Securities Co. Ltd.,30,277.2,8316.0,2025-08-24 14:07:41.514099
2025-08-24,21024,2025082405014477,NIFRA,Cristal Kanchanjanga Securites Pvt. Ltd.,Naasa Securities Co. Ltd.,35,277.2,9702.0,2025-08-24 14:07:41.514133
2025-08-24,21023,2025082405014478,NIFRA,Sweta Securities Private Limited,Naasa Securities Co. Ltd.,20,277.2,5544.0,2025-08-24 14:07:41.514182
2025-08-24,21022,2025082405014479,NIFRA,Primo Securities (PVT) Ltd.,Naasa Securities Co. Ltd.,500,277.2,138600.0,2025-08-24 14:07:41.514214
2025-08-24,21021,2025082405014480,NIFRA,Sani Securities Company Ltd.,Naasa Securities Co. Ltd.,500,277.2,138600.0,2025-08-24 14:07:41.514243
2025-08-24,21020,2025082405014481,NIFRA,Aryatara Investment & Securities,Naasa Securities Co. Ltd.,200,277.2,55440.0,2025-08-24 14:07:41.514274
2025-08-24,21019,2025082405014482,NIFRA,Imperial Securities Company Pvt. Ltd.,Naasa Securities Co. Ltd.,50,277.1,13855.0,2025-08-24 14:07:41.514309
2025-08-24,21018,2025082405014483,NIFRA,Dipshikha Dhitopatra Karobar Co. Pvt Ltd.,Naasa Securities Co. Ltd.,150,277.1,41565.0,2025-08-24 14:07:41.514346
2025-08-24,21017,2025082405014484,NIFRA,Kumari Securities Private Limited,Naasa Securities Co. Ltd.,500,277.1,138550.0,2025-08-24 14:07:41.514372
2025-08-24,21016,2025082405014485,NIFRA,Elite Stock House Limited,Naasa Securities Co. Ltd.,50,277.1,13855.0,2025-08-24 14:07:41.514402
2025-08-24,21015,2025082405014486,NIFRA,Sewa Securities Pvt. Ltd.,Naasa Securities Co. Ltd.,150,277.1,41565.0,2025-08-24 14:07:41.514431
2025-08-24,21014,2025082405014487,NIFRA,Oxford Securities Pvt. Ltd.,Naasa Securities Co. Ltd.,2000,277.1,554200.0,2025-08-24 14:07:41.514458
2025-08-24,21013,2025082405014488,NIFRA,Dipshikha Dhitopatra Karobar Co. Pvt Ltd.,Naasa Securities Co. Ltd.,50,277.0,13850.0,2025-08-24 14:07:41.514494
2025-08-24,21012,2025082405014489,NIFRA,Asian Securities Private Ltd.,Naasa Securities Co. Ltd.,100,277.0,27700.0,2025-08-24 14:07:41.514545
2025-08-24,21011,2025082405014490,NIFRA,Primo Securities (PVT) Ltd.,Naasa Securities Co. Ltd.,50,277.0,13850.0,2025-08-24 14:07:41.514580
2025-08-24,21010,2025082405014491,NIFRA,Investment Management Nepal Pvt. Ltd.,Naasa Securities Co. Ltd.,250,277.0,69250.0,2025-08-24 14:07:41.514614
2025-08-24,21009,2025082405014492,NIFRA,Sani Securities Company Ltd.,Naasa Securities Co. Ltd.,100,277.0,27700.0,2025-08-24 14:07:41.514663
2025-08-24,21008,2025082405014493,NIFRA,Naasa Securities Co. Ltd.,Naasa Securities Co. Ltd.,50,277.0,13850.0,2025-08-24 14:07:41.514693
2025-08-24,21007,2025082405014494,NIFRA,Dipshikha Dhitopatra Karobar Co. Pvt Ltd.,Naasa Securities Co. Ltd.,500,277.0,138500.0,2025-08-24 14:07:41.514725
2025-08-24,21006,2025082405014495,NIFRA,Dynamic Money Managers Securities Pvt. Ltd.,Naasa Securities Co. Ltd.,50,277.0,13850.0,2025-08-24 14:07:41.514752
2025-08-24,21005,2025082405014496,NIFRA,Agrawal Securities (PVT) Ltd.,Naasa Securities Co. Ltd.,70,277.0,19390.0,2025-08-24 14:07:41.514784
2025-08-24,21004,2025082405014497,NIFRA,Imperial Securities Company Pvt. Ltd.,Naasa Securities Co. Ltd.,200,277.0,55400.0,2025-08-24 14:07:41.514816
2025-08-24,21003,2025082405014498,NIFRA,Deevyaa Securities & Stock House Pvt. Ltd,Naasa Securities Co. Ltd.,790,277.0,218830.0,2025-08-24 14:07:41.514838
2025-08-24,20709,2025082405014629,NIFRA,Secured Securities Ltd.,Imperial Securities Company Pvt. Ltd.,10,278.0,2780.0,2025-08-24 14:08:42.495638
2025-08-24,20658,2025082405014640,NIFRA,Secured Securities Ltd.,Agrawal Securities (PVT) Ltd.,54,278.0,15012.0,2025-08-24 14:08:56.085748
2025-08-24,20645,2025082405014646,NIFRA,Secured Securities Ltd.,K.B.L. Securities Limited ,70,278.0,19460.0,2025-08-24 14:09:02.403614
2025-08-24,19854,2025082405014945,NIFRA,Kumari Securities Private Limited,Vision Securities Pvt. Ltd,54,277.2,14968.8,2025-08-24 14:11:40.701631
2025-08-24,19797,2025082405014976,NIFRA,Kumari Securities Private Limited,Kalika Securities Pvt. Ltd.,54,277.2,14968.8,2025-08-24 14:11:51.481348
2025-08-24,19655,2025082405015023,NIFRA,Trisul Securities & Invt. Ltd.,Kohinoor Investment & Securities Pvt. Ltd.,75,278.0,20850.0,2025-08-24 14:12:26.653919
2025-08-24,19589,2025082405015047,NIFRA,Sani Securities Company Ltd.,Kohinoor Investment & Securities Pvt. Ltd.,50,278.0,13900.0,2025-08-24 14:12:48.763767
2025-08-24,19503,2025082405015073,NIFRA,Oxford Securities Pvt. Ltd.,Dynamic Money Managers Securities Pvt. Ltd.,64,277.1,17734.4,2025-08-24 14:13:01.719152
2025-08-24,19286,2025082405015127,NIFRA,Sumeru Securities Pvt. Ltd.,Vision Securities Pvt. Ltd,100,277.5,27750.0,2025-08-24 14:13:41.327441
2025-08-24,19285,2025082405015128,NIFRA,Oxford Securities Pvt. Ltd.,Vision Securities Pvt. Ltd,1400,277.1,387940.0,2025-08-24 14:13:41.328309
2025-08-24,18925,2025082405015250,NIFRA,Secured Securities Ltd.,Primo Securities (PVT) Ltd.,54,277.3,14974.2,2025-08-24 14:14:47.189170
2025-08-24,18725,2025082405015318,NIFRA,Secured Securities Ltd.,Sani Securities Company Ltd.,12,277.3,3327.6,2025-08-24 14:15:32.459743
2025-08-24,18618,2025082405015356,NIFRA,Sani Securities Company Ltd.,Capital Max Securities Ltd,102,277.9,28345.8,2025-08-24 14:15:49.622687
2025-08-24,18465,2025082405015406,NIFRA,Sani Securities Company Ltd.,Dipshikha Dhitopatra Karobar Co. Pvt Ltd.,58,277.9,16118.2,2025-08-24 14:16:27.965481
2025-08-24,18464,2025082405015407,NIFRA,Secured Securities Ltd.,Dipshikha Dhitopatra Karobar Co. Pvt Ltd.,29,277.3,8041.7,2025-08-24 14:16:27.966450
2025-08-24,18463,2025082405015408,NIFRA,Nepal Investment And Securities Trading Private Limited,Dipshikha Dhitopatra Karobar Co. Pvt Ltd.,108,277.3,29948.4,2025-08-24 14:16:27.967083
2025-08-24,18462,2025082405015409,NIFRA,Premier Securities Company Ltd.,Dipshikha Dhitopatra Karobar Co. Pvt Ltd.,300,277.2,83160.0,2025-08-24 14:16:27.967725
2025-08-24,18461,2025082405015410,NIFRA,Deevyaa Securities & Stock House Pvt. Ltd,Dipshikha Dhitopatra Karobar Co. Pvt Ltd.,210,277.0,58170.0,2025-08-24 14:16:27.968375
2025-08-24,18460,2025082405015411,NIFRA,Vision Securities Pvt. Ltd,Dipshikha Dhitopatra Karobar Co. Pvt Ltd.,1000,277.0,277000.0,2025-08-24 14:16:27.969000
2025-08-24,18459,2025082405015412,NIFRA,Primo Securities (PVT) Ltd.,Dipshikha Dhitopatra Karobar Co. Pvt Ltd.,100,277.0,27700.0,2025-08-24 14:16:27.969630
2025-08-24,18458,2025082405015413,NIFRA,Imperial Securities Company Pvt. Ltd.,Dipshikha Dhitopatra Karobar Co. Pvt Ltd.,100,277.0,27700.0,2025-08-24 14:16:27.970252
2025-08-24,18457,2025082405015414,NIFRA,Sani Securities Company Ltd.,Dipshikha Dhitopatra Karobar Co. Pvt Ltd.,500,277.0,138500.0,2025-08-24 14:16:27.970894
2025-08-24,18456,2025082405015415,NIFRA,Sewa Securities Pvt. Ltd.,Dipshikha Dhitopatra Karobar Co. Pvt Ltd.,106,277.0,29362.0,2025-08-24 14:16:27.971516
2025-08-24,18455,2025082405015416,NIFRA,Oxford Securities Pvt. Ltd.,Dipshikha Dhitopatra Karobar Co. Pvt Ltd.,40,277.0,11080.0,2025-08-24 14:16:27.972132
2025-08-24,18454,2025082405015417,NIFRA,Citizens Share Broker Limited,Dipshikha Dhitopatra Karobar Co. Pvt Ltd.,100,277.0,27700.0,2025-08-24 14:16:27.972736
2025-08-24,18453,2025082405015418,NIFRA,Naasa Securities Co. Ltd.,Dipshikha Dhitopatra Karobar Co. Pvt Ltd.,700,277.0,193900.0,2025-08-24 14:16:27.973359
2025-08-24,18452,2025082405015419,NIFRA,ABC Securities Private Limited,Dipshikha Dhitopatra Karobar Co. Pvt Ltd.,74,277.0,20498.0,2025-08-24 14:16:27.973703
2025-08-24,18418,2025082405015435,NIFRA,ABC Securities Private Limited,Dipshikha Dhitopatra Karobar Co. Pvt Ltd.,54,277.0,14958.0,2025-08-24 14:16:37.034225
2025-08-24,18385,2025082405015450,NIFRA,ABC Securities Private Limited,Dipshikha Dhitopatra Karobar Co. Pvt Ltd.,872,277.0,241544.0,2025-08-24 14:16:45.094355
2025-08-24,18384,2025082405015451,NIFRA,Naasa Securities Co. Ltd.,Dipshikha Dhitopatra Karobar Co. Pvt Ltd.,80,277.0,22160.0,2025-08-24 14:16:45.094727
2025-08-24,18383,2025082405015452,NIFRA,Naasa Securities Co. Ltd.,Dipshikha Dhitopatra Karobar Co. Pvt Ltd.,50,277.0,13850.0,2025-08-24 14:16:45.094935
2025-08-24,18382,2025082405015453,NIFRA,Siprabi Securities Pvt. Ltd.,Dipshikha Dhitopatra Karobar Co. Pvt Ltd.,100,277.0,27700.0,2025-08-24 14:16:45.095135
2025-08-24,18381,2025082405015454,NIFRA,Kalika Securities Pvt. Ltd.,Dipshikha Dhitopatra Karobar Co. Pvt Ltd.,235,277.0,65095.0,2025-08-24 14:16:45.095342
2025-08-24,18380,2025082405015455,NIFRA,Agrawal Securities (PVT) Ltd.,Dipshikha Dhitopatra Karobar Co. Pvt Ltd.,163,277.0,45151.0,2025-08-24 14:16:45.095543
2025-08-24,18170,2025082405015533,NIFRA,Agrawal Securities (PVT) Ltd.,Dipshikha Dhitopatra Karobar Co. Pvt Ltd.,197,277.0,54569.0,2025-08-24 14:17:27.534683
2025-08-24,18169,2025082405015534,NIFRA,Sundhara Securities Limited,Dipshikha Dhitopatra Karobar Co. Pvt Ltd.,803,277.0,222431.0,2025-08-24 14:17:27.535523
2025-08-24,18043,2025082405015579,NIFRA,Sundhara Securities Limited,Sri Hari Securities Pvt. Ltd.,197,277.0,54569.0,2025-08-24 14:17:50.306019
2025-08-24,18042,2025082405015580,NIFRA,Sharepro Securities Private Limited,Sri Hari Securities Pvt. Ltd.,347,277.0,96119.0,2025-08-24 14:17:50.306857
2025-08-24,17743,2025082405015672,NIFRA,Sharepro Securities Private Limited,Linch Stock Market Ltd.,44,277.0,12188.0,2025-08-24 14:18:48.599674
2025-08-24,17651,2025082405015702,NIFRA,Sharepro Securities Private Limited,Himalayan Securities Limited,64,277.0,17728.0,2025-08-24 14:19:05.583581
2025-08-24,17629,2025082405015704,NIFRA,Sharepro Securities Private Limited,Vision Securities Pvt. Ltd,45,277.0,12465.0,2025-08-24 14:19:07.139167
2025-08-24,17628,2025082405015705,NIFRA,Sani Securities Company Ltd.,Vision Securities Pvt. Ltd,50,277.0,13850.0,2025-08-24 14:19:07.139608
2025-08-24,17627,2025082405015706,NIFRA,Siprabi Securities Pvt. Ltd.,Vision Securities Pvt. Ltd,75,277.0,20775.0,2025-08-24 14:19:07.139842
2025-08-24,17603,2025082405015711,NIFRA,Siprabi Securities Pvt. Ltd.,Linch Stock Market Ltd.,10,277.0,2770.0,2025-08-24 14:19:11.722705
2025-08-24,17403,2025082405015798,NIFRA,Siprabi Securities Pvt. Ltd.,Deevyaa Securities & Stock House Pvt. Ltd,15,277.0,4155.0,2025-08-24 14:19:50.801094
2025-08-24,17402,2025082405015799,NIFRA,Ashutosh Brokerage & Securities (PVT) Ltd.,Deevyaa Securities & Stock House Pvt. Ltd,65,276.7,17985.5,2025-08-24 14:19:50.801963
2025-08-24,17397,2025082405015801,NIFRA,Aryatara Investment & Securities,Kohinoor Investment & Securities Pvt. Ltd.,4,272.0,1088.0,2025-08-24 14:19:52.666492
2025-08-24,17333,2025082405015852,NIFRA,Aryatara Investment & Securities,Dynamic Money Managers Securities Pvt. Ltd.,4,275.0,1100.0,2025-08-24 14:20:00.729842
2025-08-24,17058,2025082405015930,NIFRA,Ashutosh Brokerage & Securities (PVT) Ltd.,J.F. Securites (PVT) Ltd.,35,276.7,9684.5,2025-08-24 14:21:04.240176
2025-08-24,17057,2025082405015931,NIFRA,Sumeru Securities Pvt. Ltd.,J.F. Securites (PVT) Ltd.,19,276.5,5253.5,2025-08-24 14:21:04.240304
2025-08-24,16900,2025082405015982,NIFRA,Sumeru Securities Pvt. Ltd.,Neev Securities Pvt. Ltd.,54,276.5,14931.0,2025-08-24 14:21:35.123780
2025-08-24,16356,2025082405016118,NIFRA,Trishakti Securities Public Limited,Malla & Malla Stock Broking Company Pvt. Limited,54,277.0,14958.0,2025-08-24 14:23:17.510882
2025-08-24,16345,2025082405016121,NIFRA,Trishakti Securities Public Limited,Sani Securities Company Ltd.,81,277.0,22437.0,2025-08-24 14:23:20.633147
2025-08-24,16344,2025082405016122,NIFRA,Himalayan Brokerage Company Limited,Sani Securities Company Ltd.,19,276.6,5255.4,2025-08-24 14:23:20.633611
2025-08-24,16221,2025082405016153,NIFRA,Sani Securities Company Ltd.,Kohinoor Investment & Securities Pvt. Ltd.,10,278.0,2780.0,2025-08-24 14:23:50.990830
2025-08-24,16186,2025082405016169,NIFRA,Oxford Securities Pvt. Ltd.,Deevyaa Securities & Stock House Pvt. Ltd,54,277.0,14958.0,2025-08-24 14:24:01.967104
2025-08-24,16172,2025082405016174,NIFRA,Oxford Securities Pvt. Ltd.,Cristal Kanchanjanga Securites Pvt. Ltd.,500,277.0,138500.0,2025-08-24 14:24:04.462640
2025-08-24,16163,2025082405016176,NIFRA,Imperial Securities Company Pvt. Ltd.,Sewa Securities Pvt. Ltd.,9,277.0,2493.0,2025-08-24 14:24:05.288614
2025-08-24,16117,2025082405016194,NIFRA,Oxford Securities Pvt. Ltd.,Dipshikha Dhitopatra Karobar Co. Pvt Ltd.,54,277.0,14958.0,2025-08-24 14:24:11.251157
2025-08-24,16090,2025082405016197,NIFRA,Imperial Securities Company Pvt. Ltd.,Online Securities Pvt. Ltd.,4,277.4,1109.6,2025-08-24 14:24:17.407622
2025-08-24,16028,2025082405016217,NIFRA,Imperial Securities Company Pvt. Ltd.,Arun Securities (PVT) Ltd.,4,277.6,1110.4,2025-08-24 14:24:28.544659
2025-08-24,15889,2025082405016256,NIFRA,Oxford Securities Pvt. Ltd.,Trishakti Securities Public Limited,547,277.0,151519.0,2025-08-24 14:24:39.940575
2025-08-24,15888,2025082405016257,NIFRA,Himalayan Brokerage Company Limited,Trishakti Securities Public Limited,281,276.6,77724.6,2025-08-24 14:24:39.941036
2025-08-24,15887,2025082405016258,NIFRA,Sumeru Securities Pvt. Ltd.,Trishakti Securities Public Limited,127,276.5,35115.5,2025-08-24 14:24:39.941254
2025-08-24,15886,2025082405016259,NIFRA,Deevyaa Securities & Stock House Pvt. Ltd,Trishakti Securities Public Limited,50,276.5,13825.0,2025-08-24 14:24:39.941610
2025-08-24,15885,2025082405016260,NIFRA,Cristal Kanchanjanga Securites Pvt. Ltd.,Trishakti Securities Public Limited,400,276.2,110480.0,2025-08-24 14:24:39.941905
2025-08-24,15884,2025082405016261,NIFRA,Naasa Securities Co. Ltd.,Trishakti Securities Public Limited,297,276.2,82031.4,2025-08-24 14:24:39.942182
2025-08-24,15883,2025082405016262,NIFRA,Kumari Securities Private Limited,Trishakti Securities Public Limited,500,276.1,138050.0,2025-08-24 14:24:39.942459
2025-08-24,15882,2025082405016263,NIFRA,Vision Securities Pvt. Ltd,Trishakti Securities Public Limited,500,276.1,138050.0,2025-08-24 14:24:39.942767
2025-08-24,15881,2025082405016264,NIFRA,Dipshikha Dhitopatra Karobar Co. Pvt Ltd.,Trishakti Securities Public Limited,10,276.1,2761.0,2025-08-24 14:24:39.942983
2025-08-24,15880,2025082405016265,NIFRA,Sani Securities Company Ltd.,Trishakti Securities Public Limited,1000,276.0,276000.0,2025-08-24 14:24:39.943218
2025-08-24,15879,2025082405016266,NIFRA,Premier Securities Company Ltd.,Trishakti Securities Public Limited,50,276.0,13800.0,2025-08-24 14:24:39.943562
2025-08-24,15878,2025082405016267,NIFRA,Trishakti Securities Public Limited,Trishakti Securities Public Limited,100,276.0,27600.0,2025-08-24 14:24:39.943870
