Date,S.N.,contract_id,symbol,buyer_broker,seller_broker,volume,price,amount,transaction_time
2025-09-01,68234,2025090105000121,CHDC,Bhrikuti Stock Broking Co. Pvt. Ltd.,Kumari Securities Private Limited,500,2522.0,1261000.0,2025-09-01 11:02:15.232730
2025-09-01,68070,2025090105000149,CHDC,Opal Securities Investment (PVT) Ltd.,Imperial Securities Company Pvt. Ltd.,12,2501.0,30012.0,2025-09-01 11:02:49.256547
2025-09-01,67716,2025090105000185,CHDC,INDEX SECURITIES LIMITED,Sumeru Securities Pvt. Ltd.,10,2522.0,25220.0,2025-09-01 11:04:04.661572
2025-09-01,66817,2025090105000421,CHDC,SUN SECURITIES PVT LTD,Asian Securities Private Ltd.,20,2521.0,50420.0,2025-09-01 11:07:30.347369
2025-09-01,66030,2025090105000551,CHDC,Cristal Kanchanjanga Securites Pvt. Ltd.,Sri Hari Securities Pvt. Ltd.,43,2507.0,107801.0,2025-09-01 11:10:09.268265
2025-09-01,66029,2025090105000552,CHDC,Primo Securities (PVT) Ltd.,Sri Hari Securities Pvt. Ltd.,10,2506.1,25061.0,2025-09-01 11:10:09.268373
2025-09-01,66028,2025090105000553,CHDC,Miyo Securities Pvt Ltd,Sri Hari Securities Pvt. Ltd.,20,2506.0,50120.0,2025-09-01 11:10:09.268427
2025-09-01,66027,2025090105000554,CHDC,SUN SECURITIES PVT LTD,Sri Hari Securities Pvt. Ltd.,20,2505.0,50100.0,2025-09-01 11:10:09.268473
2025-09-01,66026,2025090105000555,CHDC,Secured Securities Ltd.,Sri Hari Securities Pvt. Ltd.,10,2503.1,25031.0,2025-09-01 11:10:09.268524
2025-09-01,66025,2025090105000556,CHDC,Sumeru Securities Pvt. Ltd.,Sri Hari Securities Pvt. Ltd.,20,2503.0,50060.0,2025-09-01 11:10:09.268567
2025-09-01,66024,2025090105000557,CHDC,Dipshikha Dhitopatra Karobar Co. Pvt Ltd.,Sri Hari Securities Pvt. Ltd.,10,2502.1,25021.0,2025-09-01 11:10:09.268608
2025-09-01,66023,2025090105000558,CHDC,SUN SECURITIES PVT LTD,Sri Hari Securities Pvt. Ltd.,60,2502.0,150120.0,2025-09-01 11:10:09.268650
2025-09-01,63249,2025090105001170,CHDC,Kumari Securities Private Limited,SUN SECURITIES PVT LTD,1,2500.0,2500.0,2025-09-01 11:18:41.414483
2025-09-01,62932,2025090105001256,CHDC,Sumeru Securities Pvt. Ltd.,Sumeru Securities Pvt. Ltd.,100,2510.1,251010.0,2025-09-01 11:19:44.557571
2025-09-01,62931,2025090105001257,CHDC,Market Securities & Exchange (PVT) Ltd.,Sumeru Securities Pvt. Ltd.,100,2510.1,251010.0,2025-09-01 11:19:44.557723
2025-09-01,62930,2025090105001258,CHDC,Kumari Securities Private Limited,Sumeru Securities Pvt. Ltd.,290,2510.0,727900.0,2025-09-01 11:19:44.557787
2025-09-01,62843,2025090105001284,CHDC,Kumari Securities Private Limited,Naasa Securities Co. Ltd.,12,2510.0,30120.0,2025-09-01 11:20:01.279393
2025-09-01,62737,2025090105001317,CHDC,Kumari Securities Private Limited,ABC Securities Private Limited,188,2510.0,471880.0,2025-09-01 11:20:22.279288
2025-09-01,60842,2025090105001810,CHDC,INDEX SECURITIES LIMITED,Sumeru Securities Pvt. Ltd.,10,2528.0,25280.0,2025-09-01 11:26:28.417972
2025-09-01,60479,2025090105001926,CHDC,Sumeru Securities Pvt. Ltd.,Linch Stock Market Ltd.,12,2510.1,30121.2,2025-09-01 11:27:49.424352
2025-09-01,60226,2025090105001987,CHDC,Malla & Malla Stock Broking Company Pvt. Limited,Opal Securities Investment (PVT) Ltd.,2,2510.0,5020.0,2025-09-01 11:28:30.754260
2025-09-01,59784,2025090105002099,CHDC,INDEX SECURITIES LIMITED,INDEX SECURITIES LIMITED,100,2511.0,251100.0,2025-09-01 11:29:58.064620
2025-09-01,59783,2025090105002100,CHDC,Primo Securities (PVT) Ltd.,INDEX SECURITIES LIMITED,10,2510.2,25102.0,2025-09-01 11:29:58.064789
2025-09-01,59782,2025090105002101,CHDC,Trisul Securities & Invt. Ltd.,INDEX SECURITIES LIMITED,10,2510.2,25102.0,2025-09-01 11:29:58.064858
2025-09-01,59781,2025090105002102,CHDC,Sumeru Securities Pvt. Ltd.,INDEX SECURITIES LIMITED,288,2510.1,722908.8,2025-09-01 11:29:58.064926
2025-09-01,59780,2025090105002103,CHDC,Kumari Securities Private Limited,INDEX SECURITIES LIMITED,10,2510.0,25100.0,2025-09-01 11:29:58.064991
2025-09-01,59779,2025090105002104,CHDC,Nepal Investment And Securities Trading Private Limited,INDEX SECURITIES LIMITED,500,2510.0,1255000.0,2025-09-01 11:29:58.065078
2025-09-01,59778,2025090105002105,CHDC,Nagarik Stock Dealer ,INDEX SECURITIES LIMITED,10,2510.0,25100.0,2025-09-01 11:29:58.065144
2025-09-01,59777,2025090105002106,CHDC,K.B.L. Securities Limited ,INDEX SECURITIES LIMITED,72,2510.0,180720.0,2025-09-01 11:29:58.065208
2025-09-01,59354,2025090105002187,CHDC,K.B.L. Securities Limited ,Sumeru Securities Pvt. Ltd.,28,2510.0,70280.0,2025-09-01 11:31:19.545743
2025-09-01,59353,2025090105002188,CHDC,Market Securities & Exchange (PVT) Ltd.,Sumeru Securities Pvt. Ltd.,22,2507.1,55156.2,2025-09-01 11:31:19.545933
2025-09-01,58975,2025090105002288,CHDC,Asian Securities Private Ltd.,Kumari Securities Private Limited,1,2460.0,2460.0,2025-09-01 11:32:42.816680
2025-09-01,58961,2025090105002293,CHDC,Bhrikuti Stock Broking Co. Pvt. Ltd.,ABC Securities Private Limited,490,2510.0,1229900.0,2025-09-01 11:32:45.152613
2025-09-01,58765,2025090105002329,CHDC,Sri Hari Securities Pvt. Ltd.,ABC Securities Private Limited,100,2511.0,251100.0,2025-09-01 11:33:19.496037
2025-09-01,58757,2025090105002331,CHDC,Primo Securities (PVT) Ltd.,Prabhu Stock Market Limited,100,2511.0,251100.0,2025-09-01 11:33:21.954115
2025-09-01,58721,2025090105002339,CHDC,Primo Securities (PVT) Ltd.,Global IME Securities Limited,55,2511.0,138105.0,2025-09-01 11:33:31.801539
2025-09-01,58432,2025090105002399,CHDC,Primo Securities (PVT) Ltd.,Blue Chip Securities Ltd,12,2511.0,30132.0,2025-09-01 11:34:41.548106
2025-09-01,57256,2025090105002695,CHDC,Primo Securities (PVT) Ltd.,Asian Securities Private Ltd.,20,2523.0,50460.0,2025-09-01 11:38:53.302879
2025-09-01,57255,2025090105002696,CHDC,Primo Securities (PVT) Ltd.,ABC Securities Private Limited,200,2524.0,504800.0,2025-09-01 11:38:53.303085
2025-09-01,57254,2025090105002697,CHDC,Primo Securities (PVT) Ltd.,ABC Securities Private Limited,113,2526.0,285438.0,2025-09-01 11:38:53.303159
2025-09-01,56929,2025090105002784,CHDC,SUN SECURITIES PVT LTD,Online Securities Pvt. Ltd.,1,2500.0,2500.0,2025-09-01 11:40:12.887757
2025-09-01,56723,2025090105002827,CHDC,Primo Securities (PVT) Ltd.,Nepal Investment And Securities Trading Private Limited,12,2512.3,30147.6,2025-09-01 11:40:59.189757
2025-09-01,56613,2025090105002858,CHDC,Malla & Malla Stock Broking Company Pvt. Limited,Aryatara Investment & Securities,1,2510.0,2510.0,2025-09-01 11:41:31.182270
2025-09-01,56279,2025090105002946,CHDC,INDEX SECURITIES LIMITED,ABC Securities Private Limited,10,2523.0,25230.0,2025-09-01 11:42:55.365736
2025-09-01,56125,2025090105002992,CHDC,Primo Securities (PVT) Ltd.,ABC Securities Private Limited,140,2523.0,353220.0,2025-09-01 11:43:35.211913
2025-09-01,56124,2025090105002993,CHDC,Primo Securities (PVT) Ltd.,ABC Securities Private Limited,100,2524.0,252400.0,2025-09-01 11:43:35.212091
2025-09-01,56123,2025090105002994,CHDC,Primo Securities (PVT) Ltd.,INDEX SECURITIES LIMITED,100,2524.9,252490.0,2025-09-01 11:43:35.212166
2025-09-01,56122,2025090105002995,CHDC,Primo Securities (PVT) Ltd.,ABC Securities Private Limited,148,2524.9,373685.2,2025-09-01 11:43:35.212237
2025-09-01,56071,2025090105003002,CHDC,Kumari Securities Private Limited,N.M.B. SECURITIES LIMITED,200,2513.0,502600.0,2025-09-01 11:43:44.796946
2025-09-01,56056,2025090105003005,CHDC,Linch Stock Market Ltd.,ABC Securities Private Limited,50,2524.9,126245.0,2025-09-01 11:43:49.200041
2025-09-01,54528,2025090105003416,CHDC,Kumari Securities Private Limited,Sumeru Securities Pvt. Ltd.,100,2514.1,251410.0,2025-09-01 11:49:41.779071
2025-09-01,54527,2025090105003417,CHDC,Creative Securities Pvt Ltd,Sumeru Securities Pvt. Ltd.,20,2512.2,50244.0,2025-09-01 11:49:41.779268
2025-09-01,54526,2025090105003418,CHDC,Market Securities & Exchange (PVT) Ltd.,Sumeru Securities Pvt. Ltd.,100,2512.2,251220.0,2025-09-01 11:49:41.779355
2025-09-01,54525,2025090105003419,CHDC,Sumeru Securities Pvt. Ltd.,Sumeru Securities Pvt. Ltd.,200,2512.1,502420.0,2025-09-01 11:49:41.779435
2025-09-01,54524,2025090105003420,CHDC,Sharepro Securities Private Limited,Sumeru Securities Pvt. Ltd.,100,2512.1,251210.0,2025-09-01 11:49:41.779507
2025-09-01,54523,2025090105003421,CHDC,Sipla Securities Private Limited,Sumeru Securities Pvt. Ltd.,480,2512.0,1205760.0,2025-09-01 11:49:41.779583
2025-09-01,54418,2025090105003449,CHDC,Sipla Securities Private Limited,Sumeru Securities Pvt. Ltd.,1520,2512.0,3818240.0,2025-09-01 11:50:11.870113
2025-09-01,53946,2025090105003567,CHDC,R.B.B. Securities Company Ltd,J.F. Securites (PVT) Ltd.,12,2524.0,30288.0,2025-09-01 11:52:17.224409
2025-09-01,53945,2025090105003568,CHDC,R.B.B. Securities Company Ltd,ABC Securities Private Limited,58,2524.8,146438.4,2025-09-01 11:52:17.224603
2025-09-01,53860,2025090105003579,CHDC,Sanima Securities Limited,Sweta Securities Private Limited,1,2514.0,2514.0,2025-09-01 11:52:35.214974
2025-09-01,52511,2025090105003900,CHDC,N.I.M.B. Stock Markets Limited,Naasa Securities Co. Ltd.,10,2523.5,25235.0,2025-09-01 11:57:52.788460
2025-09-01,52510,2025090105003901,CHDC,N.I.M.B. Stock Markets Limited,Secured Securities Ltd.,50,2523.9,126195.0,2025-09-01 11:57:52.788840
2025-09-01,52509,2025090105003902,CHDC,N.I.M.B. Stock Markets Limited,N.I.M.B. Stock Markets Limited,12,2524.0,30288.0,2025-09-01 11:57:52.789101
2025-09-01,52508,2025090105003903,CHDC,N.I.M.B. Stock Markets Limited,Midas Stock Broking Company Private Limited,12,2524.0,30288.0,2025-09-01 11:57:52.789373
2025-09-01,52383,2025090105003932,CHDC,Sumeru Securities Pvt. Ltd.,ABC Securities Private Limited,42,2524.8,106041.6,2025-09-01 11:58:20.220363
2025-09-01,52382,2025090105003933,CHDC,Sumeru Securities Pvt. Ltd.,Naasa Securities Co. Ltd.,12,2524.8,30297.6,2025-09-01 11:58:20.220688
2025-09-01,52381,2025090105003934,CHDC,Sumeru Securities Pvt. Ltd.,ABC Securities Private Limited,46,2524.9,116145.4,2025-09-01 11:58:20.220918
2025-09-01,52226,2025090105003989,CHDC,Arun Securities (PVT) Ltd.,ABC Securities Private Limited,25,2524.9,63122.5,2025-09-01 11:58:55.723546
2025-09-01,52225,2025090105003990,CHDC,Kumari Securities Private Limited,ABC Securities Private Limited,29,2524.9,73222.1,2025-09-01 11:58:55.917910
2025-09-01,52224,2025090105003991,CHDC,Kumari Securities Private Limited,Sumeru Securities Pvt. Ltd.,25,2525.0,63125.0,2025-09-01 11:58:55.918267
2025-09-01,51750,2025090105004143,CHDC,N.I.M.B. Stock Markets Limited,Naasa Securities Co. Ltd.,12,2524.0,30288.0,2025-09-01 12:00:18.626710
2025-09-01,50004,2025090105004656,CHDC,Asian Securities Private Ltd.,Nepal Investment And Securities Trading Private Limited,12,2518.0,30216.0,2025-09-01 12:07:13.682642
2025-09-01,50002,2025090105004658,CHDC,Sumeru Securities Pvt. Ltd.,Imperial Securities Company Pvt. Ltd.,10,2524.5,25245.0,2025-09-01 12:07:14.030189
2025-09-01,50001,2025090105004659,CHDC,Sumeru Securities Pvt. Ltd.,Sumeru Securities Pvt. Ltd.,10,2525.0,25250.0,2025-09-01 12:07:14.030445
2025-09-01,49846,2025090105004736,CHDC,Sanima Securities Limited,Swarna Laxmi Securities Pvt. Ltd.,5,2520.0,12600.0,2025-09-01 12:07:46.467280
2025-09-01,49518,2025090105004846,CHDC,Asian Securities Private Ltd.,Sumeru Securities Pvt. Ltd.,100,2525.0,252500.0,2025-09-01 12:09:01.170876
2025-09-01,49510,2025090105004849,CHDC,Aakashbhairab Securities Ltd.,Sumeru Securities Pvt. Ltd.,55,2525.0,138875.0,2025-09-01 12:09:02.927945
2025-09-01,49509,2025090105004850,CHDC,Aakashbhairab Securities Ltd.,SUN SECURITIES PVT LTD,12,2525.0,30300.0,2025-09-01 12:09:02.928143
2025-09-01,49508,2025090105004851,CHDC,Aakashbhairab Securities Ltd.,Trishakti Securities Public Limited,1433,2525.0,3618325.0,2025-09-01 12:09:02.928222
2025-09-01,49422,2025090105004866,CHDC,Asian Securities Private Ltd.,Trishakti Securities Public Limited,188,2525.0,474700.0,2025-09-01 12:09:18.282991
2025-09-01,49393,2025090105004883,CHDC,Aakashbhairab Securities Ltd.,Trishakti Securities Public Limited,150,2525.0,378750.0,2025-09-01 12:09:23.982717
2025-09-01,49354,2025090105004902,CHDC,Investment Management Nepal Pvt. Ltd.,Trishakti Securities Public Limited,60,2525.0,151500.0,2025-09-01 12:09:32.886935
2025-09-01,49226,2025090105004939,CHDC,Aakashbhairab Securities Ltd.,Trishakti Securities Public Limited,100,2525.0,252500.0,2025-09-01 12:09:55.068086
2025-09-01,49186,2025090105004950,CHDC,Kumari Securities Private Limited,Trishakti Securities Public Limited,69,2525.0,174225.0,2025-09-01 12:09:59.108206
2025-09-01,49185,2025090105004951,CHDC,Kumari Securities Private Limited,ABC Securities Private Limited,200,2525.0,505000.0,2025-09-01 12:09:59.108426
2025-09-01,49184,2025090105004952,CHDC,Kumari Securities Private Limited,ABC Securities Private Limited,100,2525.0,252500.0,2025-09-01 12:09:59.108526
2025-09-01,49183,2025090105004953,CHDC,Kumari Securities Private Limited,Hatemalo Financial Services Private Limited,31,2526.9,78333.9,2025-09-01 12:09:59.108607
2025-09-01,49097,2025090105004977,CHDC,Neev Securities Pvt. Ltd.,Hatemalo Financial Services Private Limited,19,2526.9,48011.1,2025-09-01 12:10:20.588844
2025-09-01,49096,2025090105004978,CHDC,Neev Securities Pvt. Ltd.,Kumari Securities Private Limited,81,2527.0,204687.0,2025-09-01 12:10:20.589019
2025-09-01,49018,2025090105005007,CHDC,Sewa Securities Pvt. Ltd.,Kumari Securities Private Limited,19,2527.0,48013.0,2025-09-01 12:10:41.150760
2025-09-01,49017,2025090105005008,CHDC,Sewa Securities Pvt. Ltd.,Naasa Securities Co. Ltd.,181,2527.0,457387.0,2025-09-01 12:10:41.150955
2025-09-01,48998,2025090105005017,CHDC,Midas Stock Broking Company Private Limited,Naasa Securities Co. Ltd.,30,2527.0,75810.0,2025-09-01 12:10:45.519496
2025-09-01,48974,2025090105005025,CHDC,Cristal Kanchanjanga Securites Pvt. Ltd.,Naasa Securities Co. Ltd.,300,2527.0,758100.0,2025-09-01 12:10:52.347760
2025-09-01,48891,2025090105005050,CHDC,Nepal Stock House (PVT) Ltd.,Naasa Securities Co. Ltd.,200,2527.0,505400.0,2025-09-01 12:11:13.931649
2025-09-01,48689,2025090105005064,CHDC,Blue Chip Securities Ltd,Naasa Securities Co. Ltd.,189,2527.0,477603.0,2025-09-01 12:11:23.250499
2025-09-01,48688,2025090105005065,CHDC,Blue Chip Securities Ltd,Sri Hari Securities Pvt. Ltd.,12,2527.0,30324.0,2025-09-01 12:11:23.250726
2025-09-01,47713,2025090105005248,CHDC,Premier Securities Company Ltd.,Linch Stock Market Ltd.,12,2530.0,30360.0,2025-09-01 12:14:20.428968
2025-09-01,47285,2025090105005331,CHDC,Neev Securities Pvt. Ltd.,Secured Securities Ltd.,12,2527.0,30324.0,2025-09-01 12:14:51.864065
2025-09-01,46953,2025090105005400,CHDC,Neev Securities Pvt. Ltd.,Capital Max Securities Ltd,88,2527.0,222376.0,2025-09-01 12:15:45.321043
2025-09-01,46662,2025090105005478,CHDC,Sharepro Securities Private Limited,Sumeru Securities Pvt. Ltd.,50,2526.0,126300.0,2025-09-01 12:16:44.512352
2025-09-01,46249,2025090105005543,CHDC,Sharepro Securities Private Limited,ABC Securities Private Limited,150,2526.0,378900.0,2025-09-01 12:17:43.457966
2025-09-01,46157,2025090105005573,CHDC,Sani Securities Company Ltd.,Cristal Kanchanjanga Securites Pvt. Ltd.,100,2525.0,252500.0,2025-09-01 12:18:05.031300
2025-09-01,46156,2025090105005574,CHDC,Sweta Securities Private Limited,Cristal Kanchanjanga Securites Pvt. Ltd.,30,2519.0,75570.0,2025-09-01 12:18:05.031423
2025-09-01,46155,2025090105005575,CHDC,Miyo Securities Pvt Ltd,Cristal Kanchanjanga Securites Pvt. Ltd.,51,2516.0,128316.0,2025-09-01 12:18:05.031497
2025-09-01,45457,2025090105005779,CHDC,Linch Stock Market Ltd.,ABC Securities Private Limited,158,2525.0,398950.0,2025-09-01 12:20:47.690181
2025-09-01,45421,2025090105005791,CHDC,Linch Stock Market Ltd.,Dipshikha Dhitopatra Karobar Co. Pvt Ltd.,150,2525.0,378750.0,2025-09-01 12:21:01.185095
2025-09-01,44654,2025090105006051,CHDC,Bhrikuti Stock Broking Co. Pvt. Ltd.,Sani Securities Company Ltd.,10,2526.0,25260.0,2025-09-01 12:24:38.936300
2025-09-01,44496,2025090105006098,CHDC,SUN SECURITIES PVT LTD,Citizens Share Broker Limited,1,2510.0,2510.0,2025-09-01 12:25:19.663990
2025-09-01,43990,2025090105006268,CHDC,N.M.B. SECURITIES LIMITED,Dipshikha Dhitopatra Karobar Co. Pvt Ltd.,10,2517.1,25171.0,2025-09-01 12:27:08.491715
2025-09-01,43826,2025090105006321,CHDC,Asian Securities Private Ltd.,SUN SECURITIES PVT LTD,1,2470.0,2470.0,2025-09-01 12:27:56.079670
2025-09-01,39857,2025090105007401,CHDC,KALASH STOCK MARKET PVT. LTD.,Midas Stock Broking Company Private Limited,10,2520.0,25200.0,2025-09-01 12:45:57.801982
2025-09-01,39796,2025090105007420,CHDC,Sharepro Securities Private Limited,Nepal Stock House (PVT) Ltd.,12,2518.0,30216.0,2025-09-01 12:46:14.267213
2025-09-01,39705,2025090105007457,CHDC,Sharepro Securities Private Limited,Naasa Securities Co. Ltd.,12,2518.0,30216.0,2025-09-01 12:46:43.303529
2025-09-01,39500,2025090105007525,CHDC,Sharepro Securities Private Limited,Linch Stock Market Ltd.,10,2518.0,25180.0,2025-09-01 12:47:33.023556
2025-09-01,39404,2025090105007535,CHDC,Sharepro Securities Private Limited,Trisul Securities & Invt. Ltd.,12,2518.0,30216.0,2025-09-01 12:48:00.160294
2025-09-01,39374,2025090105007547,CHDC,Miyo Securities Pvt Ltd,Dipshikha Dhitopatra Karobar Co. Pvt Ltd.,10,2525.0,25250.0,2025-09-01 12:48:12.188230
2025-09-01,38861,2025090105007662,CHDC,Sumeru Securities Pvt. Ltd.,Nepal Stock House (PVT) Ltd.,50,2525.0,126250.0,2025-09-01 12:50:28.070719
2025-09-01,38434,2025090105007763,CHDC,Aryatara Investment & Securities,Nepal Stock House (PVT) Ltd.,100,2520.0,252000.0,2025-09-01 12:52:39.635847
2025-09-01,37312,2025090105008106,CHDC,Sharepro Securities Private Limited,Opal Securities Investment (PVT) Ltd.,10,2521.0,25210.0,2025-09-01 12:58:06.376415
2025-09-01,36977,2025090105008178,CHDC,Arun Securities (PVT) Ltd.,Deevyaa Securities & Stock House Pvt. Ltd,35,2522.0,88270.0,2025-09-01 12:59:49.293209
2025-09-01,36976,2025090105008179,CHDC,Sharepro Securities Private Limited,Deevyaa Securities & Stock House Pvt. Ltd,15,2521.0,37815.0,2025-09-01 12:59:49.293485
2025-09-01,36091,2025090105008470,CHDC,Premier Securities Company Ltd.,Online Securities Pvt. Ltd.,1,2470.6,2470.6,2025-09-01 13:04:08.302576
2025-09-01,35617,2025090105008596,CHDC,Cristal Kanchanjanga Securites Pvt. Ltd.,Thrive Brokerage House Pvt. Ltd,100,2525.0,252500.0,2025-09-01 13:06:12.861550
2025-09-01,35616,2025090105008597,CHDC,Sewa Securities Pvt. Ltd.,Thrive Brokerage House Pvt. Ltd,1000,2522.2,2522200.0,2025-09-01 13:06:12.861805
2025-09-01,35615,2025090105008598,CHDC,Nabil Stock Dealer Ltd.,Thrive Brokerage House Pvt. Ltd,400,2522.2,1008880.0,2025-09-01 13:06:12.861903
2025-09-01,35522,2025090105008630,CHDC,Nabil Stock Dealer Ltd.,Thrive Brokerage House Pvt. Ltd,100,2522.2,252220.0,2025-09-01 13:07:00.030015
2025-09-01,35521,2025090105008631,CHDC,N.M.B. SECURITIES LIMITED,Thrive Brokerage House Pvt. Ltd,309,2522.1,779328.9,2025-09-01 13:07:00.030150
2025-09-01,35520,2025090105008632,CHDC,Malla & Malla Stock Broking Company Pvt. Limited,Thrive Brokerage House Pvt. Ltd,150,2522.0,378300.0,2025-09-01 13:07:00.030296
2025-09-01,35519,2025090105008633,CHDC,Kumari Securities Private Limited,Thrive Brokerage House Pvt. Ltd,80,2522.0,201760.0,2025-09-01 13:07:00.030438
2025-09-01,35518,2025090105008634,CHDC,Capital Max Securities Ltd,Thrive Brokerage House Pvt. Ltd,361,2521.1,910117.1,2025-09-01 13:07:00.030547
2025-09-01,34638,2025090105008877,CHDC,Sharepro Securities Private Limited,Opal Securities Investment (PVT) Ltd.,60,2523.0,151380.0,2025-09-01 13:11:12.029366
2025-09-01,34560,2025090105008900,CHDC,Sharepro Securities Private Limited,Naasa Securities Co. Ltd.,12,2523.0,30276.0,2025-09-01 13:11:31.452511
2025-09-01,34372,2025090105008958,CHDC,Midas Stock Broking Company Private Limited,Nepal Investment And Securities Trading Private Limited,10,2525.0,25250.0,2025-09-01 13:12:25.974071
2025-09-01,34247,2025090105008989,CHDC,Trisul Securities & Invt. Ltd.,Online Securities Pvt. Ltd.,12,2525.0,30300.0,2025-09-01 13:13:07.172776
2025-09-01,34246,2025090105008990,CHDC,Trisul Securities & Invt. Ltd.,Sumeru Securities Pvt. Ltd.,10,2525.0,25250.0,2025-09-01 13:13:07.173227
2025-09-01,34245,2025090105008991,CHDC,Trisul Securities & Invt. Ltd.,Sewa Securities Pvt. Ltd.,10,2529.0,25290.0,2025-09-01 13:13:07.173519
2025-09-01,34244,2025090105008992,CHDC,Trisul Securities & Invt. Ltd.,Aryatara Investment & Securities,20,2529.5,50590.0,2025-09-01 13:13:07.173782
2025-09-01,34243,2025090105008993,CHDC,Trisul Securities & Invt. Ltd.,Aryatara Investment & Securities,12,2530.0,30360.0,2025-09-01 13:13:07.174059
2025-09-01,34242,2025090105008994,CHDC,Trisul Securities & Invt. Ltd.,ABC Securities Private Limited,140,2530.0,354200.0,2025-09-01 13:13:07.174331
2025-09-01,34087,2025090105009033,CHDC,Sharepro Securities Private Limited,Agrawal Securities (PVT) Ltd.,12,2523.0,30276.0,2025-09-01 13:13:38.642145
2025-09-01,34040,2025090105009044,CHDC,Sharepro Securities Private Limited,Deevyaa Securities & Stock House Pvt. Ltd,12,2523.0,30276.0,2025-09-01 13:13:56.338077
2025-09-01,34039,2025090105009045,CHDC,Sanima Securities Limited,Nepal Stock House (PVT) Ltd.,4,2520.0,10080.0,2025-09-01 13:13:56.860056
2025-09-01,32753,2025090105009396,CHDC,Sharepro Securities Private Limited,Online Securities Pvt. Ltd.,12,2523.0,30276.0,2025-09-01 13:20:24.425391
2025-09-01,32617,2025090105009450,CHDC,Primo Securities (PVT) Ltd.,Creative Securities Pvt Ltd,12,2525.0,30300.0,2025-09-01 13:21:10.707866
2025-09-01,31095,2025090105009910,CHDC,Capital Max Securities Ltd,Naasa Securities Co. Ltd.,50,2525.1,126255.0,2025-09-01 13:27:24.173392
2025-09-01,30936,2025090105009928,CHDC,Capital Max Securities Ltd,Dipshikha Dhitopatra Karobar Co. Pvt Ltd.,12,2525.1,30301.2,2025-09-01 13:28:16.605405
2025-09-01,30563,2025090105010043,CHDC,Asian Securities Private Ltd.,Nepal Investment And Securities Trading Private Limited,1,2490.0,2490.0,2025-09-01 13:30:07.245888
2025-09-01,30457,2025090105010070,CHDC,Asian Securities Private Ltd.,Bhrikuti Stock Broking Co. Pvt. Ltd.,1,2500.0,2500.0,2025-09-01 13:30:39.615567
2025-09-01,30370,2025090105010100,CHDC,Capital Max Securities Ltd,ABC Securities Private Limited,60,2530.0,151800.0,2025-09-01 13:30:56.482626
2025-09-01,30369,2025090105010101,CHDC,Capital Max Securities Ltd,Online Securities Pvt. Ltd.,12,2530.0,30360.0,2025-09-01 13:30:56.482842
2025-09-01,30291,2025090105010118,CHDC,Capital Max Securities Ltd,Aryatara Investment & Securities,10,2530.0,25300.0,2025-09-01 13:31:17.615577
2025-09-01,30149,2025090105010153,CHDC,Sharepro Securities Private Limited,ABC Securities Private Limited,50,2530.0,126500.0,2025-09-01 13:31:54.954882
2025-09-01,29285,2025090105010474,CHDC,Capital Max Securities Ltd,Sani Securities Company Ltd.,12,2526.0,30312.0,2025-09-01 13:35:31.729510
2025-09-01,29284,2025090105010475,CHDC,Capital Max Securities Ltd,ABC Securities Private Limited,100,2530.0,253000.0,2025-09-01 13:35:31.729760
2025-09-01,29103,2025090105010537,CHDC,Capital Max Securities Ltd,INDEX SECURITIES LIMITED,13,2530.0,32890.0,2025-09-01 13:36:05.164453
2025-09-01,27791,2025090105011003,CHDC,ABC Securities Private Limited,Online Securities Pvt. Ltd.,20,2530.0,50600.0,2025-09-01 13:41:34.608305
2025-09-01,27784,2025090105011005,CHDC,ABC Securities Private Limited,Sipla Securities Private Limited,10,2530.0,25300.0,2025-09-01 13:41:35.847420
2025-09-01,27240,2025090105011130,CHDC,Sharepro Securities Private Limited,Capital Max Securities Ltd,121,2532.0,306372.0,2025-09-01 13:44:08.292399
2025-09-01,26980,2025090105011194,CHDC,ABC Securities Private Limited,Agrawal Securities (PVT) Ltd.,12,2530.0,30360.0,2025-09-01 13:45:19.890582
2025-09-01,26729,2025090105011249,CHDC,Sharepro Securities Private Limited,Dipshikha Dhitopatra Karobar Co. Pvt Ltd.,1,2521.0,2521.0,2025-09-01 13:46:28.739427
2025-09-01,26686,2025090105011259,CHDC,Sharepro Securities Private Limited,Kohinoor Investment & Securities Pvt. Ltd.,1,2520.0,2520.0,2025-09-01 13:46:41.783858
2025-09-01,26636,2025090105011276,CHDC,Sharepro Securities Private Limited,Agrawal Securities (PVT) Ltd.,3,2522.0,7566.0,2025-09-01 13:46:59.837366
2025-09-01,26522,2025090105011318,CHDC,Sharepro Securities Private Limited,Sani Securities Company Ltd.,2,2525.0,5050.0,2025-09-01 13:47:18.901655
2025-09-01,26442,2025090105011331,CHDC,Sharepro Securities Private Limited,Nepal Stock House (PVT) Ltd.,1,2524.0,2524.0,2025-09-01 13:47:36.953504
2025-09-01,26211,2025090105011397,CHDC,Linch Stock Market Ltd.,ABC Securities Private Limited,37,2531.0,93647.0,2025-09-01 13:48:41.336931
2025-09-01,25824,2025090105011517,CHDC,Capital Max Securities Ltd,ABC Securities Private Limited,13,2531.0,32903.0,2025-09-01 13:50:20.520684
2025-09-01,25823,2025090105011518,CHDC,Capital Max Securities Ltd,Capital Max Securities Ltd,129,2532.0,326628.0,2025-09-01 13:50:20.521182
2025-09-01,25767,2025090105011539,CHDC,Sharepro Securities Private Limited,Capital Max Securities Ltd,1,2524.0,2524.0,2025-09-01 13:50:34.783222
2025-09-01,25539,2025090105011605,CHDC,Capital Max Securities Ltd,Asian Securities Private Ltd.,20,2533.0,50660.0,2025-09-01 13:51:25.983832
2025-09-01,25510,2025090105011610,CHDC,Capital Max Securities Ltd,Sumeru Securities Pvt. Ltd.,20,2534.0,50680.0,2025-09-01 13:51:39.044334
2025-09-01,25432,2025090105011637,CHDC,Trishakti Securities Public Limited,Sri Hari Securities Pvt. Ltd.,200,2535.0,507000.0,2025-09-01 13:51:55.769883
2025-09-01,25208,2025090105011680,CHDC,Capital Max Securities Ltd,Imperial Securities Company Pvt. Ltd.,12,2538.0,30456.0,2025-09-01 13:52:57.350686
2025-09-01,25124,2025090105011708,CHDC,Capital Max Securities Ltd,Neev Securities Pvt. Ltd.,12,2540.0,30480.0,2025-09-01 13:53:21.429026
2025-09-01,24902,2025090105011760,CHDC,Trisul Securities & Invt. Ltd.,Online Securities Pvt. Ltd.,12,2540.0,30480.0,2025-09-01 13:54:14.727676
2025-09-01,24901,2025090105011761,CHDC,Trisul Securities & Invt. Ltd.,Sipla Securities Private Limited,10,2540.0,25400.0,2025-09-01 13:54:14.727946
2025-09-01,24712,2025090105011805,CHDC,Online Securities Pvt. Ltd.,Siprabi Securities Pvt. Ltd.,10,2540.0,25400.0,2025-09-01 13:54:53.808468
2025-09-01,24711,2025090105011806,CHDC,Online Securities Pvt. Ltd.,J.F. Securites (PVT) Ltd.,25,2545.0,63625.0,2025-09-01 13:54:53.808709
2025-09-01,24710,2025090105011807,CHDC,Online Securities Pvt. Ltd.,Miyo Securities Pvt Ltd,10,2545.0,25450.0,2025-09-01 13:54:53.808812
2025-09-01,24709,2025090105011808,CHDC,Online Securities Pvt. Ltd.,ABC Securities Private Limited,200,2545.0,509000.0,2025-09-01 13:54:53.808909
2025-09-01,24574,2025090105011841,CHDC,N.I.M.B. Stock Markets Limited,Asian Securities Private Ltd.,50,2550.0,127500.0,2025-09-01 13:55:34.790022
2025-09-01,24573,2025090105011842,CHDC,N.I.M.B. Stock Markets Limited,Sumeru Securities Pvt. Ltd.,10,2550.0,25500.0,2025-09-01 13:55:34.790506
2025-09-01,24572,2025090105011843,CHDC,N.I.M.B. Stock Markets Limited,Himalayan Brokerage Company Limited,440,2550.0,1122000.0,2025-09-01 13:55:34.790780
2025-09-01,24537,2025090105011860,CHDC,ABC Securities Private Limited,Himalayan Brokerage Company Limited,60,2550.0,153000.0,2025-09-01 13:55:45.333187
2025-09-01,24536,2025090105011861,CHDC,ABC Securities Private Limited,INDEX SECURITIES LIMITED,100,2550.0,255000.0,2025-09-01 13:55:45.333633
2025-09-01,24487,2025090105011870,CHDC,Online Securities Pvt. Ltd.,Primo Securities (PVT) Ltd.,50,2551.0,127550.0,2025-09-01 13:56:00.728778
2025-09-01,23500,2025090105012144,CHDC,ABC Securities Private Limited,Cristal Kanchanjanga Securites Pvt. Ltd.,1000,2550.0,2550000.0,2025-09-01 14:00:31.093550
2025-09-01,23479,2025090105012155,CHDC,ABC Securities Private Limited,INDEX SECURITIES LIMITED,100,2550.0,255000.0,2025-09-01 14:00:41.437555
2025-09-01,23431,2025090105012176,CHDC,Vision Securities Pvt. Ltd,Kumari Securities Private Limited,12,2560.0,30720.0,2025-09-01 14:00:56.627396
2025-09-01,23430,2025090105012177,CHDC,Vision Securities Pvt. Ltd,Market Securities & Exchange (PVT) Ltd.,78,2560.0,199680.0,2025-09-01 14:00:56.627655
2025-09-01,23180,2025090105012212,CHDC,ABC Securities Private Limited,Agrawal Securities (PVT) Ltd.,936,2550.0,2386800.0,2025-09-01 14:01:39.321358
2025-09-01,23088,2025090105012247,CHDC,Trishakti Securities Public Limited,Trishakti Securities Public Limited,10,2535.0,25350.0,2025-09-01 14:02:06.224790
2025-09-01,22210,2025090105012494,CHDC,Premier Securities Company Ltd.,Trishakti Securities Public Limited,10,2555.0,25550.0,2025-09-01 14:05:21.067274
2025-09-01,21690,2025090105012637,CHDC,Sharepro Securities Private Limited,Nepal Investment And Securities Trading Private Limited,2,2520.0,5040.0,2025-09-01 14:06:56.281687
2025-09-01,19328,2025090105013213,CHDC,Sharepro Securities Private Limited,Kumari Securities Private Limited,1,2524.0,2524.0,2025-09-01 14:13:58.557166
2025-09-01,19230,2025090105013247,CHDC,Sharepro Securities Private Limited,Naasa Securities Co. Ltd.,1,2525.0,2525.0,2025-09-01 14:14:13.604110
2025-09-01,19214,2025090105013254,CHDC,Sanima Securities Limited,Secured Securities Ltd.,14,2554.0,35756.0,2025-09-01 14:14:16.416421
2025-09-01,19178,2025090105013261,CHDC,Sharepro Securities Private Limited,Naasa Securities Co. Ltd.,1,2526.0,2526.0,2025-09-01 14:14:23.643534
2025-09-01,19130,2025090105013279,CHDC,Sharepro Securities Private Limited,Sani Securities Company Ltd.,2,2526.0,5052.0,2025-09-01 14:14:32.677748
2025-09-01,17904,2025090105013678,CHDC,Cristal Kanchanjanga Securites Pvt. Ltd.,Dynamic Money Managers Securities Pvt. Ltd.,12,2541.0,30492.0,2025-09-01 14:18:47.372676
2025-09-01,17498,2025090105013777,CHDC,Cristal Kanchanjanga Securites Pvt. Ltd.,Secured Securities Ltd.,12,2541.0,30492.0,2025-09-01 14:19:41.299160
2025-09-01,17487,2025090105013784,CHDC,Sumeru Securities Pvt. Ltd.,Secured Securities Ltd.,37,2554.0,94498.0,2025-09-01 14:19:42.784986
2025-09-01,17486,2025090105013785,CHDC,Sumeru Securities Pvt. Ltd.,Premier Securities Company Ltd.,68,2555.0,173740.0,2025-09-01 14:19:42.785601
2025-09-01,17256,2025090105013848,CHDC,SUN SECURITIES PVT LTD,Kalika Securities Pvt. Ltd.,1,2527.0,2527.0,2025-09-01 14:20:25.839132
2025-09-01,16672,2025090105013929,CHDC,SUN SECURITIES PVT LTD,Sumeru Securities Pvt. Ltd.,1,2524.0,2524.0,2025-09-01 14:21:24.027386
2025-09-01,16193,2025090105014055,CHDC,Sumeru Securities Pvt. Ltd.,Naasa Securities Co. Ltd.,12,2554.9,30658.8,2025-09-01 14:22:39.610971
2025-09-01,16192,2025090105014056,CHDC,Sumeru Securities Pvt. Ltd.,Premier Securities Company Ltd.,11,2555.0,28105.0,2025-09-01 14:22:39.611518
2025-09-01,14816,2025090105014379,CHDC,Sharepro Securities Private Limited,Opal Securities Investment (PVT) Ltd.,2,2529.0,5058.0,2025-09-01 14:26:38.333877
2025-09-01,14755,2025090105014395,CHDC,Sumeru Securities Pvt. Ltd.,Premier Securities Company Ltd.,25,2555.0,63875.0,2025-09-01 14:26:49.786200
2025-09-01,14728,2025090105014405,CHDC,Sharepro Securities Private Limited,Sani Securities Company Ltd.,2,2530.0,5060.0,2025-09-01 14:26:53.377113
2025-09-01,14650,2025090105014434,CHDC,Sharepro Securities Private Limited,Aryatara Investment & Securities,2,2530.0,5060.0,2025-09-01 14:27:09.428605
2025-09-01,13867,2025090105014641,CHDC,Cristal Kanchanjanga Securites Pvt. Ltd.,Arun Securities (PVT) Ltd.,25,2542.1,63552.5,2025-09-01 14:29:31.001908
2025-09-01,13122,2025090105014847,CHDC,SUN SECURITIES PVT LTD,Trisul Securities & Invt. Ltd.,1,2530.0,2530.0,2025-09-01 14:31:49.039306
2025-09-01,13033,2025090105014881,CHDC,SUN SECURITIES PVT LTD,Creative Securities Pvt Ltd,1,2531.0,2531.0,2025-09-01 14:32:10.103339
2025-09-01,12874,2025090105014933,CHDC,Cristal Kanchanjanga Securites Pvt. Ltd.,Cristal Kanchanjanga Securites Pvt. Ltd.,11,2542.1,27963.1,2025-09-01 14:32:46.513745
2025-09-01,12873,2025090105014934,CHDC,Vision Securities Pvt. Ltd,Cristal Kanchanjanga Securites Pvt. Ltd.,69,2542.0,175398.0,2025-09-01 14:32:46.514233
2025-09-01,12761,2025090105014981,CHDC,Vision Securities Pvt. Ltd,Cristal Kanchanjanga Securites Pvt. Ltd.,20,2542.0,50840.0,2025-09-01 14:33:14.618328
2025-09-01,12752,2025090105014984,CHDC,Premier Securities Company Ltd.,Oxford Securities Pvt. Ltd.,1,2530.0,2530.0,2025-09-01 14:33:15.448247
2025-09-01,11345,2025090105015422,CHDC,Vision Securities Pvt. Ltd,Imperial Securities Company Pvt. Ltd.,11,2542.0,27962.0,2025-09-01 14:38:05.734603
2025-09-01,11016,2025090105015562,CHDC,Bhrikuti Stock Broking Co. Pvt. Ltd.,Malla & Malla Stock Broking Company Pvt. Limited,12,2550.0,30600.0,2025-09-01 14:39:11.278876
2025-09-01,11015,2025090105015563,CHDC,Bhrikuti Stock Broking Co. Pvt. Ltd.,Sewa Securities Pvt. Ltd.,10,2553.0,25530.0,2025-09-01 14:39:11.279387
2025-09-01,11014,2025090105015564,CHDC,Bhrikuti Stock Broking Co. Pvt. Ltd.,Premier Securities Company Ltd.,28,2553.9,71509.2,2025-09-01 14:39:11.279691
2025-09-01,10656,2025090105015672,CHDC,Sharepro Securities Private Limited,Opal Securities Investment (PVT) Ltd.,1,2530.0,2530.0,2025-09-01 14:40:29.000355
2025-09-01,10521,2025090105015707,CHDC,Bhrikuti Stock Broking Co. Pvt. Ltd.,Premier Securities Company Ltd.,50,2553.9,127695.0,2025-09-01 14:41:00.924172
2025-09-01,10454,2025090105015724,CHDC,Imperial Securities Company Pvt. Ltd.,Premier Securities Company Ltd.,18,2553.9,45970.2,2025-09-01 14:41:16.091123
2025-09-01,9775,2025090105015887,CHDC,Premier Securities Company Ltd.,Aryatara Investment & Securities,11,2545.0,27995.0,2025-09-01 14:43:40.937603
2025-09-01,9727,2025090105015913,CHDC,Premier Securities Company Ltd.,Trisul Securities & Invt. Ltd.,39,2545.0,99255.0,2025-09-01 14:43:49.909272
2025-09-01,9726,2025090105015914,CHDC,Trisul Securities & Invt. Ltd.,Trisul Securities & Invt. Ltd.,149,2543.0,378907.0,2025-09-01 14:43:49.909824
2025-09-01,8932,2025090105016210,CHDC,Trisul Securities & Invt. Ltd.,Trisul Securities & Invt. Ltd.,50,2543.0,127150.0,2025-09-01 14:45:30.474389
2025-09-01,8740,2025090105016263,CHDC,Sharepro Securities Private Limited,J.F. Securites (PVT) Ltd.,1,2530.0,2530.0,2025-09-01 14:45:57.202208
2025-09-01,8485,2025090105016344,CHDC,Naasa Securities Co. Ltd.,Trishakti Securities Public Limited,10,2536.2,25362.0,2025-09-01 14:46:39.034383
2025-09-01,8143,2025090105016455,CHDC,Sumeru Securities Pvt. Ltd.,Aryatara Investment & Securities,50,2536.5,126825.0,2025-09-01 14:47:27.945508
2025-09-01,7332,2025090105016749,CHDC,SUN SECURITIES PVT LTD,Trisul Securities & Invt. Ltd.,16,2552.9,40846.4,2025-09-01 14:49:08.635852
2025-09-01,7022,2025090105016857,CHDC,Naasa Securities Co. Ltd.,Trishakti Securities Public Limited,10,2537.0,25370.0,2025-09-01 14:49:45.282082
2025-09-01,7021,2025090105016858,CHDC,Sumeru Securities Pvt. Ltd.,Trishakti Securities Public Limited,10,2536.5,25365.0,2025-09-01 14:49:45.282182
2025-09-01,6566,2025090105016969,CHDC,Sumeru Securities Pvt. Ltd.,Sri Hari Securities Pvt. Ltd.,40,2536.5,101460.0,2025-09-01 14:50:47.949553
2025-09-01,6565,2025090105016970,CHDC,Online Securities Pvt. Ltd.,Sri Hari Securities Pvt. Ltd.,40,2536.5,101460.0,2025-09-01 14:50:47.949819
2025-09-01,6381,2025090105017025,CHDC,Online Securities Pvt. Ltd.,Cristal Kanchanjanga Securites Pvt. Ltd.,12,2536.5,30438.0,2025-09-01 14:51:14.843204
2025-09-01,5090,2025090105017378,CHDC,Naasa Securities Co. Ltd.,Imperial Securities Company Pvt. Ltd.,10,2536.8,25368.0,2025-09-01 14:53:51.652959
2025-09-01,5089,2025090105017379,CHDC,ABC Securities Private Limited,Imperial Securities Company Pvt. Ltd.,47,2536.6,119220.2,2025-09-01 14:53:51.653376
2025-09-01,5088,2025090105017380,CHDC,Online Securities Pvt. Ltd.,Imperial Securities Company Pvt. Ltd.,43,2536.5,109069.5,2025-09-01 14:53:51.653504
2025-09-01,4711,2025090105017448,CHDC,Imperial Securities Company Pvt. Ltd.,Ashutosh Brokerage & Securities (PVT) Ltd.,10,2546.0,25460.0,2025-09-01 14:54:34.500622
2025-09-01,3995,2025090105017663,CHDC,Imperial Securities Company Pvt. Ltd.,Aryatara Investment & Securities,25,2549.0,63725.0,2025-09-01 14:55:53.794598
2025-09-01,3196,2025090105017971,CHDC,Kumari Securities Private Limited,Imperial Securities Company Pvt. Ltd.,100,2548.9,254890.0,2025-09-01 14:57:00.748029
2025-09-01,3195,2025090105017972,CHDC,Kumari Securities Private Limited,Aryatara Investment & Securities,25,2549.0,63725.0,2025-09-01 14:57:00.748491
2025-09-01,2944,2025090105018052,CHDC,ABC Securities Private Limited,Sumeru Securities Pvt. Ltd.,42,2549.8,107091.6,2025-09-01 14:57:20.673940
2025-09-01,2907,2025090105018059,CHDC,Kumari Securities Private Limited,Sumeru Securities Pvt. Ltd.,58,2549.8,147888.4,2025-09-01 14:57:23.859602
2025-09-01,2542,2025090105018169,CHDC,Kumari Securities Private Limited,INDEX SECURITIES LIMITED,10,2538.0,25380.0,2025-09-01 14:57:57.826342
2025-09-01,784,2025090105018620,CHDC,Kumari Securities Private Limited,Imperial Securities Company Pvt. Ltd.,15,2539.0,38085.0,2025-09-01 14:59:31.707517
