Date,S.N.,Contract ID,Symbol,Buyer Broker,Seller Broker,quantity,rate,amount,transaction_time
2025-07-13,105185,2025071303000054,ICFC,Thrive Brokerage House Pvt. Ltd,Indira securities pvt. ltd,200,636.2,127240.0,2025-07-13T10:46:00.052478
2025-07-13,104566,2025071303000243,ICFC,J.F. Securites (PVT) Ltd.,Deevyaa Securities & Stock House Pvt. Ltd,100,637.0,63700.0,2025-07-13T11:00:19.087945
2025-07-13,104218,2025071303000329,ICFC,Capital Max Securities Ltd,Naasa Securities Co. Ltd.,50,649.0,32450.0,2025-07-13T11:00:49.641764
2025-07-13,104217,2025071303000330,ICFC,Capital Max Securities Ltd,Bhrikuti Stock Broking Co. Pvt. Ltd.,50,649.0,32450.0,2025-07-13T11:00:49.641798
2025-07-13,104102,2025071303000361,ICFC,Linch Stock Market Ltd.,Premier Securities Company Ltd.,10,649.0,6490.0,2025-07-13T11:00:56.178211
2025-07-13,103753,2025071303000417,ICFC,Sri Hari Securities Pvt. Ltd.,Kumari Securities Private Limited,16,655.0,10480.0,2025-07-13T11:01:12.129747
2025-07-13,103610,2025071303000432,ICFC,Sri Hari Securities Pvt. Ltd.,Investment Management Nepal Pvt. Ltd.,84,655.0,55020.0,2025-07-13T11:01:19.46065
2025-07-13,103580,2025071303000436,ICFC,Midas Stock Broking Company Private Limited,Investment Management Nepal Pvt. Ltd.,30,655.0,19650.0,2025-07-13T11:01:21.480491
2025-07-13,102988,2025071303000544,ICFC,Sumeru Securities Pvt. Ltd.,Investment Management Nepal Pvt. Ltd.,300,650.0,195000.0,2025-07-13T11:01:46.988742
2025-07-13,102964,2025071303000553,ICFC,Linch Stock Market Ltd.,Bhrikuti Stock Broking Co. Pvt. Ltd.,40,649.0,25960.0,2025-07-13T11:01:48.290733
2025-07-13,102377,2025071303000693,ICFC,Kumari Securities Private Limited,Investment Management Nepal Pvt. Ltd.,20,645.0,12900.0,2025-07-13T11:02:13.015622
2025-07-13,102100,2025071303000748,ICFC,Nepal Stock House (PVT) Ltd.,Bhrikuti Stock Broking Co. Pvt. Ltd.,120,644.0,77280.0,2025-07-13T11:02:25.348951
2025-07-13,101178,2025071303000936,ICFC,Dynamic Money Managers Securities Pvt. Ltd.,Investment Management Nepal Pvt. Ltd.,200,640.0,128000.0,2025-07-13T11:02:59.979222
2025-07-13,100876,2025071303001003,ICFC,Kumari Securities Private Limited,Investment Management Nepal Pvt. Ltd.,280,640.0,179200.0,2025-07-13T11:03:11.153389
2025-07-13,100875,2025071303001004,ICFC,Kumari Securities Private Limited,Investment Management Nepal Pvt. Ltd.,160,640.0,102400.0,2025-07-13T11:03:11.153489
2025-07-13,100110,2025071303001182,ICFC,Vision Securities Pvt. Ltd,Investment Management Nepal Pvt. Ltd.,20,640.0,12800.0,2025-07-13T11:03:37.468617
2025-07-13,99984,2025071303001223,ICFC,Naasa Securities Co. Ltd.,Vision Securities Pvt. Ltd,100,638.0,63800.0,2025-07-13T11:03:40.849627
2025-07-13,99476,2025071303001351,ICFC,Naasa Securities Co. Ltd.,Nabil Stock Dealer Ltd.,30,639.0,19170.0,2025-07-13T11:03:59.388615
2025-07-13,99432,2025071303001361,ICFC,Naasa Securities Co. Ltd.,Investment Management Nepal Pvt. Ltd.,20,638.0,12760.0,2025-07-13T11:04:01.32733
2025-07-13,99286,2025071303001402,ICFC,Naasa Securities Co. Ltd.,Nabil Stock Dealer Ltd.,110,639.0,70290.0,2025-07-13T11:04:07.401172
2025-07-13,98798,2025071303001550,ICFC,Naasa Securities Co. Ltd.,Trisul Securities & Invt. Ltd.,100,639.0,63900.0,2025-07-13T11:04:31.911167
2025-07-13,98465,2025071303001645,ICFC,Naasa Securities Co. Ltd.,ABC Securities Private Limited,1000,639.0,639000.0,2025-07-13T11:04:47.019529
2025-07-13,98121,2025071303001741,ICFC,Arun Securities (PVT) Ltd.,Sweta Securities Private Limited,100,640.0,64000.0,2025-07-13T11:05:03.282697
2025-07-13,98120,2025071303001742,ICFC,Arun Securities (PVT) Ltd.,Imperial Securities Company Pvt. Ltd.,96,642.9,61718.4,2025-07-13T11:05:03.282781
2025-07-13,98119,2025071303001743,ICFC,Arun Securities (PVT) Ltd.,Agrawal Securities (PVT) Ltd.,300,643.0,192900.0,2025-07-13T11:05:03.282823
2025-07-13,98118,2025071303001744,ICFC,Arun Securities (PVT) Ltd.,Bhrikuti Stock Broking Co. Pvt. Ltd.,380,644.0,244720.0,2025-07-13T11:05:03.282862
2025-07-13,98113,2025071303001748,ICFC,Arun Securities (PVT) Ltd.,Agrawal Securities (PVT) Ltd.,124,645.0,79980.0,2025-07-13T11:05:03.472502
2025-07-13,98112,2025071303001749,ICFC,Naasa Securities Co. Ltd.,Agrawal Securities (PVT) Ltd.,76,639.0,48564.0,2025-07-13T11:05:03.472682
2025-07-13,97962,2025071303001789,ICFC,Naasa Securities Co. Ltd.,Magnet Securities and Investment Company Private Limited,214,639.0,136746.0,2025-07-13T11:05:10.315645
2025-07-13,97961,2025071303001790,ICFC,Nepal Investment And Securities Trading Private Limited,Magnet Securities and Investment Company Private Limited,286,639.0,182754.0,2025-07-13T11:05:10.315719
2025-07-13,97851,2025071303001812,ICFC,Nepal Investment And Securities Trading Private Limited,J.F. Securites (PVT) Ltd.,14,639.0,8946.0,2025-07-13T11:05:17.026218
2025-07-13,97850,2025071303001813,ICFC,J.F. Securites (PVT) Ltd.,J.F. Securites (PVT) Ltd.,30,639.0,19170.0,2025-07-13T11:05:17.026306
2025-07-13,97849,2025071303001814,ICFC,Sri Hari Securities Pvt. Ltd.,J.F. Securites (PVT) Ltd.,20,639.0,12780.0,2025-07-13T11:05:17.026341
2025-07-13,97675,2025071303001845,ICFC,Naasa Securities Co. Ltd.,Prabhu Stock Market Limited,80,638.0,51040.0,2025-07-13T11:05:25.727975
2025-07-13,97674,2025071303001846,ICFC,Secured Securities Ltd.,Prabhu Stock Market Limited,120,638.0,76560.0,2025-07-13T11:05:25.728076
2025-07-13,97322,2025071303001941,ICFC,Linch Stock Market Ltd.,Dakshinkali Investment & Securities Pvt. Ltd.,250,638.1,159525.0,2025-07-13T11:05:45.508509
2025-07-13,97184,2025071303001975,ICFC,Aryatara Investment & Securities,J.F. Securites (PVT) Ltd.,30,639.0,19170.0,2025-07-13T11:05:52.273617
2025-07-13,96792,2025071303002101,ICFC,Linch Stock Market Ltd.,Linch Stock Market Ltd.,50,638.1,31905.0,2025-07-13T11:06:14.656229
2025-07-13,96791,2025071303002102,ICFC,Secured Securities Ltd.,Linch Stock Market Ltd.,80,638.0,51040.0,2025-07-13T11:06:14.656385
2025-07-13,96386,2025071303002205,ICFC,Trisul Securities & Invt. Ltd.,Sri Hari Securities Pvt. Ltd.,200,636.3,127260.0,2025-07-13T11:06:38.472097
2025-07-13,96384,2025071303002206,ICFC,Investment Management Nepal Pvt. Ltd.,Dynamic Money Managers Securities Pvt. Ltd.,400,636.2,254480.0,2025-07-13T11:06:38.623846
2025-07-13,96383,2025071303002207,ICFC,Nepal Stock House (PVT) Ltd.,Dynamic Money Managers Securities Pvt. Ltd.,150,636.2,95430.0,2025-07-13T11:06:38.623944
2025-07-13,96248,2025071303002245,ICFC,Nepal Stock House (PVT) Ltd.,Cristal Kanchanjanga Securites Pvt. Ltd.,100,636.2,63620.0,2025-07-13T11:06:48.635019
2025-07-13,96247,2025071303002246,ICFC,Sundhara Securities Limited,Cristal Kanchanjanga Securites Pvt. Ltd.,487,635.0,309245.0,2025-07-13T11:06:48.635109
2025-07-13,96006,2025071303002317,ICFC,Neev Securities Pvt. Ltd.,Linch Stock Market Ltd.,870,638.0,555060.0,2025-07-13T11:07:05.346939
2025-07-13,96005,2025071303002318,ICFC,Neev Securities Pvt. Ltd.,J.F. Securites (PVT) Ltd.,106,639.0,67734.0,2025-07-13T11:07:05.346982
2025-07-13,96004,2025071303002319,ICFC,Neev Securities Pvt. Ltd.,Opal Securities Investment (PVT) Ltd.,24,645.0,15480.0,2025-07-13T11:07:05.347014
2025-07-13,95635,2025071303002415,ICFC,Oxford Securities Pvt. Ltd.,Opal Securities Investment (PVT) Ltd.,166,645.0,107070.0,2025-07-13T11:07:33.403601
2025-07-13,94769,2025071303002654,ICFC,Bhrikuti Stock Broking Co. Pvt. Ltd.,Kalika Securities Pvt. Ltd.,30,642.0,19260.0,2025-07-13T11:08:36.626736
2025-07-13,94465,2025071303002746,ICFC,Kumari Securities Private Limited,Kalika Securities Pvt. Ltd.,70,642.0,44940.0,2025-07-13T11:09:03.312014
2025-07-13,94464,2025071303002747,ICFC,Kumari Securities Private Limited,Naasa Securities Co. Ltd.,30,642.0,19260.0,2025-07-13T11:09:03.312095
2025-07-13,93283,2025071303003034,ICFC,Neev Securities Pvt. Ltd.,Nepal Stock House (PVT) Ltd.,100,640.0,64000.0,2025-07-13T11:10:44.890124
2025-07-13,93282,2025071303003035,ICFC,Neev Securities Pvt. Ltd.,Agrawal Securities (PVT) Ltd.,100,640.5,64050.0,2025-07-13T11:10:44.890182
2025-07-13,93281,2025071303003036,ICFC,Neev Securities Pvt. Ltd.,South Asian Bulls Pvt. Ltd.,50,641.0,32050.0,2025-07-13T11:10:44.890213
2025-07-13,93280,2025071303003037,ICFC,Neev Securities Pvt. Ltd.,Naasa Securities Co. Ltd.,70,642.0,44940.0,2025-07-13T11:10:44.890242
2025-07-13,93279,2025071303003038,ICFC,Neev Securities Pvt. Ltd.,Trisul Securities & Invt. Ltd.,100,642.9,64290.0,2025-07-13T11:10:44.890268
2025-07-13,93278,2025071303003039,ICFC,Neev Securities Pvt. Ltd.,Imperial Securities Company Pvt. Ltd.,80,643.0,51440.0,2025-07-13T11:10:44.89031
2025-07-13,92054,2025071303003299,ICFC,Sewa Securities Pvt. Ltd.,Vision Securities Pvt. Ltd,100,644.7,64470.0,2025-07-13T11:12:30.012793
2025-07-13,92053,2025071303003300,ICFC,Sewa Securities Pvt. Ltd.,Vision Securities Pvt. Ltd,100,644.8,64480.0,2025-07-13T11:12:30.01291
2025-07-13,92052,2025071303003301,ICFC,Sewa Securities Pvt. Ltd.,Aryatara Investment & Securities,250,644.9,161225.0,2025-07-13T11:12:30.012956
2025-07-13,90140,2025071303003730,ICFC,Indira securities pvt. ltd,Infinity Securities Limited,100,640.0,64000.0,2025-07-13T11:15:35.923384
2025-07-13,86386,2025071303004572,ICFC,Naasa Securities Co. Ltd.,Ashutosh Brokerage & Securities (PVT) Ltd.,100,640.0,64000.0,2025-07-13T11:21:28.478312
2025-07-13,85649,2025071303004747,ICFC,Nepal Stock House (PVT) Ltd.,Siprabi Securities Pvt. Ltd.,10,641.0,6410.0,2025-07-13T11:22:43.962042
2025-07-13,84977,2025071303004870,ICFC,Nepal Stock House (PVT) Ltd.,Vision Securities Pvt. Ltd,175,641.0,112175.0,2025-07-13T11:23:46.815717
2025-07-13,84645,2025071303004970,ICFC,Pragyan Securities (PVT) Ltd.,Naasa Securities Co. Ltd.,10,643.4,6434.0,2025-07-13T11:24:15.269562
2025-07-13,84644,2025071303004971,ICFC,Pragyan Securities (PVT) Ltd.,Oxford Securities Pvt. Ltd.,100,643.5,64350.0,2025-07-13T11:24:15.269801
2025-07-13,84643,2025071303004972,ICFC,Pragyan Securities (PVT) Ltd.,Infinity Securities Limited,100,643.9,64390.0,2025-07-13T11:24:15.269957
2025-07-13,84642,2025071303004973,ICFC,Pragyan Securities (PVT) Ltd.,Naasa Securities Co. Ltd.,20,644.0,12880.0,2025-07-13T11:24:15.270129
2025-07-13,84641,2025071303004974,ICFC,Pragyan Securities (PVT) Ltd.,Primo Securities (PVT) Ltd.,50,644.0,32200.0,2025-07-13T11:24:15.270277
2025-07-13,84640,2025071303004975,ICFC,Pragyan Securities (PVT) Ltd.,Nepal Stock House (PVT) Ltd.,30,644.0,19320.0,2025-07-13T11:24:15.270426
2025-07-13,84639,2025071303004976,ICFC,Pragyan Securities (PVT) Ltd.,Infinity Securities Limited,190,644.3,122417.0,2025-07-13T11:24:15.270567
2025-07-13,84307,2025071303005044,ICFC,Pragyan Securities (PVT) Ltd.,Infinity Securities Limited,110,644.3,70873.0,2025-07-13T11:24:47.261584
2025-07-13,84306,2025071303005045,ICFC,Pragyan Securities (PVT) Ltd.,Vision Securities Pvt. Ltd,90,644.4,57996.0,2025-07-13T11:24:47.261714
2025-07-13,84305,2025071303005046,ICFC,Pragyan Securities (PVT) Ltd.,Premier Securities Company Ltd.,100,644.5,64450.0,2025-07-13T11:24:47.26177
2025-07-13,84150,2025071303005095,ICFC,Pragyan Securities (PVT) Ltd.,Premier Securities Company Ltd.,100,644.5,64450.0,2025-07-13T11:25:02.756912
2025-07-13,83861,2025071303005158,ICFC,Pragyan Securities (PVT) Ltd.,Premier Securities Company Ltd.,17,644.5,10956.5,2025-07-13T11:25:25.997101
2025-07-13,82808,2025071303005385,ICFC,Agrawal Securities (PVT) Ltd.,Sri Hari Securities Pvt. Ltd.,100,643.0,64300.0,2025-07-13T11:27:07.209664
2025-07-13,82628,2025071303005423,ICFC,Agrawal Securities (PVT) Ltd.,Dakshinkali Investment & Securities Pvt. Ltd.,60,643.0,38580.0,2025-07-13T11:27:17.29391
2025-07-13,82438,2025071303005458,ICFC,Agrawal Securities (PVT) Ltd.,Nepal Investment And Securities Trading Private Limited,140,643.0,90020.0,2025-07-13T11:27:37.27392
2025-07-13,82226,2025071303005536,ICFC,Agrawal Securities (PVT) Ltd.,Linch Stock Market Ltd.,10,643.0,6430.0,2025-07-13T11:27:55.241115
2025-07-13,82220,2025071303005540,ICFC,Agrawal Securities (PVT) Ltd.,Sumeru Securities Pvt. Ltd.,60,643.0,38580.0,2025-07-13T11:27:56.05578
2025-07-13,81906,2025071303005625,ICFC,Agrawal Securities (PVT) Ltd.,ABC Securities Private Limited,30,643.0,19290.0,2025-07-13T11:28:22.651735
2025-07-13,81905,2025071303005626,ICFC,S.P.S.A. Securities Limited,ABC Securities Private Limited,50,643.0,32150.0,2025-07-13T11:28:22.651784
2025-07-13,81904,2025071303005627,ICFC,Nepal Stock House (PVT) Ltd.,ABC Securities Private Limited,115,641.0,73715.0,2025-07-13T11:28:22.651827
2025-07-13,81903,2025071303005628,ICFC,Imperial Securities Company Pvt. Ltd.,ABC Securities Private Limited,100,641.0,64100.0,2025-07-13T11:28:22.651851
2025-07-13,81902,2025071303005629,ICFC,Naasa Securities Co. Ltd.,ABC Securities Private Limited,400,640.0,256000.0,2025-07-13T11:28:22.651893
2025-07-13,81901,2025071303005630,ICFC,Vision Securities Pvt. Ltd,ABC Securities Private Limited,100,640.0,64000.0,2025-07-13T11:28:22.65192
2025-07-13,81900,2025071303005631,ICFC,Premier Securities Company Ltd.,ABC Securities Private Limited,205,639.2,131036.0,2025-07-13T11:28:22.65196
2025-07-13,81427,2025071303005742,ICFC,Linch Stock Market Ltd.,Creative Securities Pvt Ltd,100,640.0,64000.0,2025-07-13T11:29:07.269855
2025-07-13,80956,2025071303005832,ICFC,South Asian Bulls Pvt. Ltd.,Creative Securities Pvt Ltd,100,640.0,64000.0,2025-07-13T11:29:58.670705
2025-07-13,79963,2025071303006060,ICFC,Market Securities & Exchange (PVT) Ltd.,Sani Securities Company Ltd.,50,640.2,32010.0,2025-07-13T11:31:38.240587
2025-07-13,79555,2025071303006146,ICFC,Market Securities & Exchange (PVT) Ltd.,Sri Hari Securities Pvt. Ltd.,100,640.1,64010.0,2025-07-13T11:32:30.512587
2025-07-13,78742,2025071303006366,ICFC,Dipshikha Dhitopatra Karobar Co. Pvt Ltd.,Bhrikuti Stock Broking Co. Pvt. Ltd.,45,640.1,28804.5,2025-07-13T11:33:54.97277
2025-07-13,78741,2025071303006367,ICFC,South Asian Bulls Pvt. Ltd.,Bhrikuti Stock Broking Co. Pvt. Ltd.,165,640.0,105600.0,2025-07-13T11:33:54.972895
2025-07-13,78557,2025071303006431,ICFC,South Asian Bulls Pvt. Ltd.,Kohinoor Investment & Securities Pvt. Ltd.,100,640.0,64000.0,2025-07-13T11:34:08.946871
2025-07-13,78418,2025071303006469,ICFC,South Asian Bulls Pvt. Ltd.,Aryatara Investment & Securities,135,640.0,86400.0,2025-07-13T11:34:22.793184
2025-07-13,78064,2025071303006560,ICFC,ABC Securities Private Limited,Cristal Kanchanjanga Securites Pvt. Ltd.,10,639.3,6393.0,2025-07-13T11:34:56.160461
2025-07-13,78063,2025071303006561,ICFC,Premier Securities Company Ltd.,Cristal Kanchanjanga Securites Pvt. Ltd.,295,639.2,188564.0,2025-07-13T11:34:56.160592
2025-07-13,78062,2025071303006562,ICFC,Neev Securities Pvt. Ltd.,Cristal Kanchanjanga Securites Pvt. Ltd.,435,639.0,277965.0,2025-07-13T11:34:56.160647
2025-07-13,77894,2025071303006605,ICFC,Neev Securities Pvt. Ltd.,Hatemalo Financial Services Private Limited,65,639.0,41535.0,2025-07-13T11:35:13.901839
2025-07-13,77893,2025071303006606,ICFC,ABC Securities Private Limited,Hatemalo Financial Services Private Limited,50,638.0,31900.0,2025-07-13T11:35:13.902004
2025-07-13,77892,2025071303006607,ICFC,Aryatara Investment & Securities,Hatemalo Financial Services Private Limited,100,638.0,63800.0,2025-07-13T11:35:13.902088
2025-07-13,77891,2025071303006608,ICFC,Sani Securities Company Ltd.,Hatemalo Financial Services Private Limited,85,638.0,54230.0,2025-07-13T11:35:13.902164
2025-07-13,75698,2025071303007077,ICFC,Thrive Brokerage House Pvt. Ltd,Agrawal Securities (PVT) Ltd.,300,639.0,191700.0,2025-07-13T11:39:26.760139
2025-07-13,75697,2025071303007078,ICFC,Sani Securities Company Ltd.,Agrawal Securities (PVT) Ltd.,165,638.0,105270.0,2025-07-13T11:39:26.760262
2025-07-13,75696,2025071303007079,ICFC,Kumari Securities Private Limited,Agrawal Securities (PVT) Ltd.,80,638.0,51040.0,2025-07-13T11:39:26.760318
2025-07-13,75695,2025071303007080,ICFC,Kumari Securities Private Limited,Agrawal Securities (PVT) Ltd.,455,638.0,290290.0,2025-07-13T11:39:26.760371
2025-07-13,73698,2025071303007558,ICFC,Vision Securities Pvt. Ltd,Vision Securities Pvt. Ltd,10,639.9,6399.0,2025-07-13T11:43:55.302101
2025-07-13,73697,2025071303007559,ICFC,Vision Securities Pvt. Ltd,Aryatara Investment & Securities,155,640.0,99200.0,2025-07-13T11:43:55.302238
2025-07-13,71057,2025071303008022,ICFC,Kumari Securities Private Limited,Cristal Kanchanjanga Securites Pvt. Ltd.,20,638.0,12760.0,2025-07-13T11:50:50.394917
2025-07-13,71056,2025071303008023,ICFC,Sani Securities Company Ltd.,Cristal Kanchanjanga Securites Pvt. Ltd.,100,638.0,63800.0,2025-07-13T11:50:50.39508
2025-07-13,71055,2025071303008024,ICFC,Online Securities Pvt. Ltd.,Cristal Kanchanjanga Securites Pvt. Ltd.,180,637.0,114660.0,2025-07-13T11:50:50.395137
2025-07-13,70741,2025071303008085,ICFC,Online Securities Pvt. Ltd.,Dakshinkali Investment & Securities Pvt. Ltd.,86,637.0,54782.0,2025-07-13T11:51:41.205883
2025-07-13,70740,2025071303008086,ICFC,Online Securities Pvt. Ltd.,Dakshinkali Investment & Securities Pvt. Ltd.,18,637.0,11466.0,2025-07-13T11:51:41.206168
2025-07-13,70376,2025071303008144,ICFC,Online Securities Pvt. Ltd.,Naasa Securities Co. Ltd.,138,637.0,87906.0,2025-07-13T11:52:37.938271
2025-07-13,70375,2025071303008145,ICFC,Kalika Securities Pvt. Ltd.,Naasa Securities Co. Ltd.,100,637.0,63700.0,2025-07-13T11:52:37.93853
2025-07-13,70063,2025071303008207,ICFC,ABC Securities Private Limited,Naasa Securities Co. Ltd.,20,636.3,12726.0,2025-07-13T11:53:51.838957
2025-07-13,70062,2025071303008208,ICFC,ABC Securities Private Limited,Naasa Securities Co. Ltd.,10,636.2,6362.0,2025-07-13T11:53:51.839235
2025-07-13,70061,2025071303008209,ICFC,South Asian Bulls Pvt. Ltd.,Naasa Securities Co. Ltd.,20,636.2,12724.0,2025-07-13T11:53:51.839404
2025-07-13,70060,2025071303008210,ICFC,Cristal Kanchanjanga Securites Pvt. Ltd.,Naasa Securities Co. Ltd.,100,636.2,63620.0,2025-07-13T11:53:51.839562
2025-07-13,70059,2025071303008211,ICFC,Oxford Securities Pvt. Ltd.,Naasa Securities Co. Ltd.,200,636.1,127220.0,2025-07-13T11:53:51.839713
2025-07-13,70058,2025071303008212,ICFC,Sweta Securities Private Limited,Naasa Securities Co. Ltd.,200,636.0,127200.0,2025-07-13T11:53:51.839867
2025-07-13,70057,2025071303008213,ICFC,Kalika Securities Pvt. Ltd.,Naasa Securities Co. Ltd.,46,636.0,29256.0,2025-07-13T11:53:51.840036
2025-07-13,69775,2025071303008270,ICFC,Online Securities Pvt. Ltd.,Naasa Securities Co. Ltd.,50,637.0,31850.0,2025-07-13T11:54:47.947312
2025-07-13,69717,2025071303008282,ICFC,Kalika Securities Pvt. Ltd.,Naasa Securities Co. Ltd.,154,636.0,97944.0,2025-07-13T11:54:56.739193
2025-07-13,69402,2025071303008325,ICFC,Online Securities Pvt. Ltd.,Naasa Securities Co. Ltd.,20,635.4,12708.0,2025-07-13T11:55:56.550878
2025-07-13,69401,2025071303008326,ICFC,Sundhara Securities Limited,Naasa Securities Co. Ltd.,13,635.0,8255.0,2025-07-13T11:55:56.551167
2025-07-13,69400,2025071303008327,ICFC,Dipshikha Dhitopatra Karobar Co. Pvt Ltd.,Naasa Securities Co. Ltd.,225,635.0,142875.0,2025-07-13T11:55:56.551332
2025-07-13,69270,2025071303008361,ICFC,Online Securities Pvt. Ltd.,Naasa Securities Co. Ltd.,20,636.0,12720.0,2025-07-13T11:56:22.891237
2025-07-13,69124,2025071303008404,ICFC,Online Securities Pvt. Ltd.,Naasa Securities Co. Ltd.,20,636.0,12720.0,2025-07-13T11:56:40.0564
2025-07-13,69025,2025071303008429,ICFC,Dipshikha Dhitopatra Karobar Co. Pvt Ltd.,Naasa Securities Co. Ltd.,175,635.0,111125.0,2025-07-13T11:56:53.576229
2025-07-13,69024,2025071303008430,ICFC,Market Securities & Exchange (PVT) Ltd.,Naasa Securities Co. Ltd.,100,635.0,63500.0,2025-07-13T11:56:53.576364
2025-07-13,69023,2025071303008431,ICFC,Agrawal Securities (PVT) Ltd.,Naasa Securities Co. Ltd.,200,635.0,127000.0,2025-07-13T11:56:53.576421
2025-07-13,69022,2025071303008432,ICFC,SUN SECURITIES PVT LTD,Naasa Securities Co. Ltd.,25,635.0,15875.0,2025-07-13T11:56:53.576474
2025-07-13,68849,2025071303008462,ICFC,Online Securities Pvt. Ltd.,Naasa Securities Co. Ltd.,40,635.0,25400.0,2025-07-13T11:57:16.486911
2025-07-13,67203,2025071303008802,ICFC,Online Securities Pvt. Ltd.,Investment Management Nepal Pvt. Ltd.,20,634.0,12680.0,2025-07-13T12:01:50.636061
2025-07-13,66598,2025071303008910,ICFC,ABC Securities Private Limited,Siprabi Securities Pvt. Ltd.,10,633.2,6332.0,2025-07-13T12:03:23.86022
2025-07-13,66597,2025071303008911,ICFC,ABC Securities Private Limited,Siprabi Securities Pvt. Ltd.,10,633.2,6332.0,2025-07-13T12:03:23.860375
2025-07-13,66596,2025071303008912,ICFC,ABC Securities Private Limited,Siprabi Securities Pvt. Ltd.,10,633.1,6331.0,2025-07-13T12:03:23.860431
2025-07-13,66595,2025071303008913,ICFC,ABC Securities Private Limited,Siprabi Securities Pvt. Ltd.,10,633.1,6331.0,2025-07-13T12:03:23.860485
2025-07-13,66594,2025071303008914,ICFC,Deevyaa Securities & Stock House Pvt. Ltd,Siprabi Securities Pvt. Ltd.,60,633.0,37980.0,2025-07-13T12:03:23.860544
2025-07-13,66425,2025071303008959,ICFC,Naasa Securities Co. Ltd.,Primo Securities (PVT) Ltd.,20,633.1,12662.0,2025-07-13T12:03:58.851269
2025-07-13,66424,2025071303008960,ICFC,Deevyaa Securities & Stock House Pvt. Ltd,Primo Securities (PVT) Ltd.,30,633.0,18990.0,2025-07-13T12:03:58.851553
2025-07-13,66367,2025071303008978,ICFC,Online Securities Pvt. Ltd.,Naasa Securities Co. Ltd.,20,635.0,12700.0,2025-07-13T12:04:14.059794
2025-07-13,63662,2025071303009528,ICFC,Agrawal Securities (PVT) Ltd.,Naasa Securities Co. Ltd.,100,635.0,63500.0,2025-07-13T12:12:29.81854
2025-07-13,63473,2025071303009566,ICFC,Market Securities & Exchange (PVT) Ltd.,Trishakti Securities Public Limited,295,635.1,187354.5,2025-07-13T12:13:11.870507
2025-07-13,62821,2025071303009727,ICFC,Linch Stock Market Ltd.,Trishakti Securities Public Limited,100,635.1,63510.0,2025-07-13T12:14:55.511914
2025-07-13,61514,2025071303009938,ICFC,Kalika Securities Pvt. Ltd.,Trishakti Securities Public Limited,100,635.1,63510.0,2025-07-13T12:18:34.811339
2025-07-13,61182,2025071303010020,ICFC,Sumeru Securities Pvt. Ltd.,Infinity Securities Limited,15,634.5,9517.5,2025-07-13T12:19:30.465619
2025-07-13,59995,2025071303010266,ICFC,South Asian Bulls Pvt. Ltd.,Malla & Malla Stock Broking Company Pvt. Limited,11,635.0,6985.0,2025-07-13T12:22:33.58723
2025-07-13,56966,2025071303010838,ICFC,Agrawal Securities (PVT) Ltd.,Secured Securities Ltd.,65,637.0,41405.0,2025-07-13T12:29:37.140068
2025-07-13,56853,2025071303010863,ICFC,Shree Krishna Securities Ltd.,Trisul Securities & Invt. Ltd.,100,638.9,63890.0,2025-07-13T12:29:52.622977
2025-07-13,54591,2025071303011351,ICFC,Thrive Brokerage House Pvt. Ltd,Trisul Securities & Invt. Ltd.,50,638.9,31945.0,2025-07-13T12:35:02.43952
2025-07-13,54590,2025071303011352,ICFC,Thrive Brokerage House Pvt. Ltd,Bhrikuti Stock Broking Co. Pvt. Ltd.,150,639.0,95850.0,2025-07-13T12:35:02.4397
2025-07-13,54463,2025071303011380,ICFC,Agrawal Securities (PVT) Ltd.,Bhrikuti Stock Broking Co. Pvt. Ltd.,157,639.0,100323.0,2025-07-13T12:35:20.560241
2025-07-13,54044,2025071303011451,ICFC,Kohinoor Investment & Securities Pvt. Ltd.,Aryatara Investment & Securities,210,640.0,134400.0,2025-07-13T12:36:14.742558
2025-07-13,54043,2025071303011452,ICFC,Kohinoor Investment & Securities Pvt. Ltd.,Online Securities Pvt. Ltd.,150,640.0,96000.0,2025-07-13T12:36:14.742705
2025-07-13,54042,2025071303011453,ICFC,Kohinoor Investment & Securities Pvt. Ltd.,Agrawal Securities (PVT) Ltd.,45,640.0,28800.0,2025-07-13T12:36:14.742765
2025-07-13,53532,2025071303011563,ICFC,Trishakti Securities Public Limited,Agrawal Securities (PVT) Ltd.,12,640.0,7680.0,2025-07-13T12:37:30.059313
2025-07-13,53531,2025071303011564,ICFC,Trishakti Securities Public Limited,Online Securities Pvt. Ltd.,245,642.9,157510.5,2025-07-13T12:37:30.059362
2025-07-13,53530,2025071303011565,ICFC,Trishakti Securities Public Limited,Market Securities & Exchange (PVT) Ltd.,17,643.0,10931.0,2025-07-13T12:37:30.059389
2025-07-13,53529,2025071303011566,ICFC,Trishakti Securities Public Limited,Asian Securities Private Ltd.,57,643.0,36651.0,2025-07-13T12:37:30.059417
2025-07-13,53528,2025071303011567,ICFC,Trishakti Securities Public Limited,Naasa Securities Co. Ltd.,40,643.0,25720.0,2025-07-13T12:37:30.059446
2025-07-13,53527,2025071303011568,ICFC,Trishakti Securities Public Limited,Opal Securities Investment (PVT) Ltd.,230,643.0,147890.0,2025-07-13T12:37:30.059468
2025-07-13,53526,2025071303011569,ICFC,Trishakti Securities Public Limited,Premier Securities Company Ltd.,350,643.1,225085.0,2025-07-13T12:37:30.059496
2025-07-13,53525,2025071303011570,ICFC,Trishakti Securities Public Limited,Imperial Securities Company Pvt. Ltd.,49,643.7,31541.3,2025-07-13T12:37:30.059522
2025-07-13,51122,2025071303012069,ICFC,Agrawal Securities (PVT) Ltd.,Asian Securities Private Ltd.,45,640.0,28800.0,2025-07-13T12:43:26.744554
2025-07-13,49407,2025071303012454,ICFC,Agrawal Securities (PVT) Ltd.,Opal Securities Investment (PVT) Ltd.,20,640.0,12800.0,2025-07-13T12:48:06.798433
2025-07-13,46798,2025071303012978,ICFC,Agrawal Securities (PVT) Ltd.,Sri Hari Securities Pvt. Ltd.,85,640.0,54400.0,2025-07-13T12:55:08.195689
2025-07-13,46797,2025071303012979,ICFC,Bhrikuti Stock Broking Co. Pvt. Ltd.,Sri Hari Securities Pvt. Ltd.,100,640.0,64000.0,2025-07-13T12:55:08.195837
2025-07-13,46796,2025071303012980,ICFC,Vision Securities Pvt. Ltd,Sri Hari Securities Pvt. Ltd.,170,639.2,108664.0,2025-07-13T12:55:08.195902
2025-07-13,46297,2025071303013090,ICFC,Malla & Malla Stock Broking Company Pvt. Limited,Linch Stock Market Ltd.,50,637.0,31850.0,2025-07-13T12:56:43.195762
2025-07-13,46162,2025071303013106,ICFC,Oxford Securities Pvt. Ltd.,Creative Securities Pvt Ltd,15,636.5,9547.5,2025-07-13T12:57:04.565822
2025-07-13,46161,2025071303013107,ICFC,ABC Securities Private Limited,Creative Securities Pvt Ltd,10,636.3,6363.0,2025-07-13T12:57:04.566185
2025-07-13,46160,2025071303013108,ICFC,ABC Securities Private Limited,Creative Securities Pvt Ltd,10,636.2,6362.0,2025-07-13T12:57:04.566367
2025-07-13,46159,2025071303013109,ICFC,ABC Securities Private Limited,Creative Securities Pvt Ltd,10,636.1,6361.0,2025-07-13T12:57:04.566542
2025-07-13,46158,2025071303013110,ICFC,Oxford Securities Pvt. Ltd.,Creative Securities Pvt Ltd,10,636.0,6360.0,2025-07-13T12:57:04.566767
2025-07-13,46099,2025071303013132,ICFC,Oxford Securities Pvt. Ltd.,Linch Stock Market Ltd.,13,637.0,8281.0,2025-07-13T12:57:18.807508
2025-07-13,45668,2025071303013216,ICFC,South Asian Bulls Pvt. Ltd.,Linch Stock Market Ltd.,130,637.0,82810.0,2025-07-13T12:58:45.398656
2025-07-13,45411,2025071303013289,ICFC,Sri Hari Securities Pvt. Ltd.,Agrawal Securities (PVT) Ltd.,460,636.1,292606.0,2025-07-13T12:59:32.432101
2025-07-13,45410,2025071303013290,ICFC,Oxford Securities Pvt. Ltd.,Agrawal Securities (PVT) Ltd.,640,636.0,407040.0,2025-07-13T12:59:32.432259
2025-07-13,43055,2025071303013864,ICFC,Global IME Securities Limited,Investment Management Nepal Pvt. Ltd.,186,639.0,118854.0,2025-07-13T13:07:01.110674
2025-07-13,43054,2025071303013865,ICFC,Global IME Securities Limited,Market Securities & Exchange (PVT) Ltd.,265,639.0,169335.0,2025-07-13T13:07:01.110975
2025-07-13,37802,2025071303014980,ICFC,Kohinoor Investment & Securities Pvt. Ltd.,Kumari Securities Private Limited,50,639.9,31995.0,2025-07-13T13:23:17.695292
2025-07-13,37185,2025071303015113,ICFC,Kohinoor Investment & Securities Pvt. Ltd.,Sani Securities Company Ltd.,100,639.9,63990.0,2025-07-13T13:25:17.007449
2025-07-13,36633,2025071303015212,ICFC,Premier Securities Company Ltd.,Sani Securities Company Ltd.,20,639.9,12798.0,2025-07-13T13:27:01.064734
2025-07-13,36218,2025071303015275,ICFC,Naasa Securities Co. Ltd.,Sani Securities Company Ltd.,80,639.9,51192.0,2025-07-13T13:28:14.824606
2025-07-13,36217,2025071303015276,ICFC,Naasa Securities Co. Ltd.,Bhrikuti Stock Broking Co. Pvt. Ltd.,70,639.9,44793.0,2025-07-13T13:28:14.824769
2025-07-13,35829,2025071303015378,ICFC,Swarna Laxmi Securities Pvt. Ltd.,Bhrikuti Stock Broking Co. Pvt. Ltd.,125,639.9,79987.5,2025-07-13T13:29:50.232048
2025-07-13,35499,2025071303015484,ICFC,KALASH STOCK MARKET PVT. LTD.,Vision Securities Pvt. Ltd,100,638.2,63820.0,2025-07-13T13:31:06.496653
2025-07-13,35498,2025071303015485,ICFC,Imperial Securities Company Pvt. Ltd.,Vision Securities Pvt. Ltd,200,638.1,127620.0,2025-07-13T13:31:06.496813
2025-07-13,34140,2025071303015698,ICFC,Kohinoor Investment & Securities Pvt. Ltd.,Kohinoor Investment & Securities Pvt. Ltd.,12,637.2,7646.4,2025-07-13T13:35:51.664844
2025-07-13,31512,2025071303016136,ICFC,Online Securities Pvt. Ltd.,Imperial Securities Company Pvt. Ltd.,15,638.0,9570.0,2025-07-13T13:44:07.301259
2025-07-13,31324,2025071303016163,ICFC,Online Securities Pvt. Ltd.,Aryatara Investment & Securities,77,637.2,49064.4,2025-07-13T13:44:54.784518
2025-07-13,31294,2025071303016170,ICFC,Online Securities Pvt. Ltd.,Trishakti Securities Public Limited,13,637.2,8283.6,2025-07-13T13:45:04.807489
2025-07-13,29089,2025071303016510,ICFC,Thrive Brokerage House Pvt. Ltd,Imperial Securities Company Pvt. Ltd.,100,638.0,63800.0,2025-07-13T13:52:48.646521
2025-07-13,26682,2025071303016937,ICFC,Kalika Securities Pvt. Ltd.,Imperial Securities Company Pvt. Ltd.,100,638.0,63800.0,2025-07-13T14:02:02.763273
2025-07-13,26433,2025071303016963,ICFC,Naasa Securities Co. Ltd.,Imperial Securities Company Pvt. Ltd.,50,638.0,31900.0,2025-07-13T14:02:55.418283
2025-07-13,26406,2025071303016980,ICFC,Siprabi Securities Pvt. Ltd.,Imperial Securities Company Pvt. Ltd.,100,638.0,63800.0,2025-07-13T14:02:59.512758
2025-07-13,22448,2025071303017634,ICFC,Online Securities Pvt. Ltd.,Oxford Securities Pvt. Ltd.,110,637.2,70092.0,2025-07-13T14:15:33.411369
2025-07-13,22447,2025071303017635,ICFC,Oxford Securities Pvt. Ltd.,Oxford Securities Pvt. Ltd.,350,637.0,222950.0,2025-07-13T14:15:33.411696
2025-07-13,22446,2025071303017636,ICFC,Imperial Securities Company Pvt. Ltd.,Oxford Securities Pvt. Ltd.,10,637.0,6370.0,2025-07-13T14:15:33.41188
2025-07-13,21707,2025071303017821,ICFC,ABC Securities Private Limited,Vision Securities Pvt. Ltd,10,636.3,6363.0,2025-07-13T14:18:10.879234
2025-07-13,21706,2025071303017822,ICFC,ABC Securities Private Limited,Vision Securities Pvt. Ltd,10,636.2,6362.0,2025-07-13T14:18:10.879278
2025-07-13,21705,2025071303017823,ICFC,Deevyaa Securities & Stock House Pvt. Ltd,Vision Securities Pvt. Ltd,410,636.1,260801.0,2025-07-13T14:18:10.879306
2025-07-13,21704,2025071303017824,ICFC,Deevyaa Securities & Stock House Pvt. Ltd,Vision Securities Pvt. Ltd,50,636.0,31800.0,2025-07-13T14:18:10.879335
2025-07-13,21703,2025071303017825,ICFC,ABC Securities Private Limited,Vision Securities Pvt. Ltd,10,635.4,6354.0,2025-07-13T14:18:10.879364
2025-07-13,21702,2025071303017826,ICFC,ABC Securities Private Limited,Vision Securities Pvt. Ltd,50,635.1,31755.0,2025-07-13T14:18:10.879385
2025-07-13,21701,2025071303017827,ICFC,South Asian Bulls Pvt. Ltd.,Vision Securities Pvt. Ltd,489,635.0,310515.0,2025-07-13T14:18:10.879423
2025-07-13,21700,2025071303017828,ICFC,Sumeru Securities Pvt. Ltd.,Vision Securities Pvt. Ltd,51,634.5,32359.5,2025-07-13T14:18:10.879454
2025-07-13,20386,2025071303018037,ICFC,Premier Securities Company Ltd.,Aryatara Investment & Securities,90,635.1,57159.0,2025-07-13T14:22:13.885495
2025-07-13,20385,2025071303018038,ICFC,Sewa Securities Pvt. Ltd.,Aryatara Investment & Securities,10,635.1,6351.0,2025-07-13T14:22:13.885855
2025-07-13,19805,2025071303018157,ICFC,Aryatara Investment & Securities,Sani Securities Company Ltd.,100,635.0,63500.0,2025-07-13T14:23:45.868432
2025-07-13,19559,2025071303018185,ICFC,Aryatara Investment & Securities,Primo Securities (PVT) Ltd.,214,635.0,135890.0,2025-07-13T14:24:23.469468
2025-07-13,19558,2025071303018186,ICFC,Sumeru Securities Pvt. Ltd.,Primo Securities (PVT) Ltd.,34,634.5,21573.0,2025-07-13T14:24:23.469667
2025-07-13,19557,2025071303018187,ICFC,ABC Securities Private Limited,Primo Securities (PVT) Ltd.,10,633.5,6335.0,2025-07-13T14:24:23.469733
2025-07-13,19556,2025071303018188,ICFC,ABC Securities Private Limited,Primo Securities (PVT) Ltd.,10,633.4,6334.0,2025-07-13T14:24:23.469816
2025-07-13,19555,2025071303018189,ICFC,ABC Securities Private Limited,Primo Securities (PVT) Ltd.,10,633.3,6333.0,2025-07-13T14:24:23.469877
2025-07-13,19554,2025071303018190,ICFC,Market Securities & Exchange (PVT) Ltd.,Primo Securities (PVT) Ltd.,150,633.2,94980.0,2025-07-13T14:24:23.469937
2025-07-13,19553,2025071303018191,ICFC,ABC Securities Private Limited,Primo Securities (PVT) Ltd.,10,633.1,6331.0,2025-07-13T14:24:23.469994
2025-07-13,19552,2025071303018192,ICFC,Naasa Securities Co. Ltd.,Primo Securities (PVT) Ltd.,50,633.0,31650.0,2025-07-13T14:24:23.470058
2025-07-13,19551,2025071303018193,ICFC,Siprabi Securities Pvt. Ltd.,Primo Securities (PVT) Ltd.,10,633.0,6330.0,2025-07-13T14:24:23.47012
2025-07-13,10333,2025071303019860,ICFC,Sundhara Securities Limited,ABC Securities Private Limited,250,635.0,158750.0,2025-07-13T14:46:45.024913
2025-07-13,9882,2025071303020002,ICFC,ABC Securities Private Limited,Shree Krishna Securities Ltd.,100,633.0,63300.0,2025-07-13T14:47:38.554596
2025-07-13,9841,2025071303020009,ICFC,Deevyaa Securities & Stock House Pvt. Ltd,ABC Securities Private Limited,40,633.0,25320.0,2025-07-13T14:47:44.122354
2025-07-13,9840,2025071303020010,ICFC,ABC Securities Private Limited,ABC Securities Private Limited,10,632.9,6329.0,2025-07-13T14:47:44.122412
2025-07-13,9683,2025071303020063,ICFC,ABC Securities Private Limited,ABC Securities Private Limited,10,632.8,6328.0,2025-07-13T14:48:01.320716
2025-07-13,9682,2025071303020064,ICFC,ABC Securities Private Limited,ABC Securities Private Limited,10,632.7,6327.0,2025-07-13T14:48:01.320822
2025-07-13,9681,2025071303020065,ICFC,ABC Securities Private Limited,ABC Securities Private Limited,10,632.5,6325.0,2025-07-13T14:48:01.320902
2025-07-13,9680,2025071303020066,ICFC,South Asian Bulls Pvt. Ltd.,ABC Securities Private Limited,50,632.4,31620.0,2025-07-13T14:48:01.320978
2025-07-13,9679,2025071303020067,ICFC,ABC Securities Private Limited,ABC Securities Private Limited,10,632.3,6323.0,2025-07-13T14:48:01.321082
2025-07-13,9678,2025071303020068,ICFC,ABC Securities Private Limited,ABC Securities Private Limited,10,632.2,6322.0,2025-07-13T14:48:01.321174
2025-07-13,8334,2025071303020328,ICFC,Sundhara Securities Limited,Opal Securities Investment (PVT) Ltd.,140,635.0,88900.0,2025-07-13T14:50:35.570658
2025-07-13,7656,2025071303020463,ICFC,Naasa Securities Co. Ltd.,Linch Stock Market Ltd.,10,635.0,6350.0,2025-07-13T14:51:47.037661
2025-07-13,7603,2025071303020471,ICFC,Aryatara Investment & Securities,Linch Stock Market Ltd.,40,635.0,25400.0,2025-07-13T14:51:54.624541
2025-07-13,7602,2025071303020472,ICFC,Aryatara Investment & Securities,Deevyaa Securities & Stock House Pvt. Ltd,10,636.0,6360.0,2025-07-13T14:51:54.624736
2025-07-13,6649,2025071303020669,ICFC,Sundhara Securities Limited,Deevyaa Securities & Stock House Pvt. Ltd,90,636.0,57240.0,2025-07-13T14:53:31.662404
2025-07-13,6648,2025071303020670,ICFC,Sundhara Securities Limited,Kalika Securities Pvt. Ltd.,10,636.0,6360.0,2025-07-13T14:53:31.662603
2025-07-13,5911,2025071303020851,ICFC,Sundhara Securities Limited,Kalika Securities Pvt. Ltd.,40,636.0,25440.0,2025-07-13T14:54:41.203233
2025-07-13,5910,2025071303020852,ICFC,Sundhara Securities Limited,Vision Securities Pvt. Ltd,260,636.0,165360.0,2025-07-13T14:54:41.203448
2025-07-13,4518,2025071303021160,ICFC,Sundhara Securities Limited,Vision Securities Pvt. Ltd,60,636.0,38160.0,2025-07-13T14:56:34.989284
2025-07-13,4517,2025071303021161,ICFC,Sundhara Securities Limited,Deevyaa Securities & Stock House Pvt. Ltd,70,636.0,44520.0,2025-07-13T14:56:34.989462
2025-07-13,4021,2025071303021256,ICFC,Sundhara Securities Limited,Deevyaa Securities & Stock House Pvt. Ltd,28,636.0,17808.0,2025-07-13T14:57:07.222622
2025-07-13,4020,2025071303021257,ICFC,Sundhara Securities Limited,Nepal Stock House (PVT) Ltd.,22,636.0,13992.0,2025-07-13T14:57:07.22279
2025-07-13,3534,2025071303021377,ICFC,Sundhara Securities Limited,Nepal Stock House (PVT) Ltd.,28,636.0,17808.0,2025-07-13T14:57:37.489713
2025-07-13,3533,2025071303021378,ICFC,Sundhara Securities Limited,Vision Securities Pvt. Ltd,472,636.0,300192.0,2025-07-13T14:57:37.489888
2025-07-13,1253,2025071303021803,ICFC,Premier Securities Company Ltd.,Aryatara Investment & Securities,100,633.3,63330.0,2025-07-13T14:59:25.230381
2025-07-13,811,2025071303021898,ICFC,Agrawal Securities (PVT) Ltd.,Vision Securities Pvt. Ltd,28,636.0,17808.0,2025-07-13T14:59:40.271506
2025-07-13,663,2025071303021928,ICFC,Sundhara Securities Limited,South Asian Bulls Pvt. Ltd.,20,636.0,12720.0,2025-07-13T14:59:44.619074
2025-07-13,662,2025071303021929,ICFC,Sundhara Securities Limited,Aryatara Investment & Securities,100,636.0,63600.0,2025-07-13T14:59:44.619131
2025-07-13,661,2025071303021930,ICFC,Sundhara Securities Limited,Thrive Brokerage House Pvt. Ltd,100,636.8,63680.0,2025-07-13T14:59:44.619158
2025-07-13,660,2025071303021931,ICFC,Sundhara Securities Limited,Sani Securities Company Ltd.,80,636.8,50944.0,2025-07-13T14:59:44.619198
