Date,S.N.,Contract ID,Symbol,Buyer Broker,Seller Broker,quantity,rate,amount,transaction_time
2025-07-13,104751,2025071301000165,TPC,Thrive Brokerage House Pvt. Ltd,Miyo Securities Pvt Ltd,10,404.3,4043.0,2025-07-13T10:46:00.203859
2025-07-13,103905,2025071301000552,TPC,Aryatara Investment & Securities,Miyo Securities Pvt Ltd,300,404.3,121290.0,2025-07-13T11:01:04.958405
2025-07-13,103894,2025071301000555,TPC,Linch Stock Market Ltd.,Miyo Securities Pvt Ltd,100,404.3,40430.0,2025-07-13T11:01:05.386678
2025-07-13,103280,2025071301000853,TPC,Linch Stock Market Ltd.,Miyo Securities Pvt Ltd,200,404.3,80860.0,2025-07-13T11:01:34.168955
2025-07-13,103220,2025071301000888,TPC,Linch Stock Market Ltd.,Miyo Securities Pvt Ltd,50,404.3,20215.0,2025-07-13T11:01:36.248628
2025-07-13,102945,2025071301001021,TPC,Dakshinkali Investment & Securities Pvt. Ltd.,Miyo Securities Pvt Ltd,39,404.3,15767.7,2025-07-13T11:01:48.864053
2025-07-13,102944,2025071301001022,TPC,Dakshinkali Investment & Securities Pvt. Ltd.,Sri Hari Securities Pvt. Ltd.,10,404.3,4043.0,2025-07-13T11:01:48.864118
2025-07-13,100349,2025071301002130,TPC,Kohinoor Investment & Securities Pvt. Ltd.,Dipshikha Dhitopatra Karobar Co. Pvt Ltd.,80,409.0,32720.0,2025-07-13T11:03:28.260641
2025-07-13,98791,2025071301002735,TPC,Market Securities & Exchange (PVT) Ltd.,Kumari Securities Private Limited,150,406.0,60900.0,2025-07-13T11:04:32.338682
2025-07-13,97677,2025071301003177,TPC,Market Securities & Exchange (PVT) Ltd.,Sri Hari Securities Pvt. Ltd.,850,406.0,345100.0,2025-07-13T11:05:25.709758
2025-07-13,97676,2025071301003178,TPC,Dipshikha Dhitopatra Karobar Co. Pvt Ltd.,Sri Hari Securities Pvt. Ltd.,350,405.0,141750.0,2025-07-13T11:05:25.709808
2025-07-13,96743,2025071301003559,TPC,Dipshikha Dhitopatra Karobar Co. Pvt Ltd.,Cristal Kanchanjanga Securites Pvt. Ltd.,80,405.0,32400.0,2025-07-13T11:06:17.479802
2025-07-13,96476,2025071301003694,TPC,Dipshikha Dhitopatra Karobar Co. Pvt Ltd.,Roadshow securities limited,570,405.0,230850.0,2025-07-13T11:06:32.829099
2025-07-13,96475,2025071301003695,TPC,Cristal Kanchanjanga Securites Pvt. Ltd.,Roadshow securities limited,100,405.0,40500.0,2025-07-13T11:06:32.829169
2025-07-13,96110,2025071301003846,TPC,Dakshinkali Investment & Securities Pvt. Ltd.,Magnet Securities and Investment Company Private Limited,330,404.3,133419.0,2025-07-13T11:06:57.705592
2025-07-13,95931,2025071301003930,TPC,Dakshinkali Investment & Securities Pvt. Ltd.,Sumeru Securities Pvt. Ltd.,200,404.3,80860.0,2025-07-13T11:07:11.988186
2025-07-13,95122,2025071301004279,TPC,Dakshinkali Investment & Securities Pvt. Ltd.,Sewa Securities Pvt. Ltd.,80,404.3,32344.0,2025-07-13T11:08:08.141525
2025-07-13,93103,2025071301005164,TPC,Dakshinkali Investment & Securities Pvt. Ltd.,Vision Securities Pvt. Ltd,41,404.3,16576.3,2025-07-13T11:11:00.882989
2025-07-13,93102,2025071301005165,TPC,Market Securities & Exchange (PVT) Ltd.,Vision Securities Pvt. Ltd,159,404.2,64267.8,2025-07-13T11:11:00.883055
2025-07-13,92749,2025071301005316,TPC,Market Securities & Exchange (PVT) Ltd.,Siprabi Securities Pvt. Ltd.,70,404.2,28294.0,2025-07-13T11:11:33.829292
2025-07-13,92327,2025071301005501,TPC,Market Securities & Exchange (PVT) Ltd.,Aakashbhairab Securities Ltd.,320,404.2,129344.0,2025-07-13T11:12:09.97137
2025-07-13,89231,2025071301006812,TPC,Naasa Securities Co. Ltd.,Sani Securities Company Ltd.,10,405.0,4050.0,2025-07-13T11:17:01.395019
2025-07-13,89230,2025071301006813,TPC,Naasa Securities Co. Ltd.,Premier Securities Company Ltd.,490,405.0,198450.0,2025-07-13T11:17:01.39512
2025-07-13,88477,2025071301007121,TPC,Midas Stock Broking Company Private Limited,Nabil Stock Dealer Ltd.,11,404.3,4447.3,2025-07-13T11:18:13.635408
2025-07-13,87669,2025071301007501,TPC,Midas Stock Broking Company Private Limited,Roadshow securities limited,49,404.3,19810.7,2025-07-13T11:19:31.170268
2025-07-13,87668,2025071301007502,TPC,Market Securities & Exchange (PVT) Ltd.,Roadshow securities limited,451,404.2,182294.2,2025-07-13T11:19:31.170381
2025-07-13,87667,2025071301007503,TPC,Sumeru Securities Pvt. Ltd.,Roadshow securities limited,1434,404.1,579479.4,2025-07-13T11:19:31.170483
2025-07-13,86499,2025071301008056,TPC,Sumeru Securities Pvt. Ltd.,Sri Hari Securities Pvt. Ltd.,500,404.1,202050.0,2025-07-13T11:21:12.533355
2025-07-13,86445,2025071301008078,TPC,Sumeru Securities Pvt. Ltd.,Nagarik Stock Dealer ,66,404.1,26670.6,2025-07-13T11:21:20.689599
2025-07-13,86412,2025071301008092,TPC,Market Securities & Exchange (PVT) Ltd.,Dipshikha Dhitopatra Karobar Co. Pvt Ltd.,10,404.0,4040.0,2025-07-13T11:21:26.073531
2025-07-13,86231,2025071301008154,TPC,Market Securities & Exchange (PVT) Ltd.,Miyo Securities Pvt Ltd,90,404.0,36360.0,2025-07-13T11:21:42.443598
2025-07-13,86230,2025071301008155,TPC,Kumari Securities Private Limited,Miyo Securities Pvt Ltd,100,401.0,40100.0,2025-07-13T11:21:42.443693
2025-07-13,82543,2025071301009583,TPC,Kumari Securities Private Limited,Malla & Malla Stock Broking Company Pvt. Limited,100,399.0,39900.0,2025-07-13T11:27:25.039591
2025-07-13,82091,2025071301009781,TPC,Kumari Securities Private Limited,N.M.B. SECURITIES LIMITED,100,398.0,39800.0,2025-07-13T11:28:07.63205
2025-07-13,82090,2025071301009782,TPC,Market Securities & Exchange (PVT) Ltd.,N.M.B. SECURITIES LIMITED,100,397.0,39700.0,2025-07-13T11:28:07.632089
2025-07-13,82089,2025071301009783,TPC,Siprabi Securities Pvt. Ltd.,N.M.B. SECURITIES LIMITED,100,397.0,39700.0,2025-07-13T11:28:07.632119
2025-07-13,82088,2025071301009784,TPC,Imperial Securities Company Pvt. Ltd.,N.M.B. SECURITIES LIMITED,25,395.0,9875.0,2025-07-13T11:28:07.632145
2025-07-13,82087,2025071301009785,TPC,Market Securities & Exchange (PVT) Ltd.,N.M.B. SECURITIES LIMITED,675,394.0,265950.0,2025-07-13T11:28:07.632241
2025-07-13,81584,2025071301010007,TPC,Sewa Securities Pvt. Ltd.,Oxford Securities Pvt. Ltd.,60,396.0,23760.0,2025-07-13T11:28:51.470167
2025-07-13,81583,2025071301010008,TPC,Premier Securities Company Ltd.,Oxford Securities Pvt. Ltd.,300,394.1,118230.0,2025-07-13T11:28:51.470243
2025-07-13,81582,2025071301010009,TPC,Market Securities & Exchange (PVT) Ltd.,Oxford Securities Pvt. Ltd.,325,394.0,128050.0,2025-07-13T11:28:51.470278
2025-07-13,81581,2025071301010010,TPC,Sri Hari Securities Pvt. Ltd.,Oxford Securities Pvt. Ltd.,1000,393.0,393000.0,2025-07-13T11:28:51.470316
2025-07-13,81580,2025071301010011,TPC,Bhrikuti Stock Broking Co. Pvt. Ltd.,Oxford Securities Pvt. Ltd.,250,393.0,98250.0,2025-07-13T11:28:51.470349
2025-07-13,80921,2025071301010314,TPC,Premier Securities Company Ltd.,Oxford Securities Pvt. Ltd.,65,393.0,25545.0,2025-07-13T11:30:01.710532
2025-07-13,80590,2025071301010424,TPC,Market Securities & Exchange (PVT) Ltd.,Online Securities Pvt. Ltd.,50,393.0,19650.0,2025-07-13T11:30:34.79861
2025-07-13,78480,2025071301011219,TPC,Kohinoor Investment & Securities Pvt. Ltd.,Imperial Securities Company Pvt. Ltd.,20,394.1,7882.0,2025-07-13T11:34:16.126738
2025-07-13,77548,2025071301011590,TPC,Oxford Securities Pvt. Ltd.,Online Securities Pvt. Ltd.,10,398.5,3985.0,2025-07-13T11:35:44.602147
2025-07-13,77547,2025071301011591,TPC,Oxford Securities Pvt. Ltd.,Online Securities Pvt. Ltd.,50,398.8,19940.0,2025-07-13T11:35:44.602322
2025-07-13,77546,2025071301011592,TPC,Oxford Securities Pvt. Ltd.,Trishakti Securities Public Limited,25,399.0,9975.0,2025-07-13T11:35:44.602432
2025-07-13,77224,2025071301011744,TPC,Aryatara Investment & Securities,Trishakti Securities Public Limited,25,399.0,9975.0,2025-07-13T11:36:20.070613
2025-07-13,77223,2025071301011745,TPC,Aryatara Investment & Securities,Capital Max Securities Ltd,10,399.9,3999.0,2025-07-13T11:36:20.070708
2025-07-13,77222,2025071301011746,TPC,Aryatara Investment & Securities,Miyo Securities Pvt Ltd,150,400.0,60000.0,2025-07-13T11:36:20.070748
2025-07-13,77221,2025071301011747,TPC,Aryatara Investment & Securities,Dipshikha Dhitopatra Karobar Co. Pvt Ltd.,315,400.0,126000.0,2025-07-13T11:36:20.070786
2025-07-13,76603,2025071301011996,TPC,Naasa Securities Co. Ltd.,Dipshikha Dhitopatra Karobar Co. Pvt Ltd.,185,400.0,74000.0,2025-07-13T11:37:31.538724
2025-07-13,76602,2025071301011997,TPC,Naasa Securities Co. Ltd.,Naasa Securities Co. Ltd.,215,400.0,86000.0,2025-07-13T11:37:31.53881
2025-07-13,74597,2025071301012907,TPC,Naasa Securities Co. Ltd.,Kalika Securities Pvt. Ltd.,100,395.0,39500.0,2025-07-13T11:41:48.437163
2025-07-13,74596,2025071301012908,TPC,Kalika Securities Pvt. Ltd.,Kalika Securities Pvt. Ltd.,16,395.0,6320.0,2025-07-13T11:41:48.437345
2025-07-13,74595,2025071301012909,TPC,Vision Securities Pvt. Ltd,Kalika Securities Pvt. Ltd.,229,394.2,90271.8,2025-07-13T11:41:48.437461
2025-07-13,73548,2025071301013339,TPC,Vision Securities Pvt. Ltd,Premier Securities Company Ltd.,10,394.2,3942.0,2025-07-13T11:44:15.777555
2025-07-13,71467,2025071301014242,TPC,Sundhara Securities Limited,Aryatara Investment & Securities,100,395.0,39500.0,2025-07-13T11:49:41.213511
2025-07-13,69521,2025071301015059,TPC,Sundhara Securities Limited,Siprabi Securities Pvt. Ltd.,10,395.0,3950.0,2025-07-13T11:55:30.452132
2025-07-13,67537,2025071301015870,TPC,Trisul Securities & Invt. Ltd.,Oxford Securities Pvt. Ltd.,1000,396.0,396000.0,2025-07-13T12:00:53.584866
2025-07-13,66023,2025071301016523,TPC,Naasa Securities Co. Ltd.,Imperial Securities Company Pvt. Ltd.,10,396.0,3960.0,2025-07-13T12:05:20.853657
2025-07-13,61988,2025071301018488,TPC,Naasa Securities Co. Ltd.,Sweta Securities Private Limited,25,398.0,9950.0,2025-07-13T12:16:52.785416
2025-07-13,59841,2025071301019498,TPC,Premier Securities Company Ltd.,Sweta Securities Private Limited,10,398.0,3980.0,2025-07-13T12:23:01.012829
2025-07-13,59393,2025071301019720,TPC,Kohinoor Investment & Securities Pvt. Ltd.,Sweta Securities Private Limited,10,398.0,3980.0,2025-07-13T12:24:02.909413
2025-07-13,58578,2025071301020146,TPC,Naasa Securities Co. Ltd.,Citizens Share Broker Limited,10,396.1,3961.0,2025-07-13T12:26:02.433424
2025-07-13,56987,2025071301020980,TPC,Opal Securities Investment (PVT) Ltd.,Sweta Securities Private Limited,55,398.0,21890.0,2025-07-13T12:29:35.661712
2025-07-13,56986,2025071301020981,TPC,Opal Securities Investment (PVT) Ltd.,Naasa Securities Co. Ltd.,25,398.0,9950.0,2025-07-13T12:29:35.661821
2025-07-13,56985,2025071301020982,TPC,Opal Securities Investment (PVT) Ltd.,Naasa Securities Co. Ltd.,10,398.0,3980.0,2025-07-13T12:29:35.661886
2025-07-13,56984,2025071301020983,TPC,Opal Securities Investment (PVT) Ltd.,Midas Stock Broking Company Private Limited,50,398.0,19900.0,2025-07-13T12:29:35.661931
2025-07-13,55991,2025071301021444,TPC,Opal Securities Investment (PVT) Ltd.,Naasa Securities Co. Ltd.,240,398.0,95520.0,2025-07-13T12:32:00.372296
2025-07-13,55500,2025071301021633,TPC,Agrawal Securities (PVT) Ltd.,Global IME Securities Limited,20,399.0,7980.0,2025-07-13T12:33:11.026864
2025-07-13,52830,2025071301023018,TPC,Naasa Securities Co. Ltd.,Sri Hari Securities Pvt. Ltd.,50,396.5,19825.0,2025-07-13T12:39:01.652141
2025-07-13,51452,2025071301023612,TPC,Cristal Kanchanjanga Securites Pvt. Ltd.,Kohinoor Investment & Securities Pvt. Ltd.,100,397.0,39700.0,2025-07-13T12:42:35.776324
2025-07-13,49451,2025071301024406,TPC,Premier Securities Company Ltd.,Sani Securities Company Ltd.,120,398.0,47760.0,2025-07-13T12:47:59.274341
2025-07-13,48370,2025071301024785,TPC,Naasa Securities Co. Ltd.,Cristal Kanchanjanga Securites Pvt. Ltd.,10,396.0,3960.0,2025-07-13T12:50:58.882068
2025-07-13,46669,2025071301025467,TPC,Naasa Securities Co. Ltd.,R.B.B. Securities Company Ltd,28,396.0,11088.0,2025-07-13T12:55:35.366052
2025-07-13,46668,2025071301025468,TPC,Dipshikha Dhitopatra Karobar Co. Pvt Ltd.,R.B.B. Securities Company Ltd,52,396.0,20592.0,2025-07-13T12:55:35.366286
2025-07-13,46667,2025071301025469,TPC,Sundhara Securities Limited,R.B.B. Securities Company Ltd,390,396.0,154440.0,2025-07-13T12:55:35.366432
2025-07-13,46666,2025071301025470,TPC,Trisul Securities & Invt. Ltd.,R.B.B. Securities Company Ltd,85,396.0,33660.0,2025-07-13T12:55:35.366577
2025-07-13,46665,2025071301025471,TPC,Sani Securities Company Ltd.,R.B.B. Securities Company Ltd,20,395.2,7904.0,2025-07-13T12:55:35.366724
2025-07-13,46664,2025071301025472,TPC,Sumeru Securities Pvt. Ltd.,R.B.B. Securities Company Ltd,1000,395.2,395200.0,2025-07-13T12:55:35.366863
2025-07-13,46663,2025071301025473,TPC,Vision Securities Pvt. Ltd,R.B.B. Securities Company Ltd,688,395.1,271828.8,2025-07-13T12:55:35.367014
2025-07-13,46662,2025071301025474,TPC,KALASH STOCK MARKET PVT. LTD.,R.B.B. Securities Company Ltd,10,395.0,3950.0,2025-07-13T12:55:35.367191
2025-07-13,46661,2025071301025475,TPC,Asian Securities Private Ltd.,R.B.B. Securities Company Ltd,1000,395.0,395000.0,2025-07-13T12:55:35.367329
2025-07-13,46660,2025071301025476,TPC,Online Securities Pvt. Ltd.,R.B.B. Securities Company Ltd,10,395.0,3950.0,2025-07-13T12:55:35.367464
2025-07-13,46659,2025071301025477,TPC,Sani Securities Company Ltd.,R.B.B. Securities Company Ltd,50,395.0,19750.0,2025-07-13T12:55:35.367599
2025-07-13,46658,2025071301025478,TPC,Cristal Kanchanjanga Securites Pvt. Ltd.,R.B.B. Securities Company Ltd,100,395.0,39500.0,2025-07-13T12:55:35.367727
2025-07-13,46604,2025071301025493,TPC,Opal Securities Investment (PVT) Ltd.,R.B.B. Securities Company Ltd,40,395.0,15800.0,2025-07-13T12:55:45.259735
2025-07-13,46492,2025071301025557,TPC,Linch Stock Market Ltd.,Magnet Securities and Investment Company Private Limited,200,394.2,78840.0,2025-07-13T12:56:08.454321
2025-07-13,46212,2025071301025661,TPC,Linch Stock Market Ltd.,Sewa Securities Pvt. Ltd.,65,394.2,25623.0,2025-07-13T12:56:54.986795
2025-07-13,46211,2025071301025662,TPC,Kohinoor Investment & Securities Pvt. Ltd.,Sewa Securities Pvt. Ltd.,80,394.1,31528.0,2025-07-13T12:56:54.986837
2025-07-13,46210,2025071301025663,TPC,Sani Securities Company Ltd.,Sewa Securities Pvt. Ltd.,105,394.0,41370.0,2025-07-13T12:56:54.986866
2025-07-13,45986,2025071301025733,TPC,Sani Securities Company Ltd.,Naasa Securities Co. Ltd.,60,394.0,23640.0,2025-07-13T12:57:47.171856
2025-07-13,45891,2025071301025768,TPC,Sani Securities Company Ltd.,K.B.L. Securities Limited ,35,394.0,13790.0,2025-07-13T12:58:04.736596
2025-07-13,45890,2025071301025769,TPC,Siprabi Securities Pvt. Ltd.,K.B.L. Securities Limited ,50,394.0,19700.0,2025-07-13T12:58:04.736801
2025-07-13,45889,2025071301025770,TPC,Himalayan Brokerage Company Limited,K.B.L. Securities Limited ,280,393.1,110068.0,2025-07-13T12:58:04.736939
2025-07-13,45888,2025071301025771,TPC,Naasa Securities Co. Ltd.,K.B.L. Securities Limited ,44,393.0,17292.0,2025-07-13T12:58:04.737081
2025-07-13,45887,2025071301025772,TPC,Trishakti Securities Public Limited,K.B.L. Securities Limited ,50,393.0,19650.0,2025-07-13T12:58:04.737199
2025-07-13,45886,2025071301025773,TPC,Naasa Securities Co. Ltd.,K.B.L. Securities Limited ,10,393.0,3930.0,2025-07-13T12:58:04.737318
2025-07-13,45885,2025071301025774,TPC,Agrawal Securities (PVT) Ltd.,K.B.L. Securities Limited ,14,393.0,5502.0,2025-07-13T12:58:04.737434
2025-07-13,45884,2025071301025775,TPC,Nepal Stock House (PVT) Ltd.,K.B.L. Securities Limited ,10,393.0,3930.0,2025-07-13T12:58:04.737552
2025-07-13,45883,2025071301025776,TPC,Thrive Brokerage House Pvt. Ltd,K.B.L. Securities Limited ,50,392.9,19645.0,2025-07-13T12:58:04.737667
2025-07-13,45882,2025071301025777,TPC,Naasa Securities Co. Ltd.,K.B.L. Securities Limited ,100,392.0,39200.0,2025-07-13T12:58:04.737788
2025-07-13,45881,2025071301025778,TPC,Market Securities & Exchange (PVT) Ltd.,K.B.L. Securities Limited ,100,392.0,39200.0,2025-07-13T12:58:04.737902
2025-07-13,45880,2025071301025779,TPC,Nepal Investment And Securities Trading Private Limited,K.B.L. Securities Limited ,200,391.1,78220.0,2025-07-13T12:58:04.738039
2025-07-13,45879,2025071301025780,TPC,Cristal Kanchanjanga Securites Pvt. Ltd.,K.B.L. Securities Limited ,57,391.0,22287.0,2025-07-13T12:58:04.738155
2025-07-13,44585,2025071301026204,TPC,Premier Securities Company Ltd.,Dipshikha Dhitopatra Karobar Co. Pvt Ltd.,50,391.2,19560.0,2025-07-13T13:02:04.162649
2025-07-13,44175,2025071301026404,TPC,Premier Securities Company Ltd.,Thrive Brokerage House Pvt. Ltd,10,391.2,3912.0,2025-07-13T13:03:31.524595
2025-07-13,43906,2025071301026503,TPC,Premier Securities Company Ltd.,Cristal Kanchanjanga Securites Pvt. Ltd.,75,391.2,29340.0,2025-07-13T13:04:28.336723
2025-07-13,43905,2025071301026504,TPC,Sani Securities Company Ltd.,Cristal Kanchanjanga Securites Pvt. Ltd.,25,391.2,9780.0,2025-07-13T13:04:28.33685
2025-07-13,43678,2025071301026573,TPC,Sani Securities Company Ltd.,Linch Stock Market Ltd.,25,391.2,9780.0,2025-07-13T13:05:11.302606
2025-07-13,43677,2025071301026574,TPC,Neev Securities Pvt. Ltd.,Linch Stock Market Ltd.,275,391.1,107552.5,2025-07-13T13:05:11.302839
2025-07-13,40732,2025071301027777,TPC,Online Securities Pvt. Ltd.,Linch Stock Market Ltd.,150,391.2,58680.0,2025-07-13T13:13:43.842753
2025-07-13,40731,2025071301027778,TPC,Neev Securities Pvt. Ltd.,Linch Stock Market Ltd.,225,391.1,87997.5,2025-07-13T13:13:43.842873
2025-07-13,40730,2025071301027779,TPC,Himalayan Brokerage Company Limited,Linch Stock Market Ltd.,500,391.1,195550.0,2025-07-13T13:13:43.842924
2025-07-13,40729,2025071301027780,TPC,Siprabi Securities Pvt. Ltd.,Linch Stock Market Ltd.,50,391.1,19555.0,2025-07-13T13:13:43.842969
2025-07-13,40728,2025071301027781,TPC,Cristal Kanchanjanga Securites Pvt. Ltd.,Linch Stock Market Ltd.,75,391.0,29325.0,2025-07-13T13:13:43.843033
2025-07-13,40558,2025071301027850,TPC,Aryatara Investment & Securities,Linch Stock Market Ltd.,10,391.1,3911.0,2025-07-13T13:14:07.02825
2025-07-13,40557,2025071301027851,TPC,Cristal Kanchanjanga Securites Pvt. Ltd.,Linch Stock Market Ltd.,68,391.0,26588.0,2025-07-13T13:14:07.028467
2025-07-13,40556,2025071301027852,TPC,Market Securities & Exchange (PVT) Ltd.,Linch Stock Market Ltd.,450,391.0,175950.0,2025-07-13T13:14:07.028594
2025-07-13,40555,2025071301027853,TPC,J.F. Securites (PVT) Ltd.,Linch Stock Market Ltd.,100,391.0,39100.0,2025-07-13T13:14:07.028717
2025-07-13,40554,2025071301027854,TPC,Cristal Kanchanjanga Securites Pvt. Ltd.,Linch Stock Market Ltd.,200,391.0,78200.0,2025-07-13T13:14:07.028838
2025-07-13,40486,2025071301027890,TPC,Naasa Securities Co. Ltd.,Linch Stock Market Ltd.,10,390.1,3901.0,2025-07-13T13:14:26.16194
2025-07-13,40485,2025071301027891,TPC,Naasa Securities Co. Ltd.,Linch Stock Market Ltd.,50,390.1,19505.0,2025-07-13T13:14:26.162083
2025-07-13,40484,2025071301027892,TPC,Miyo Securities Pvt Ltd,Linch Stock Market Ltd.,150,390.1,58515.0,2025-07-13T13:14:26.162126
2025-07-13,40483,2025071301027893,TPC,Prabhu Stock Market Limited,Linch Stock Market Ltd.,100,390.0,39000.0,2025-07-13T13:14:26.162194
2025-07-13,40482,2025071301027894,TPC,Sani Securities Company Ltd.,Linch Stock Market Ltd.,100,390.0,39000.0,2025-07-13T13:14:26.162274
2025-07-13,40481,2025071301027895,TPC,Naasa Securities Co. Ltd.,Linch Stock Market Ltd.,10,390.0,3900.0,2025-07-13T13:14:26.162319
2025-07-13,40480,2025071301027896,TPC,Linch Stock Market Ltd.,Linch Stock Market Ltd.,500,390.0,195000.0,2025-07-13T13:14:26.16237
2025-07-13,40479,2025071301027897,TPC,Oxford Securities Pvt. Ltd.,Linch Stock Market Ltd.,80,390.0,31200.0,2025-07-13T13:14:26.162411
2025-07-13,40446,2025071301027914,TPC,Oxford Securities Pvt. Ltd.,Linch Stock Market Ltd.,170,390.0,66300.0,2025-07-13T13:14:35.222613
2025-07-13,40445,2025071301027915,TPC,Cristal Kanchanjanga Securites Pvt. Ltd.,Linch Stock Market Ltd.,500,390.0,195000.0,2025-07-13T13:14:35.222834
2025-07-13,40371,2025071301027948,TPC,Naasa Securities Co. Ltd.,Linch Stock Market Ltd.,110,390.0,42900.0,2025-07-13T13:14:47.293387
2025-07-13,39688,2025071301028222,TPC,Online Securities Pvt. Ltd.,Siprabi Securities Pvt. Ltd.,17,390.0,6630.0,2025-07-13T13:16:50.099904
2025-07-13,39423,2025071301028310,TPC,Online Securities Pvt. Ltd.,Sewa Securities Pvt. Ltd.,33,390.0,12870.0,2025-07-13T13:17:52.205073
2025-07-13,39410,2025071301028318,TPC,Kumari Securities Private Limited,Sewa Securities Pvt. Ltd.,160,390.0,62400.0,2025-07-13T13:17:55.354503
2025-07-13,38731,2025071301028575,TPC,Creative Securities Pvt Ltd,Sewa Securities Pvt. Ltd.,120,390.0,46800.0,2025-07-13T13:20:28.916377
2025-07-13,38554,2025071301028625,TPC,Sewa Securities Pvt. Ltd.,Sewa Securities Pvt. Ltd.,10,390.0,3900.0,2025-07-13T13:21:13.323883
2025-07-13,38376,2025071301028692,TPC,Naasa Securities Co. Ltd.,Sewa Securities Pvt. Ltd.,20,390.0,7800.0,2025-07-13T13:21:41.909858
2025-07-13,37952,2025071301028886,TPC,Cristal Kanchanjanga Securites Pvt. Ltd.,Capital Max Securities Ltd,100,388.4,38840.0,2025-07-13T13:22:59.921516
2025-07-13,37951,2025071301028887,TPC,Neev Securities Pvt. Ltd.,Capital Max Securities Ltd,500,388.3,194150.0,2025-07-13T13:22:59.921555
2025-07-13,37950,2025071301028888,TPC,Sundhara Securities Limited,Capital Max Securities Ltd,100,388.2,38820.0,2025-07-13T13:22:59.921585
2025-07-13,37949,2025071301028889,TPC,Kumari Securities Private Limited,Capital Max Securities Ltd,21,388.0,8148.0,2025-07-13T13:22:59.921623
2025-07-13,36433,2025071301029547,TPC,Dipshikha Dhitopatra Karobar Co. Pvt Ltd.,Naasa Securities Co. Ltd.,500,388.3,194150.0,2025-07-13T13:27:39.495329
2025-07-13,36432,2025071301029548,TPC,Aryatara Investment & Securities,Naasa Securities Co. Ltd.,10,388.3,3883.0,2025-07-13T13:27:39.495578
2025-07-13,36431,2025071301029549,TPC,Himalayan Brokerage Company Limited,Naasa Securities Co. Ltd.,300,388.1,116430.0,2025-07-13T13:27:39.495782
2025-07-13,36430,2025071301029550,TPC,Sewa Securities Pvt. Ltd.,Naasa Securities Co. Ltd.,100,388.0,38800.0,2025-07-13T13:27:39.49598
2025-07-13,36429,2025071301029551,TPC,Nepal Investment And Securities Trading Private Limited,Naasa Securities Co. Ltd.,25,388.0,9700.0,2025-07-13T13:27:39.496201
2025-07-13,36428,2025071301029552,TPC,Naasa Securities Co. Ltd.,Naasa Securities Co. Ltd.,265,388.0,102820.0,2025-07-13T13:27:39.49639
2025-07-13,36374,2025071301029559,TPC,Naasa Securities Co. Ltd.,Oxford Securities Pvt. Ltd.,35,388.0,13580.0,2025-07-13T13:27:45.385039
2025-07-13,36373,2025071301029560,TPC,Siprabi Securities Pvt. Ltd.,Oxford Securities Pvt. Ltd.,200,388.0,77600.0,2025-07-13T13:27:45.385156
2025-07-13,36372,2025071301029561,TPC,Market Securities & Exchange (PVT) Ltd.,Oxford Securities Pvt. Ltd.,200,388.0,77600.0,2025-07-13T13:27:45.385204
2025-07-13,36017,2025071301029711,TPC,Kumari Securities Private Limited,Bhrikuti Stock Broking Co. Pvt. Ltd.,43,387.1,16645.3,2025-07-13T13:28:52.392422
2025-07-13,36016,2025071301029712,TPC,Sweta Securities Private Limited,Bhrikuti Stock Broking Co. Pvt. Ltd.,67,387.0,25929.0,2025-07-13T13:28:52.392549
2025-07-13,35851,2025071301029769,TPC,Naasa Securities Co. Ltd.,Sewa Securities Pvt. Ltd.,250,388.0,97000.0,2025-07-13T13:29:43.601388
2025-07-13,35833,2025071301029773,TPC,Naasa Securities Co. Ltd.,Imperial Securities Company Pvt. Ltd.,265,388.0,102820.0,2025-07-13T13:29:47.892072
2025-07-13,34560,2025071301030311,TPC,Sweta Securities Private Limited,Capital Max Securities Ltd,33,387.0,12771.0,2025-07-13T13:34:18.071167
2025-07-13,34559,2025071301030312,TPC,Blue Chip Securities Ltd,Capital Max Securities Ltd,50,387.0,19350.0,2025-07-13T13:34:18.071263
2025-07-13,34558,2025071301030313,TPC,Naasa Securities Co. Ltd.,Capital Max Securities Ltd,50,386.4,19320.0,2025-07-13T13:34:18.071341
2025-07-13,34557,2025071301030314,TPC,Sundhara Securities Limited,Capital Max Securities Ltd,47,386.3,18156.1,2025-07-13T13:34:18.071421
2025-07-13,34284,2025071301030435,TPC,Sumeru Securities Pvt. Ltd.,Naasa Securities Co. Ltd.,200,388.0,77600.0,2025-07-13T13:35:25.508005
2025-07-13,33627,2025071301030702,TPC,R.B.B. Securities Company Ltd,Oxford Securities Pvt. Ltd.,565,388.0,219220.0,2025-07-13T13:37:23.000236
2025-07-13,33416,2025071301030832,TPC,Sundhara Securities Limited,Imperial Securities Company Pvt. Ltd.,35,386.3,13520.5,2025-07-13T13:37:51.614659
2025-07-13,33050,2025071301030993,TPC,Dakshinkali Investment & Securities Pvt. Ltd.,ABC Securities Private Limited,300,386.5,115950.0,2025-07-13T13:38:55.8949
2025-07-13,33049,2025071301030994,TPC,Sundhara Securities Limited,ABC Securities Private Limited,18,386.3,6953.4,2025-07-13T13:38:55.895051
2025-07-13,33048,2025071301030995,TPC,Aryatara Investment & Securities,ABC Securities Private Limited,20,386.3,7726.0,2025-07-13T13:38:55.895099
2025-07-13,33047,2025071301030996,TPC,Himalayan Brokerage Company Limited,ABC Securities Private Limited,162,386.2,62564.4,2025-07-13T13:38:55.895166
2025-07-13,32810,2025071301031130,TPC,R.B.B. Securities Company Ltd,Online Securities Pvt. Ltd.,469,389.8,182816.2,2025-07-13T13:39:38.356757
2025-07-13,31868,2025071301031530,TPC,Premier Securities Company Ltd.,Vision Securities Pvt. Ltd,200,389.0,77800.0,2025-07-13T13:42:41.441722
2025-07-13,31611,2025071301031656,TPC,Market Securities & Exchange (PVT) Ltd.,Vision Securities Pvt. Ltd,50,389.0,19450.0,2025-07-13T13:43:42.939685
2025-07-13,31610,2025071301031657,TPC,Market Securities & Exchange (PVT) Ltd.,Neev Securities Pvt. Ltd.,25,389.9,9747.5,2025-07-13T13:43:42.939796
2025-07-13,31392,2025071301031744,TPC,Malla & Malla Stock Broking Company Pvt. Limited,Neev Securities Pvt. Ltd.,50,389.9,19495.0,2025-07-13T13:44:39.872678
2025-07-13,31119,2025071301031883,TPC,Oxford Securities Pvt. Ltd.,Sewa Securities Pvt. Ltd.,131,390.0,51090.0,2025-07-13T13:45:36.664405
2025-07-13,30156,2025071301032416,TPC,Market Securities & Exchange (PVT) Ltd.,ABC Securities Private Limited,50,390.0,19500.0,2025-07-13T13:48:35.548172
2025-07-13,29606,2025071301032629,TPC,Nepal Investment And Securities Trading Private Limited,ABC Securities Private Limited,10,390.0,3900.0,2025-07-13T13:50:52.450561
2025-07-13,29605,2025071301032630,TPC,Nepal Investment And Securities Trading Private Limited,Oxford Securities Pvt. Ltd.,10,390.0,3900.0,2025-07-13T13:50:52.450723
2025-07-13,28261,2025071301033150,TPC,Online Securities Pvt. Ltd.,Trishakti Securities Public Limited,10,389.0,3890.0,2025-07-13T13:55:49.517962
2025-07-13,27711,2025071301033423,TPC,Naasa Securities Co. Ltd.,Sewa Securities Pvt. Ltd.,10,389.1,3891.0,2025-07-13T13:57:54.132201
2025-07-13,27539,2025071301033491,TPC,Online Securities Pvt. Ltd.,Oxford Securities Pvt. Ltd.,66,390.0,25740.0,2025-07-13T13:58:33.662654
2025-07-13,27475,2025071301033518,TPC,Linch Stock Market Ltd.,Oxford Securities Pvt. Ltd.,424,390.0,165360.0,2025-07-13T13:58:51.623143
2025-07-13,27364,2025071301033575,TPC,Linch Stock Market Ltd.,Aryatara Investment & Securities,50,390.0,19500.0,2025-07-13T13:59:12.81943
2025-07-13,27295,2025071301033599,TPC,Linch Stock Market Ltd.,Market Securities & Exchange (PVT) Ltd.,26,390.0,10140.0,2025-07-13T13:59:32.17411
2025-07-13,27095,2025071301033693,TPC,Asian Securities Private Ltd.,Market Securities & Exchange (PVT) Ltd.,474,390.0,184860.0,2025-07-13T14:00:21.443571
2025-07-13,26876,2025071301033766,TPC,Asian Securities Private Ltd.,Global IME Securities Limited,526,390.0,205140.0,2025-07-13T14:01:17.38794
2025-07-13,24508,2025071301034795,TPC,Naasa Securities Co. Ltd.,Sani Securities Company Ltd.,224,389.1,87158.4,2025-07-13T14:09:22.491785
2025-07-13,21617,2025071301035873,TPC,Naasa Securities Co. Ltd.,Naasa Securities Co. Ltd.,77,389.1,29960.7,2025-07-13T14:18:21.744077
2025-07-13,21245,2025071301036043,TPC,SUN SECURITIES PVT LTD,Global IME Securities Limited,50,390.0,19500.0,2025-07-13T14:19:25.574731
2025-07-13,18816,2025071301037039,TPC,Naasa Securities Co. Ltd.,Aryatara Investment & Securities,30,389.1,11673.0,2025-07-13T14:26:23.059849
2025-07-13,18663,2025071301037092,TPC,Naasa Securities Co. Ltd.,Global IME Securities Limited,159,389.1,61866.9,2025-07-13T14:26:47.653727
2025-07-13,18662,2025071301037093,TPC,Midas Stock Broking Company Private Limited,Global IME Securities Limited,50,389.1,19455.0,2025-07-13T14:26:47.65391
2025-07-13,17584,2025071301037524,TPC,Linch Stock Market Ltd.,Global IME Securities Limited,100,389.0,38900.0,2025-07-13T14:29:32.221763
2025-07-13,17346,2025071301037608,TPC,Online Securities Pvt. Ltd.,Global IME Securities Limited,50,389.0,19450.0,2025-07-13T14:30:06.611516
2025-07-13,16413,2025071301037932,TPC,Online Securities Pvt. Ltd.,ABC Securities Private Limited,100,388.0,38800.0,2025-07-13T14:32:31.843818
2025-07-13,15183,2025071301038451,TPC,Online Securities Pvt. Ltd.,Siprabi Securities Pvt. Ltd.,10,388.0,3880.0,2025-07-13T14:35:05.487335
2025-07-13,15056,2025071301038485,TPC,Premier Securities Company Ltd.,Global IME Securities Limited,50,389.0,19450.0,2025-07-13T14:35:18.847714
2025-07-13,13865,2025071301038964,TPC,Online Securities Pvt. Ltd.,Naasa Securities Co. Ltd.,60,388.0,23280.0,2025-07-13T14:38:35.401504
2025-07-13,13864,2025071301038965,TPC,Sani Securities Company Ltd.,Naasa Securities Co. Ltd.,10,388.0,3880.0,2025-07-13T14:38:35.401654
2025-07-13,13863,2025071301038966,TPC,Global IME Securities Limited,Naasa Securities Co. Ltd.,20,387.0,7740.0,2025-07-13T14:38:35.401729
2025-07-13,13862,2025071301038967,TPC,Trishakti Securities Public Limited,Naasa Securities Co. Ltd.,50,387.0,19350.0,2025-07-13T14:38:35.401789
2025-07-13,13861,2025071301038968,TPC,Online Securities Pvt. Ltd.,Naasa Securities Co. Ltd.,10,387.0,3870.0,2025-07-13T14:38:35.401848
2025-07-13,13860,2025071301038969,TPC,Online Securities Pvt. Ltd.,Naasa Securities Co. Ltd.,50,387.0,19350.0,2025-07-13T14:38:35.401903
2025-07-13,13237,2025071301039256,TPC,Online Securities Pvt. Ltd.,Sanima Securities Limited,80,388.0,31040.0,2025-07-13T14:40:07.954317
2025-07-13,12670,2025071301039532,TPC,Malla & Malla Stock Broking Company Pvt. Limited,Sanima Securities Limited,250,388.0,97000.0,2025-07-13T14:41:26.283728
2025-07-13,12310,2025071301039652,TPC,Imperial Securities Company Pvt. Ltd.,J.F. Securites (PVT) Ltd.,10,387.0,3870.0,2025-07-13T14:42:21.065551
2025-07-13,11313,2025071301040057,TPC,Imperial Securities Company Pvt. Ltd.,Sewa Securities Pvt. Ltd.,40,387.0,15480.0,2025-07-13T14:44:44.608118
2025-07-13,11312,2025071301040058,TPC,Naasa Securities Co. Ltd.,Sewa Securities Pvt. Ltd.,27,387.0,10449.0,2025-07-13T14:44:44.60826
2025-07-13,11294,2025071301040071,TPC,Naasa Securities Co. Ltd.,Linch Stock Market Ltd.,73,387.0,28251.0,2025-07-13T14:44:46.532965
2025-07-13,10367,2025071301040397,TPC,Aryatara Investment & Securities,Citizens Share Broker Limited,200,386.6,77320.0,2025-07-13T14:46:39.518289
2025-07-13,10048,2025071301040484,TPC,Oxford Securities Pvt. Ltd.,Linch Stock Market Ltd.,20,386.6,7732.0,2025-07-13T14:47:17.700329
2025-07-13,10047,2025071301040485,TPC,Aryatara Investment & Securities,Linch Stock Market Ltd.,80,386.5,30920.0,2025-07-13T14:47:17.700467
2025-07-13,9773,2025071301040563,TPC,R.B.B. Securities Company Ltd,Linch Stock Market Ltd.,67,387.0,25929.0,2025-07-13T14:47:50.317012
2025-07-13,9545,2025071301040642,TPC,R.B.B. Securities Company Ltd,Aryatara Investment & Securities,50,387.0,19350.0,2025-07-13T14:48:19.610433
2025-07-13,7915,2025071301041187,TPC,Naasa Securities Co. Ltd.,Dakshinkali Investment & Securities Pvt. Ltd.,10,386.6,3866.0,2025-07-13T14:51:20.386522
2025-07-13,7845,2025071301041210,TPC,Aryatara Investment & Securities,Naasa Securities Co. Ltd.,420,386.5,162330.0,2025-07-13T14:51:26.681324
2025-07-13,7844,2025071301041211,TPC,Naasa Securities Co. Ltd.,Naasa Securities Co. Ltd.,20,386.5,7730.0,2025-07-13T14:51:26.681573
2025-07-13,7843,2025071301041212,TPC,Naasa Securities Co. Ltd.,Naasa Securities Co. Ltd.,10,386.4,3864.0,2025-07-13T14:51:26.681728
2025-07-13,7842,2025071301041213,TPC,Neev Securities Pvt. Ltd.,Naasa Securities Co. Ltd.,50,386.4,19320.0,2025-07-13T14:51:26.681873
2025-07-13,7841,2025071301041214,TPC,Online Securities Pvt. Ltd.,Naasa Securities Co. Ltd.,100,386.3,38630.0,2025-07-13T14:51:26.68204
2025-07-13,7840,2025071301041215,TPC,Imperial Securities Company Pvt. Ltd.,Naasa Securities Co. Ltd.,245,386.3,94643.5,2025-07-13T14:51:26.682187
2025-07-13,7604,2025071301041294,TPC,Aryatara Investment & Securities,Vision Securities Pvt. Ltd,50,386.2,19310.0,2025-07-13T14:51:54.459342
2025-07-13,7536,2025071301041315,TPC,Aryatara Investment & Securities,Sri Hari Securities Pvt. Ltd.,60,386.2,23172.0,2025-07-13T14:52:03.734319
2025-07-13,7435,2025071301041333,TPC,Sani Securities Company Ltd.,Nepal Stock House (PVT) Ltd.,105,387.0,40635.0,2025-07-13T14:52:12.939252
2025-07-13,7231,2025071301041386,TPC,Aryatara Investment & Securities,Sundhara Securities Limited,10,386.2,3862.0,2025-07-13T14:52:33.299125
2025-07-13,7004,2025071301041451,TPC,Aryatara Investment & Securities,Sumeru Securities Pvt. Ltd.,690,386.2,266478.0,2025-07-13T14:52:55.001234
2025-07-13,7003,2025071301041452,TPC,Nepal Investment And Securities Trading Private Limited,Sumeru Securities Pvt. Ltd.,200,386.1,77220.0,2025-07-13T14:52:55.001483
2025-07-13,7002,2025071301041453,TPC,Himalayan Brokerage Company Limited,Sumeru Securities Pvt. Ltd.,110,386.1,42471.0,2025-07-13T14:52:55.001637
2025-07-13,5999,2025071301041801,TPC,Himalayan Brokerage Company Limited,J.F. Securites (PVT) Ltd.,20,386.1,7722.0,2025-07-13T14:54:33.008215
2025-07-13,4483,2025071301042333,TPC,Himalayan Brokerage Company Limited,Sani Securities Company Ltd.,20,386.1,7722.0,2025-07-13T14:56:36.889366
2025-07-13,4438,2025071301042359,TPC,Himalayan Brokerage Company Limited,Vision Securities Pvt. Ltd,20,386.1,7722.0,2025-07-13T14:56:39.409155
2025-07-13,4074,2025071301042523,TPC,Aryatara Investment & Securities,ABC Securities Private Limited,125,386.2,48275.0,2025-07-13T14:57:03.964894
2025-07-13,3674,2025071301042664,TPC,Sweta Securities Private Limited,Sri Hari Securities Pvt. Ltd.,100,386.5,38650.0,2025-07-13T14:57:26.778882
2025-07-13,3639,2025071301042674,TPC,Aryatara Investment & Securities,Sewa Securities Pvt. Ltd.,100,386.2,38620.0,2025-07-13T14:57:31.394361
2025-07-13,3577,2025071301042696,TPC,Aryatara Investment & Securities,Global IME Securities Limited,225,386.2,86895.0,2025-07-13T14:57:35.401825
2025-07-13,3576,2025071301042697,TPC,Himalayan Brokerage Company Limited,Global IME Securities Limited,130,386.1,50193.0,2025-07-13T14:57:35.401952
2025-07-13,3575,2025071301042698,TPC,Cristal Kanchanjanga Securites Pvt. Ltd.,Global IME Securities Limited,500,386.1,193050.0,2025-07-13T14:57:35.402008
2025-07-13,3574,2025071301042699,TPC,Sipla Securities Private Limited,Global IME Securities Limited,1000,386.1,386100.0,2025-07-13T14:57:35.402073
2025-07-13,3573,2025071301042700,TPC,Naasa Securities Co. Ltd.,Global IME Securities Limited,20,386.0,7720.0,2025-07-13T14:57:35.402126
2025-07-13,3572,2025071301042701,TPC,Aryatara Investment & Securities,Global IME Securities Limited,20,386.0,7720.0,2025-07-13T14:57:35.402178
2025-07-13,3571,2025071301042702,TPC,BHOLE GANESH SECURITIES LTD,Global IME Securities Limited,106,386.0,40916.0,2025-07-13T14:57:35.402228
2025-07-13,3570,2025071301042703,TPC,Naasa Securities Co. Ltd.,Global IME Securities Limited,100,386.0,38600.0,2025-07-13T14:57:35.402277
2025-07-13,3569,2025071301042704,TPC,Sani Securities Company Ltd.,Global IME Securities Limited,1240,386.0,478640.0,2025-07-13T14:57:35.402326
2025-07-13,3568,2025071301042705,TPC,Neev Securities Pvt. Ltd.,Global IME Securities Limited,100,386.0,38600.0,2025-07-13T14:57:35.402376
2025-07-13,3567,2025071301042706,TPC,Market Securities & Exchange (PVT) Ltd.,Global IME Securities Limited,200,386.0,77200.0,2025-07-13T14:57:35.402427
2025-07-13,3566,2025071301042707,TPC,Sundhara Securities Limited,Global IME Securities Limited,200,386.0,77200.0,2025-07-13T14:57:35.402475
2025-07-13,3565,2025071301042708,TPC,Global IME Securities Limited,Global IME Securities Limited,150,386.0,57900.0,2025-07-13T14:57:35.402522
2025-07-13,3564,2025071301042709,TPC,Sani Securities Company Ltd.,Global IME Securities Limited,30,385.5,11565.0,2025-07-13T14:57:35.402569
2025-07-13,3563,2025071301042710,TPC,Oxford Securities Pvt. Ltd.,Global IME Securities Limited,100,385.1,38510.0,2025-07-13T14:57:35.402618
2025-07-13,3562,2025071301042711,TPC,Dakshinkali Investment & Securities Pvt. Ltd.,Global IME Securities Limited,5000,385.1,1925500.0,2025-07-13T14:57:35.402665
2025-07-13,3561,2025071301042712,TPC,Market Securities & Exchange (PVT) Ltd.,Global IME Securities Limited,200,385.0,77000.0,2025-07-13T14:57:35.402712
2025-07-13,3560,2025071301042713,TPC,Sumeru Securities Pvt. Ltd.,Global IME Securities Limited,174,385.0,66990.0,2025-07-13T14:57:35.402761
2025-07-13,2225,2025071301043224,TPC,Sweta Securities Private Limited,Nepal Stock House (PVT) Ltd.,100,387.0,38700.0,2025-07-13T14:58:42.513829
2025-07-13,1857,2025071301043335,TPC,Sweta Securities Private Limited,Nepal Stock House (PVT) Ltd.,100,387.0,38700.0,2025-07-13T14:59:01.78819
2025-07-13,1472,2025071301043476,TPC,R.B.B. Securities Company Ltd,Nepal Stock House (PVT) Ltd.,395,387.0,152865.0,2025-07-13T14:59:18.202751
2025-07-13,1471,2025071301043477,TPC,R.B.B. Securities Company Ltd,Secured Securities Ltd.,15,387.0,5805.0,2025-07-13T14:59:18.202888
2025-07-13,1470,2025071301043478,TPC,R.B.B. Securities Company Ltd,Citizens Share Broker Limited,90,387.0,34830.0,2025-07-13T14:59:18.202944
2025-07-13,549,2025071301043746,TPC,Sumeru Securities Pvt. Ltd.,Sewa Securities Pvt. Ltd.,30,386.0,11580.0,2025-07-13T14:59:47.617919
2025-07-13,211,2025071301043851,TPC,Sweta Securities Private Limited,Citizens Share Broker Limited,100,387.0,38700.0,2025-07-13T14:59:56.692501
