Date,S.N.,Contract ID,Symbol,Buyer Broker,Seller Broker,quantity,rate,amount,transaction_time
2025-07-23,169594,2025072303000082,SAPDBL,Ashutosh Brokerage & Securities (PVT) Ltd.,Dipshikha Dhitopatra Karobar Co. Pvt Ltd.,30,920.0,27600.0,2025-07-23 11:01:15.787243
2025-07-23,168479,2025072303000257,SAPDBL,Linch Stock Market Ltd.,Naasa Securities Co. Ltd.,20,920.0,18400.0,2025-07-23 11:02:51.726859
2025-07-23,168478,2025072303000258,SAPDBL,Dipshikha Dhitopatra Karobar Co. Pvt Ltd.,Naasa Securities Co. Ltd.,30,920.0,27600.0,2025-07-23 11:02:51.726933
2025-07-23,168477,2025072303000259,SAPDBL,Creative Securities Pvt Ltd,Naasa Securities Co. Ltd.,100,920.0,92000.0,2025-07-23 11:02:51.726958
2025-07-23,168476,2025072303000260,SAPDBL,ABC Securities Private Limited,Naasa Securities Co. Ltd.,10,910.0,9100.0,2025-07-23 11:02:51.726982
2025-07-23,168475,2025072303000261,SAPDBL,Asian Securities Private Ltd.,Naasa Securities Co. Ltd.,20,910.0,18200.0,2025-07-23 11:02:51.727005
2025-07-23,167316,2025072303000478,SAPDBL,Cristal Kanchanjanga Securites Pvt. Ltd.,Oxford Securities Pvt. Ltd.,100,915.0,91500.0,2025-07-23 11:04:25.542444
2025-07-23,167228,2025072303000504,SAPDBL,Cristal Kanchanjanga Securites Pvt. Ltd.,Naasa Securities Co. Ltd.,80,915.0,73200.0,2025-07-23 11:04:31.140219
2025-07-23,166834,2025072303000578,SAPDBL,Sani Securities Company Ltd.,Deevyaa Securities & Stock House Pvt. Ltd,15,920.0,13800.0,2025-07-23 11:04:58.980879
2025-07-23,166227,2025072303000671,SAPDBL,Dipshikha Dhitopatra Karobar Co. Pvt Ltd.,Deevyaa Securities & Stock House Pvt. Ltd,35,920.0,32200.0,2025-07-23 11:05:40.042478
2025-07-23,165699,2025072303000779,SAPDBL,Dipshikha Dhitopatra Karobar Co. Pvt Ltd.,Online Securities Pvt. Ltd.,100,928.0,92800.0,2025-07-23 11:06:18.850309
2025-07-23,165289,2025072303000879,SAPDBL,Dipshikha Dhitopatra Karobar Co. Pvt Ltd.,Kohinoor Investment & Securities Pvt. Ltd.,150,928.0,139200.0,2025-07-23 11:06:48.482039
2025-07-23,165281,2025072303000881,SAPDBL,Dipshikha Dhitopatra Karobar Co. Pvt Ltd.,Malla & Malla Stock Broking Company Pvt. Limited,15,928.0,13920.0,2025-07-23 11:06:48.858352
2025-07-23,164733,2025072303000982,SAPDBL,Oxford Securities Pvt. Ltd.,Malla & Malla Stock Broking Company Pvt. Limited,150,928.0,139200.0,2025-07-23 11:07:26.854271
2025-07-23,164732,2025072303000983,SAPDBL,Oxford Securities Pvt. Ltd.,Hatemalo Financial Services Private Limited,150,928.2,139230.0,2025-07-23 11:07:26.854363
2025-07-23,164280,2025072303001064,SAPDBL,Bhrikuti Stock Broking Co. Pvt. Ltd.,Hatemalo Financial Services Private Limited,50,928.2,46410.0,2025-07-23 11:07:53.722354
2025-07-23,164085,2025072303001105,SAPDBL,Linch Stock Market Ltd.,Primo Securities (PVT) Ltd.,50,928.0,46400.0,2025-07-23 11:08:07.812672
2025-07-23,164084,2025072303001106,SAPDBL,Market Securities & Exchange (PVT) Ltd.,Primo Securities (PVT) Ltd.,13,918.2,11936.6,2025-07-23 11:08:07.812802
2025-07-23,163787,2025072303001150,SAPDBL,Naasa Securities Co. Ltd.,Hatemalo Financial Services Private Limited,44,928.2,40840.8,2025-07-23 11:08:26.841108
2025-07-23,163623,2025072303001186,SAPDBL,Primo Securities (PVT) Ltd.,Hatemalo Financial Services Private Limited,10,928.2,9282.0,2025-07-23 11:08:39.756870
2025-07-23,163574,2025072303001203,SAPDBL,Sundhara Securities Limited,ABC Securities Private Limited,20,918.3,18366.0,2025-07-23 11:08:43.564346
2025-07-23,162467,2025072303001424,SAPDBL,Market Securities & Exchange (PVT) Ltd.,Asian Securities Private Ltd.,187,918.6,171778.2,2025-07-23 11:10:02.869866
2025-07-23,162466,2025072303001425,SAPDBL,Sundhara Securities Limited,Asian Securities Private Ltd.,30,918.5,27555.0,2025-07-23 11:10:02.870099
2025-07-23,162465,2025072303001426,SAPDBL,Swarna Laxmi Securities Pvt. Ltd.,Asian Securities Private Ltd.,100,918.3,91830.0,2025-07-23 11:10:02.870261
2025-07-23,162464,2025072303001427,SAPDBL,Sweta Securities Private Limited,Asian Securities Private Ltd.,10,918.1,9181.0,2025-07-23 11:10:02.870437
2025-07-23,162463,2025072303001428,SAPDBL,J.F. Securites (PVT) Ltd.,Asian Securities Private Ltd.,20,918.0,18360.0,2025-07-23 11:10:02.870607
2025-07-23,162462,2025072303001429,SAPDBL,Sweta Securities Private Limited,Asian Securities Private Ltd.,10,918.0,9180.0,2025-07-23 11:10:02.870752
2025-07-23,161854,2025072303001553,SAPDBL,Agrawal Securities (PVT) Ltd.,Asian Securities Private Ltd.,143,918.0,131274.0,2025-07-23 11:10:40.811789
2025-07-23,160313,2025072303001840,SAPDBL,ABC Securities Private Limited,Premier Securities Company Ltd.,20,918.0,18360.0,2025-07-23 11:12:14.919462
2025-07-23,160312,2025072303001841,SAPDBL,South Asian Bulls Pvt. Ltd.,Premier Securities Company Ltd.,50,918.0,45900.0,2025-07-23 11:12:14.919522
2025-07-23,160311,2025072303001842,SAPDBL,Nepal Investment And Securities Trading Private Limited,Premier Securities Company Ltd.,30,918.0,27540.0,2025-07-23 11:12:14.919547
2025-07-23,160310,2025072303001843,SAPDBL,Naasa Securities Co. Ltd.,Premier Securities Company Ltd.,50,917.2,45860.0,2025-07-23 11:12:14.919570
2025-07-23,160309,2025072303001844,SAPDBL,Arun Securities (PVT) Ltd.,Premier Securities Company Ltd.,50,917.0,45850.0,2025-07-23 11:12:14.919594
2025-07-23,158919,2025072303002160,SAPDBL,Dipshikha Dhitopatra Karobar Co. Pvt Ltd.,Aryatara Investment & Securities,15,917.0,13755.0,2025-07-23 11:13:33.043244
2025-07-23,158564,2025072303002225,SAPDBL,Pragyan Securities (PVT) Ltd.,Aryatara Investment & Securities,35,917.0,32095.0,2025-07-23 11:13:52.770951
2025-07-23,158251,2025072303002275,SAPDBL,Pragyan Securities (PVT) Ltd.,Hatemalo Financial Services Private Limited,45,917.0,41265.0,2025-07-23 11:14:06.972555
2025-07-23,157710,2025072303002393,SAPDBL,Pragyan Securities (PVT) Ltd.,Online Securities Pvt. Ltd.,20,917.0,18340.0,2025-07-23 11:14:38.264618
2025-07-23,157536,2025072303002436,SAPDBL,Naasa Securities Co. Ltd.,Online Securities Pvt. Ltd.,45,915.0,41175.0,2025-07-23 11:14:47.444561
2025-07-23,155103,2025072303002938,SAPDBL,Cristal Kanchanjanga Securites Pvt. Ltd.,Agrawal Securities (PVT) Ltd.,30,913.0,27390.0,2025-07-23 11:16:56.382660
2025-07-23,154844,2025072303002998,SAPDBL,Sundhara Securities Limited,Naasa Securities Co. Ltd.,20,913.1,18262.0,2025-07-23 11:17:10.460860
2025-07-23,154843,2025072303002999,SAPDBL,Sumeru Securities Pvt. Ltd.,Naasa Securities Co. Ltd.,17,913.1,15522.7,2025-07-23 11:17:10.461116
2025-07-23,154842,2025072303003000,SAPDBL,Cristal Kanchanjanga Securites Pvt. Ltd.,Naasa Securities Co. Ltd.,78,913.0,71214.0,2025-07-23 11:17:10.461280
2025-07-23,154425,2025072303003090,SAPDBL,Cristal Kanchanjanga Securites Pvt. Ltd.,Agrawal Securities (PVT) Ltd.,212,913.0,193556.0,2025-07-23 11:17:34.325981
2025-07-23,154057,2025072303003166,SAPDBL,Naasa Securities Co. Ltd.,Agrawal Securities (PVT) Ltd.,59,913.1,53872.9,2025-07-23 11:17:53.663151
2025-07-23,153558,2025072303003253,SAPDBL,Trishakti Securities Public Limited,Agrawal Securities (PVT) Ltd.,200,913.0,182600.0,2025-07-23 11:18:22.003602
2025-07-23,153160,2025072303003318,SAPDBL,Deevyaa Securities & Stock House Pvt. Ltd,Agrawal Securities (PVT) Ltd.,20,913.0,18260.0,2025-07-23 11:18:44.428888
2025-07-23,151684,2025072303003582,SAPDBL,Naasa Securities Co. Ltd.,Agrawal Securities (PVT) Ltd.,14,913.0,12782.0,2025-07-23 11:19:52.908016
2025-07-23,150618,2025072303003822,SAPDBL,Sundhara Securities Limited,Agrawal Securities (PVT) Ltd.,20,912.6,18252.0,2025-07-23 11:20:33.186750
2025-07-23,150617,2025072303003823,SAPDBL,Capital Max Securities Ltd,Agrawal Securities (PVT) Ltd.,30,912.5,27375.0,2025-07-23 11:20:33.186876
2025-07-23,150616,2025072303003824,SAPDBL,Linch Stock Market Ltd.,Agrawal Securities (PVT) Ltd.,10,912.5,9125.0,2025-07-23 11:20:33.186937
2025-07-23,150559,2025072303003830,SAPDBL,Naasa Securities Co. Ltd.,Agrawal Securities (PVT) Ltd.,46,913.0,41998.0,2025-07-23 11:20:34.475511
2025-07-23,150558,2025072303003831,SAPDBL,Naasa Securities Co. Ltd.,Sewa Securities Pvt. Ltd.,10,913.0,9130.0,2025-07-23 11:20:34.475641
2025-07-23,149452,2025072303003984,SAPDBL,Dipshikha Dhitopatra Karobar Co. Pvt Ltd.,Agrawal Securities (PVT) Ltd.,100,915.0,91500.0,2025-07-23 11:21:14.447714
2025-07-23,147292,2025072303004389,SAPDBL,ABC Securities Private Limited,Agrawal Securities (PVT) Ltd.,20,917.3,18346.0,2025-07-23 11:22:32.910417
2025-07-23,146971,2025072303004447,SAPDBL,Nepal Investment And Securities Trading Private Limited,Agrawal Securities (PVT) Ltd.,50,917.3,45865.0,2025-07-23 11:22:46.733324
2025-07-23,146951,2025072303004452,SAPDBL,Opal Securities Investment (PVT) Ltd.,Agrawal Securities (PVT) Ltd.,30,917.3,27519.0,2025-07-23 11:22:47.408187
2025-07-23,146919,2025072303004458,SAPDBL,Kalika Securities Pvt. Ltd.,Agrawal Securities (PVT) Ltd.,50,917.3,45865.0,2025-07-23 11:22:49.315966
2025-07-23,146918,2025072303004459,SAPDBL,Naasa Securities Co. Ltd.,Midas Stock Broking Company Private Limited,44,917.1,40352.4,2025-07-23 11:22:49.349210
2025-07-23,146917,2025072303004460,SAPDBL,Agrawal Securities (PVT) Ltd.,Midas Stock Broking Company Private Limited,10,917.0,9170.0,2025-07-23 11:22:49.349307
2025-07-23,146916,2025072303004461,SAPDBL,Arun Securities (PVT) Ltd.,Midas Stock Broking Company Private Limited,146,917.0,133882.0,2025-07-23 11:22:49.349381
2025-07-23,146884,2025072303004468,SAPDBL,ABC Securities Private Limited,Agrawal Securities (PVT) Ltd.,160,917.3,146768.0,2025-07-23 11:22:50.886150
2025-07-23,146382,2025072303004531,SAPDBL,ABC Securities Private Limited,Linch Stock Market Ltd.,340,917.3,311882.0,2025-07-23 11:23:07.965599
2025-07-23,146381,2025072303004532,SAPDBL,Arun Securities (PVT) Ltd.,Linch Stock Market Ltd.,154,917.0,141218.0,2025-07-23 11:23:07.965665
2025-07-23,146380,2025072303004533,SAPDBL,Deevyaa Securities & Stock House Pvt. Ltd,Linch Stock Market Ltd.,60,915.0,54900.0,2025-07-23 11:23:07.965696
2025-07-23,146379,2025072303004534,SAPDBL,Imperial Securities Company Pvt. Ltd.,Linch Stock Market Ltd.,100,915.0,91500.0,2025-07-23 11:23:07.965721
2025-07-23,146378,2025072303004535,SAPDBL,Naasa Securities Co. Ltd.,Linch Stock Market Ltd.,25,915.0,22875.0,2025-07-23 11:23:07.965758
2025-07-23,146377,2025072303004536,SAPDBL,Online Securities Pvt. Ltd.,Linch Stock Market Ltd.,25,913.2,22830.0,2025-07-23 11:23:07.965781
2025-07-23,146376,2025072303004537,SAPDBL,Secured Securities Ltd.,Linch Stock Market Ltd.,290,913.0,264770.0,2025-07-23 11:23:07.965804
2025-07-23,146375,2025072303004538,SAPDBL,Sweta Securities Private Limited,Linch Stock Market Ltd.,21,913.0,19173.0,2025-07-23 11:23:07.965830
2025-07-23,146374,2025072303004539,SAPDBL,Dynamic Money Managers Securities Pvt. Ltd.,Linch Stock Market Ltd.,485,912.2,442417.0,2025-07-23 11:23:07.965850
2025-07-23,146196,2025072303004574,SAPDBL,Primo Securities (PVT) Ltd.,Vision Securities Pvt. Ltd,100,921.9,92190.0,2025-07-23 11:23:15.359521
2025-07-23,145899,2025072303004587,SAPDBL,SHUBHAKAMANA SECURITIES PVT. LTD,Vision Securities Pvt. Ltd,50,921.9,46095.0,2025-07-23 11:23:18.023326
2025-07-23,145898,2025072303004588,SAPDBL,SHUBHAKAMANA SECURITIES PVT. LTD,Online Securities Pvt. Ltd.,27,922.0,24894.0,2025-07-23 11:23:18.023460
2025-07-23,144038,2025072303004824,SAPDBL,Opal Securities Investment (PVT) Ltd.,Agrawal Securities (PVT) Ltd.,10,922.0,9220.0,2025-07-23 11:24:54.104980
2025-07-23,143739,2025072303004855,SAPDBL,Market Securities & Exchange (PVT) Ltd.,Aryatara Investment & Securities,10,923.0,9230.0,2025-07-23 11:25:12.442804
2025-07-23,142986,2025072303004967,SAPDBL,Market Securities & Exchange (PVT) Ltd.,Agrawal Securities (PVT) Ltd.,50,924.0,46200.0,2025-07-23 11:25:55.604008
2025-07-23,142818,2025072303004987,SAPDBL,SHUBHAKAMANA SECURITIES PVT. LTD,Citizens Share Broker Limited,100,925.0,92500.0,2025-07-23 11:26:06.780572
2025-07-23,142760,2025072303004993,SAPDBL,SHUBHAKAMANA SECURITIES PVT. LTD,Agrawal Securities (PVT) Ltd.,23,925.0,21275.0,2025-07-23 11:26:08.353968
2025-07-23,141800,2025072303005120,SAPDBL,J.F. Securites (PVT) Ltd.,Vision Securities Pvt. Ltd,110,926.0,101860.0,2025-07-23 11:26:59.923590
2025-07-23,141682,2025072303005144,SAPDBL,Investment Management Nepal Pvt. Ltd.,Dipshikha Dhitopatra Karobar Co. Pvt Ltd.,30,925.0,27750.0,2025-07-23 11:27:08.210246
2025-07-23,141080,2025072303005224,SAPDBL,Dipshikha Dhitopatra Karobar Co. Pvt Ltd.,Vision Securities Pvt. Ltd,40,926.0,37040.0,2025-07-23 11:27:42.913476
2025-07-23,140581,2025072303005333,SAPDBL,Investment Management Nepal Pvt. Ltd.,Hatemalo Financial Services Private Limited,246,928.2,228337.2,2025-07-23 11:28:11.734155
2025-07-23,140442,2025072303005352,SAPDBL,Investment Management Nepal Pvt. Ltd.,Online Securities Pvt. Ltd.,20,928.2,18564.0,2025-07-23 11:28:21.145261
2025-07-23,139733,2025072303005483,SAPDBL,Thrive Brokerage House Pvt. Ltd,Agrawal Securities (PVT) Ltd.,100,929.0,92900.0,2025-07-23 11:29:08.282741
2025-07-23,139401,2025072303005534,SAPDBL,Imperial Securities Company Pvt. Ltd.,Online Securities Pvt. Ltd.,20,926.0,18520.0,2025-07-23 11:29:32.218224
2025-07-23,135289,2025072303006296,SAPDBL,ABC Securities Private Limited,Kumari Securities Private Limited,25,926.0,23150.0,2025-07-23 11:34:05.071223
2025-07-23,135123,2025072303006324,SAPDBL,Primo Securities (PVT) Ltd.,Sri Hari Securities Pvt. Ltd.,20,920.0,18400.0,2025-07-23 11:34:14.975385
2025-07-23,135122,2025072303006325,SAPDBL,Secured Securities Ltd.,Sri Hari Securities Pvt. Ltd.,65,916.0,59540.0,2025-07-23 11:34:14.975428
2025-07-23,135121,2025072303006326,SAPDBL,Malla & Malla Stock Broking Company Pvt. Limited,Sri Hari Securities Pvt. Ltd.,50,915.4,45770.0,2025-07-23 11:34:14.975456
2025-07-23,135120,2025072303006327,SAPDBL,Naasa Securities Co. Ltd.,Sri Hari Securities Pvt. Ltd.,10,915.1,9151.0,2025-07-23 11:34:14.975551
2025-07-23,135119,2025072303006328,SAPDBL,Kalika Securities Pvt. Ltd.,Sri Hari Securities Pvt. Ltd.,20,915.1,18302.0,2025-07-23 11:34:14.975597
2025-07-23,135118,2025072303006329,SAPDBL,ABC Securities Private Limited,Sri Hari Securities Pvt. Ltd.,300,915.1,274530.0,2025-07-23 11:34:14.975634
2025-07-23,135117,2025072303006330,SAPDBL,Imperial Securities Company Pvt. Ltd.,Sri Hari Securities Pvt. Ltd.,303,915.0,277245.0,2025-07-23 11:34:14.975664
2025-07-23,135116,2025072303006331,SAPDBL,Sri Hari Securities Pvt. Ltd.,Sri Hari Securities Pvt. Ltd.,45,915.0,41175.0,2025-07-23 11:34:14.975688
2025-07-23,135115,2025072303006332,SAPDBL,Dipshikha Dhitopatra Karobar Co. Pvt Ltd.,Sri Hari Securities Pvt. Ltd.,187,915.0,171105.0,2025-07-23 11:34:14.975711
2025-07-23,134798,2025072303006389,SAPDBL,Aryatara Investment & Securities,ABC Securities Private Limited,100,925.0,92500.0,2025-07-23 11:34:30.812008
2025-07-23,134740,2025072303006394,SAPDBL,Aryatara Investment & Securities,Kohinoor Investment & Securities Pvt. Ltd.,100,925.0,92500.0,2025-07-23 11:34:33.855071
2025-07-23,133464,2025072303006611,SAPDBL,Naasa Securities Co. Ltd.,Online Securities Pvt. Ltd.,100,920.1,92010.0,2025-07-23 11:35:45.215718
2025-07-23,132743,2025072303006744,SAPDBL,Dipshikha Dhitopatra Karobar Co. Pvt Ltd.,Online Securities Pvt. Ltd.,13,915.0,11895.0,2025-07-23 11:36:27.995559
2025-07-23,132742,2025072303006745,SAPDBL,Agrawal Securities (PVT) Ltd.,Online Securities Pvt. Ltd.,87,915.0,79605.0,2025-07-23 11:36:27.995712
2025-07-23,130745,2025072303007170,SAPDBL,Agrawal Securities (PVT) Ltd.,Asian Securities Private Ltd.,100,920.0,92000.0,2025-07-23 11:38:57.700927
2025-07-23,130558,2025072303007203,SAPDBL,Aryatara Investment & Securities,Asian Securities Private Ltd.,10,920.0,9200.0,2025-07-23 11:39:15.124970
2025-07-23,130557,2025072303007204,SAPDBL,Aryatara Investment & Securities,Capital Max Securities Ltd,90,920.0,82800.0,2025-07-23 11:39:15.125297
2025-07-23,130468,2025072303007220,SAPDBL,Dipshikha Dhitopatra Karobar Co. Pvt Ltd.,Capital Max Securities Ltd,10,920.0,9200.0,2025-07-23 11:39:19.519563
2025-07-23,130429,2025072303007228,SAPDBL,Dipshikha Dhitopatra Karobar Co. Pvt Ltd.,Primo Securities (PVT) Ltd.,63,920.0,57960.0,2025-07-23 11:39:22.897688
2025-07-23,129201,2025072303007473,SAPDBL,Dipshikha Dhitopatra Karobar Co. Pvt Ltd.,Online Securities Pvt. Ltd.,27,920.0,24840.0,2025-07-23 11:41:08.007317
2025-07-23,129200,2025072303007474,SAPDBL,Capital Max Securities Ltd,Online Securities Pvt. Ltd.,10,916.1,9161.0,2025-07-23 11:41:08.007483
2025-07-23,129199,2025072303007475,SAPDBL,Capital Max Securities Ltd,Online Securities Pvt. Ltd.,92,916.0,84272.0,2025-07-23 11:41:08.007557
2025-07-23,128443,2025072303007577,SAPDBL,Oxford Securities Pvt. Ltd.,Malla & Malla Stock Broking Company Pvt. Limited,25,916.0,22900.0,2025-07-23 11:42:13.621345
2025-07-23,125694,2025072303008121,SAPDBL,Dipshikha Dhitopatra Karobar Co. Pvt Ltd.,Online Securities Pvt. Ltd.,30,918.0,27540.0,2025-07-23 11:46:13.477124
2025-07-23,125693,2025072303008122,SAPDBL,KALASH STOCK MARKET PVT. LTD.,Online Securities Pvt. Ltd.,170,917.0,155890.0,2025-07-23 11:46:13.477298
2025-07-23,123627,2025072303008456,SAPDBL,Sewa Securities Pvt. Ltd.,Trishakti Securities Public Limited,500,917.1,458550.0,2025-07-23 11:48:49.593515
2025-07-23,122213,2025072303008626,SAPDBL,ABC Securities Private Limited,Nabil Stock Dealer Ltd.,20,918.0,18360.0,2025-07-23 11:50:43.124466
2025-07-23,122212,2025072303008627,SAPDBL,Citizens Share Broker Limited,Nabil Stock Dealer Ltd.,70,918.0,64260.0,2025-07-23 11:50:43.124646
2025-07-23,121009,2025072303008803,SAPDBL,Premier Securities Company Ltd.,Trishakti Securities Public Limited,500,920.0,460000.0,2025-07-23 11:52:28.984794
2025-07-23,120566,2025072303008873,SAPDBL,Vision Securities Pvt. Ltd,Thrive Brokerage House Pvt. Ltd,10,923.9,9239.0,2025-07-23 11:53:07.892011
2025-07-23,120525,2025072303008878,SAPDBL,Vision Securities Pvt. Ltd,Kalika Securities Pvt. Ltd.,10,923.9,9239.0,2025-07-23 11:53:12.125472
2025-07-23,119725,2025072303008993,SAPDBL,Vision Securities Pvt. Ltd,Naasa Securities Co. Ltd.,100,923.0,92300.0,2025-07-23 11:54:19.679136
2025-07-23,119655,2025072303009003,SAPDBL,Naasa Securities Co. Ltd.,Online Securities Pvt. Ltd.,22,924.0,20328.0,2025-07-23 11:54:23.260539
2025-07-23,119654,2025072303009004,SAPDBL,Naasa Securities Co. Ltd.,Secured Securities Ltd.,100,924.0,92400.0,2025-07-23 11:54:23.260711
2025-07-23,119653,2025072303009005,SAPDBL,Naasa Securities Co. Ltd.,Naasa Securities Co. Ltd.,55,924.0,50820.0,2025-07-23 11:54:23.260788
2025-07-23,119652,2025072303009006,SAPDBL,Naasa Securities Co. Ltd.,Capital Max Securities Ltd,73,924.0,67452.0,2025-07-23 11:54:23.260861
2025-07-23,118300,2025072303009173,SAPDBL,Naasa Securities Co. Ltd.,Capital Max Securities Ltd,27,924.0,24948.0,2025-07-23 11:55:55.884068
2025-07-23,118168,2025072303009189,SAPDBL,Naasa Securities Co. Ltd.,Trishakti Securities Public Limited,223,925.0,206275.0,2025-07-23 11:56:08.078646
2025-07-23,118167,2025072303009190,SAPDBL,Capital Max Securities Ltd,Trishakti Securities Public Limited,16,920.0,14720.0,2025-07-23 11:56:08.078840
2025-07-23,116246,2025072303009523,SAPDBL,Capital Max Securities Ltd,Sani Securities Company Ltd.,84,920.0,77280.0,2025-07-23 11:58:42.850826
2025-07-23,116245,2025072303009524,SAPDBL,Dakshinkali Investment & Securities Pvt. Ltd.,Sani Securities Company Ltd.,76,920.0,69920.0,2025-07-23 11:58:42.851040
2025-07-23,113967,2025072303009859,SAPDBL,Vision Securities Pvt. Ltd,S.P.S.A. Securities Limited,70,923.0,64610.0,2025-07-23 12:02:09.517673
2025-07-23,113892,2025072303009878,SAPDBL,Kohinoor Investment & Securities Pvt. Ltd.,Vision Securities Pvt. Ltd,30,921.1,27633.0,2025-07-23 12:02:16.335434
2025-07-23,113891,2025072303009879,SAPDBL,Naasa Securities Co. Ltd.,Vision Securities Pvt. Ltd,70,921.0,64470.0,2025-07-23 12:02:16.335494
2025-07-23,113828,2025072303009891,SAPDBL,Naasa Securities Co. Ltd.,Hatemalo Financial Services Private Limited,140,921.0,128940.0,2025-07-23 12:02:23.735684
2025-07-23,113641,2025072303009923,SAPDBL,Oxford Securities Pvt. Ltd.,Malla & Malla Stock Broking Company Pvt. Limited,10,921.0,9210.0,2025-07-23 12:02:46.015994
2025-07-23,113640,2025072303009924,SAPDBL,Online Securities Pvt. Ltd.,Malla & Malla Stock Broking Company Pvt. Limited,110,921.0,101310.0,2025-07-23 12:02:46.016245
2025-07-23,113639,2025072303009925,SAPDBL,Premier Securities Company Ltd.,Malla & Malla Stock Broking Company Pvt. Limited,135,920.1,124213.5,2025-07-23 12:02:46.016329
2025-07-23,112467,2025072303010126,SAPDBL,Linch Stock Market Ltd.,Hatemalo Financial Services Private Limited,20,923.0,18460.0,2025-07-23 12:04:38.490303
2025-07-23,112392,2025072303010135,SAPDBL,Premier Securities Company Ltd.,Sumeru Securities Pvt. Ltd.,260,920.1,239226.0,2025-07-23 12:04:46.838960
2025-07-23,112330,2025072303010150,SAPDBL,Premier Securities Company Ltd.,Pragyan Securities (PVT) Ltd.,505,920.1,464650.5,2025-07-23 12:04:53.214755
2025-07-23,112329,2025072303010151,SAPDBL,Dakshinkali Investment & Securities Pvt. Ltd.,Pragyan Securities (PVT) Ltd.,124,920.0,114080.0,2025-07-23 12:04:53.214806
2025-07-23,112328,2025072303010152,SAPDBL,Ashutosh Brokerage & Securities (PVT) Ltd.,Pragyan Securities (PVT) Ltd.,10,920.0,9200.0,2025-07-23 12:04:53.214835
2025-07-23,112327,2025072303010153,SAPDBL,Sweta Securities Private Limited,Pragyan Securities (PVT) Ltd.,100,920.0,92000.0,2025-07-23 12:04:53.214859
2025-07-23,112326,2025072303010154,SAPDBL,Agrawal Securities (PVT) Ltd.,Pragyan Securities (PVT) Ltd.,20,920.0,18400.0,2025-07-23 12:04:53.214883
2025-07-23,112325,2025072303010155,SAPDBL,Aryatara Investment & Securities,Pragyan Securities (PVT) Ltd.,55,920.0,50600.0,2025-07-23 12:04:53.214921
2025-07-23,112324,2025072303010156,SAPDBL,Sundhara Securities Limited,Pragyan Securities (PVT) Ltd.,30,920.0,27600.0,2025-07-23 12:04:53.214951
2025-07-23,112323,2025072303010157,SAPDBL,Online Securities Pvt. Ltd.,Pragyan Securities (PVT) Ltd.,96,919.0,88224.0,2025-07-23 12:04:53.214982
2025-07-23,111561,2025072303010310,SAPDBL,Online Securities Pvt. Ltd.,South Asian Bulls Pvt. Ltd.,12,919.0,11028.0,2025-07-23 12:06:08.094486
2025-07-23,111550,2025072303010313,SAPDBL,Vision Securities Pvt. Ltd,South Asian Bulls Pvt. Ltd.,20,919.0,18380.0,2025-07-23 12:06:09.616228
2025-07-23,110565,2025072303010462,SAPDBL,Naasa Securities Co. Ltd.,South Asian Bulls Pvt. Ltd.,10,919.0,9190.0,2025-07-23 12:07:47.447928
2025-07-23,110397,2025072303010508,SAPDBL,Citizens Share Broker Limited,Sumeru Securities Pvt. Ltd.,70,919.0,64330.0,2025-07-23 12:08:05.282012
2025-07-23,110396,2025072303010509,SAPDBL,Sewa Securities Pvt. Ltd.,Sumeru Securities Pvt. Ltd.,229,918.1,210244.9,2025-07-23 12:08:05.282236
2025-07-23,110081,2025072303010567,SAPDBL,Sewa Securities Pvt. Ltd.,Siprabi Securities Pvt. Ltd.,10,918.1,9181.0,2025-07-23 12:08:37.260862
2025-07-23,109715,2025072303010664,SAPDBL,Sewa Securities Pvt. Ltd.,Linch Stock Market Ltd.,261,918.1,239624.1,2025-07-23 12:09:16.267534
2025-07-23,109651,2025072303010674,SAPDBL,INDEX SECURITIES LIMITED,Linch Stock Market Ltd.,239,918.1,219425.9,2025-07-23 12:09:20.405467
2025-07-23,109650,2025072303010675,SAPDBL,INDEX SECURITIES LIMITED,Creative Securities Pvt Ltd,200,918.1,183620.0,2025-07-23 12:09:20.405675
2025-07-23,109406,2025072303010729,SAPDBL,INDEX SECURITIES LIMITED,Trishakti Securities Public Limited,210,918.5,192885.0,2025-07-23 12:09:41.447462
2025-07-23,109063,2025072303010814,SAPDBL,Naasa Securities Co. Ltd.,Malla & Malla Stock Broking Company Pvt. Limited,30,919.0,27570.0,2025-07-23 12:10:11.711214
2025-07-23,109062,2025072303010815,SAPDBL,INDEX SECURITIES LIMITED,Malla & Malla Stock Broking Company Pvt. Limited,270,918.5,247995.0,2025-07-23 12:10:11.711418
2025-07-23,108412,2025072303010951,SAPDBL,INDEX SECURITIES LIMITED,Vision Securities Pvt. Ltd,81,918.5,74398.5,2025-07-23 12:11:08.934768
2025-07-23,106225,2025072303011426,SAPDBL,Deevyaa Securities & Stock House Pvt. Ltd,Roadshow securities limited,100,918.0,91800.0,2025-07-23 12:13:58.125453
2025-07-23,106088,2025072303011463,SAPDBL,Primo Securities (PVT) Ltd.,Online Securities Pvt. Ltd.,20,918.0,18360.0,2025-07-23 12:14:07.699328
2025-07-23,106087,2025072303011464,SAPDBL,Sani Securities Company Ltd.,Online Securities Pvt. Ltd.,10,917.1,9171.0,2025-07-23 12:14:07.699561
2025-07-23,106086,2025072303011465,SAPDBL,Aryatara Investment & Securities,Online Securities Pvt. Ltd.,100,917.1,91710.0,2025-07-23 12:14:07.699652
2025-07-23,106085,2025072303011466,SAPDBL,KALASH STOCK MARKET PVT. LTD.,Online Securities Pvt. Ltd.,20,917.0,18340.0,2025-07-23 12:14:07.699744
2025-07-23,105383,2025072303011614,SAPDBL,KALASH STOCK MARKET PVT. LTD.,Nagarik Stock Dealer ,10,917.0,9170.0,2025-07-23 12:15:08.681871
2025-07-23,105382,2025072303011615,SAPDBL,Dynamic Money Managers Securities Pvt. Ltd.,Nagarik Stock Dealer ,10,917.0,9170.0,2025-07-23 12:15:08.681977
2025-07-23,105381,2025072303011616,SAPDBL,Aryatara Investment & Securities,Nagarik Stock Dealer ,50,916.1,45805.0,2025-07-23 12:15:08.682089
2025-07-23,105380,2025072303011617,SAPDBL,Oxford Securities Pvt. Ltd.,Nagarik Stock Dealer ,195,916.0,178620.0,2025-07-23 12:15:08.682185
2025-07-23,105379,2025072303011618,SAPDBL,Capital Max Securities Ltd,Nagarik Stock Dealer ,18,916.0,16488.0,2025-07-23 12:15:08.682279
2025-07-23,105378,2025072303011619,SAPDBL,Imperial Securities Company Pvt. Ltd.,Nagarik Stock Dealer ,30,916.0,27480.0,2025-07-23 12:15:08.682360
2025-07-23,105377,2025072303011620,SAPDBL,Online Securities Pvt. Ltd.,Nagarik Stock Dealer ,29,915.1,26537.9,2025-07-23 12:15:08.682442
2025-07-23,105376,2025072303011621,SAPDBL,Agrawal Securities (PVT) Ltd.,Nagarik Stock Dealer ,13,915.0,11895.0,2025-07-23 12:15:08.682531
2025-07-23,105375,2025072303011622,SAPDBL,Aryatara Investment & Securities,Nagarik Stock Dealer ,10,915.0,9150.0,2025-07-23 12:15:08.682615
2025-07-23,105374,2025072303011623,SAPDBL,Vision Securities Pvt. Ltd,Nagarik Stock Dealer ,400,915.0,366000.0,2025-07-23 12:15:08.682687
2025-07-23,105373,2025072303011624,SAPDBL,Trishakti Securities Public Limited,Nagarik Stock Dealer ,50,915.0,45750.0,2025-07-23 12:15:08.682779
2025-07-23,105372,2025072303011625,SAPDBL,Sani Securities Company Ltd.,Nagarik Stock Dealer ,10,915.0,9150.0,2025-07-23 12:15:08.682869
2025-07-23,105371,2025072303011626,SAPDBL,Oxford Securities Pvt. Ltd.,Nagarik Stock Dealer ,50,915.0,45750.0,2025-07-23 12:15:08.682955
2025-07-23,105370,2025072303011627,SAPDBL,Bhrikuti Stock Broking Co. Pvt. Ltd.,Nagarik Stock Dealer ,50,915.0,45750.0,2025-07-23 12:15:08.683051
2025-07-23,105369,2025072303011628,SAPDBL,Creative Securities Pvt Ltd,Nagarik Stock Dealer ,50,915.0,45750.0,2025-07-23 12:15:08.683132
2025-07-23,105368,2025072303011629,SAPDBL,Naasa Securities Co. Ltd.,Nagarik Stock Dealer ,40,915.0,36600.0,2025-07-23 12:15:08.683195
2025-07-23,105367,2025072303011630,SAPDBL,Sani Securities Company Ltd.,Nagarik Stock Dealer ,20,914.0,18280.0,2025-07-23 12:15:08.683268
2025-07-23,105366,2025072303011631,SAPDBL,Neev Securities Pvt. Ltd.,Nagarik Stock Dealer ,30,913.0,27390.0,2025-07-23 12:15:08.683354
2025-07-23,105365,2025072303011632,SAPDBL,South Asian Bulls Pvt. Ltd.,Nagarik Stock Dealer ,50,913.0,45650.0,2025-07-23 12:15:08.683444
2025-07-23,105364,2025072303011633,SAPDBL,Creative Securities Pvt Ltd,Nagarik Stock Dealer ,10,912.9,9129.0,2025-07-23 12:15:08.683553
2025-07-23,105363,2025072303011634,SAPDBL,Creative Securities Pvt Ltd,Nagarik Stock Dealer ,10,912.8,9128.0,2025-07-23 12:15:08.683678
2025-07-23,105362,2025072303011635,SAPDBL,Creative Securities Pvt Ltd,Nagarik Stock Dealer ,10,912.7,9127.0,2025-07-23 12:15:08.683765
2025-07-23,105361,2025072303011636,SAPDBL,Dynamic Money Managers Securities Pvt. Ltd.,Nagarik Stock Dealer ,15,912.2,13683.0,2025-07-23 12:15:08.683854
2025-07-23,105360,2025072303011637,SAPDBL,ABC Securities Private Limited,Nagarik Stock Dealer ,40,912.0,36480.0,2025-07-23 12:15:08.683959
2025-07-23,105217,2025072303011662,SAPDBL,ABC Securities Private Limited,Online Securities Pvt. Ltd.,60,912.0,54720.0,2025-07-23 12:15:24.641788
2025-07-23,105216,2025072303011663,SAPDBL,Dipshikha Dhitopatra Karobar Co. Pvt Ltd.,Online Securities Pvt. Ltd.,90,912.0,82080.0,2025-07-23 12:15:24.642162
2025-07-23,104628,2025072303011800,SAPDBL,Capital Max Securities Ltd,Vision Securities Pvt. Ltd,100,918.5,91850.0,2025-07-23 12:16:15.578088
2025-07-23,104189,2025072303011888,SAPDBL,Dipshikha Dhitopatra Karobar Co. Pvt Ltd.,Dynamic Money Managers Securities Pvt. Ltd.,185,912.0,168720.0,2025-07-23 12:16:51.762890
2025-07-23,104188,2025072303011889,SAPDBL,Sani Securities Company Ltd.,Dynamic Money Managers Securities Pvt. Ltd.,15,912.0,13680.0,2025-07-23 12:16:51.763089
2025-07-23,103979,2025072303011941,SAPDBL,Deevyaa Securities & Stock House Pvt. Ltd,Pragyan Securities (PVT) Ltd.,100,912.0,91200.0,2025-07-23 12:17:06.016405
2025-07-23,103891,2025072303011956,SAPDBL,Online Securities Pvt. Ltd.,Pragyan Securities (PVT) Ltd.,900,912.0,820800.0,2025-07-23 12:17:14.955480
2025-07-23,103302,2025072303012109,SAPDBL,Online Securities Pvt. Ltd.,Sani Securities Company Ltd.,200,912.0,182400.0,2025-07-23 12:18:04.926589
2025-07-23,103242,2025072303012119,SAPDBL,Online Securities Pvt. Ltd.,Online Securities Pvt. Ltd.,200,912.0,182400.0,2025-07-23 12:18:09.395788
2025-07-23,103241,2025072303012120,SAPDBL,Sweta Securities Private Limited,Online Securities Pvt. Ltd.,100,912.0,91200.0,2025-07-23 12:18:09.396181
2025-07-23,103240,2025072303012121,SAPDBL,Naasa Securities Co. Ltd.,Online Securities Pvt. Ltd.,11,912.0,10032.0,2025-07-23 12:18:09.396408
2025-07-23,102926,2025072303012178,SAPDBL,Creative Securities Pvt Ltd,Online Securities Pvt. Ltd.,10,911.2,9112.0,2025-07-23 12:18:34.002007
2025-07-23,102925,2025072303012179,SAPDBL,Creative Securities Pvt Ltd,Online Securities Pvt. Ltd.,10,911.1,9111.0,2025-07-23 12:18:34.002212
2025-07-23,102924,2025072303012180,SAPDBL,Dynamic Money Managers Securities Pvt. Ltd.,Online Securities Pvt. Ltd.,510,911.1,464661.0,2025-07-23 12:18:34.002288
2025-07-23,102842,2025072303012190,SAPDBL,Dynamic Money Managers Securities Pvt. Ltd.,Sani Securities Company Ltd.,10,911.1,9111.0,2025-07-23 12:18:40.845854
2025-07-23,102841,2025072303012191,SAPDBL,Aryatara Investment & Securities,Sani Securities Company Ltd.,100,911.0,91100.0,2025-07-23 12:18:40.845905
2025-07-23,102840,2025072303012192,SAPDBL,Dipshikha Dhitopatra Karobar Co. Pvt Ltd.,Sani Securities Company Ltd.,500,910.2,455100.0,2025-07-23 12:18:40.845935
2025-07-23,102839,2025072303012193,SAPDBL,Sewa Securities Pvt. Ltd.,Sani Securities Company Ltd.,300,910.0,273000.0,2025-07-23 12:18:40.845957
2025-07-23,102838,2025072303012194,SAPDBL,Primo Securities (PVT) Ltd.,Sani Securities Company Ltd.,20,910.0,18200.0,2025-07-23 12:18:40.845999
2025-07-23,102837,2025072303012195,SAPDBL,ABC Securities Private Limited,Sani Securities Company Ltd.,20,910.0,18200.0,2025-07-23 12:18:40.846038
2025-07-23,102836,2025072303012196,SAPDBL,Dipshikha Dhitopatra Karobar Co. Pvt Ltd.,Sani Securities Company Ltd.,43,910.0,39130.0,2025-07-23 12:18:40.846059
2025-07-23,102835,2025072303012197,SAPDBL,Himalayan Securities Limited,Sani Securities Company Ltd.,10,910.0,9100.0,2025-07-23 12:18:40.846081
2025-07-23,102834,2025072303012198,SAPDBL,Creative Securities Pvt Ltd,Sani Securities Company Ltd.,100,910.0,91000.0,2025-07-23 12:18:40.846101
2025-07-23,102833,2025072303012199,SAPDBL,Creative Securities Pvt Ltd,Sani Securities Company Ltd.,10,910.0,9100.0,2025-07-23 12:18:40.846126
2025-07-23,102832,2025072303012200,SAPDBL,Naasa Securities Co. Ltd.,Sani Securities Company Ltd.,87,910.0,79170.0,2025-07-23 12:18:40.846151
2025-07-23,102801,2025072303012209,SAPDBL,Naasa Securities Co. Ltd.,Dipshikha Dhitopatra Karobar Co. Pvt Ltd.,22,910.0,20020.0,2025-07-23 12:18:42.830346
2025-07-23,102800,2025072303012210,SAPDBL,Sani Securities Company Ltd.,Dipshikha Dhitopatra Karobar Co. Pvt Ltd.,220,910.0,200200.0,2025-07-23 12:18:42.830675
2025-07-23,102799,2025072303012211,SAPDBL,Nepal Investment And Securities Trading Private Limited,Dipshikha Dhitopatra Karobar Co. Pvt Ltd.,20,910.0,18200.0,2025-07-23 12:18:42.830873
2025-07-23,102798,2025072303012212,SAPDBL,ABC Securities Private Limited,Dipshikha Dhitopatra Karobar Co. Pvt Ltd.,10,910.0,9100.0,2025-07-23 12:18:42.831079
2025-07-23,102797,2025072303012213,SAPDBL,Opal Securities Investment (PVT) Ltd.,Dipshikha Dhitopatra Karobar Co. Pvt Ltd.,20,910.0,18200.0,2025-07-23 12:18:42.831261
2025-07-23,102796,2025072303012214,SAPDBL,Aryatara Investment & Securities,Dipshikha Dhitopatra Karobar Co. Pvt Ltd.,300,910.0,273000.0,2025-07-23 12:18:42.831497
2025-07-23,102795,2025072303012215,SAPDBL,Dipshikha Dhitopatra Karobar Co. Pvt Ltd.,Dipshikha Dhitopatra Karobar Co. Pvt Ltd.,100,910.0,91000.0,2025-07-23 12:18:42.831683
2025-07-23,102794,2025072303012216,SAPDBL,ABC Securities Private Limited,Dipshikha Dhitopatra Karobar Co. Pvt Ltd.,50,910.0,45500.0,2025-07-23 12:18:42.831867
2025-07-23,102793,2025072303012217,SAPDBL,Naasa Securities Co. Ltd.,Dipshikha Dhitopatra Karobar Co. Pvt Ltd.,10,910.0,9100.0,2025-07-23 12:18:42.832059
2025-07-23,102792,2025072303012218,SAPDBL,Trisul Securities & Invt. Ltd.,Dipshikha Dhitopatra Karobar Co. Pvt Ltd.,100,910.0,91000.0,2025-07-23 12:18:42.832246
2025-07-23,102791,2025072303012219,SAPDBL,Asian Securities Private Ltd.,Dipshikha Dhitopatra Karobar Co. Pvt Ltd.,500,910.0,455000.0,2025-07-23 12:18:42.832418
2025-07-23,102790,2025072303012220,SAPDBL,Sumeru Securities Pvt. Ltd.,Dipshikha Dhitopatra Karobar Co. Pvt Ltd.,300,910.0,273000.0,2025-07-23 12:18:42.832601
2025-07-23,102465,2025072303012292,SAPDBL,Linch Stock Market Ltd.,Ashutosh Brokerage & Securities (PVT) Ltd.,50,909.7,45485.0,2025-07-23 12:19:09.183130
2025-07-23,102464,2025072303012293,SAPDBL,Vision Securities Pvt. Ltd,Ashutosh Brokerage & Securities (PVT) Ltd.,20,907.0,18140.0,2025-07-23 12:19:09.183181
2025-07-23,102463,2025072303012294,SAPDBL,Kohinoor Investment & Securities Pvt. Ltd.,Ashutosh Brokerage & Securities (PVT) Ltd.,10,906.0,9060.0,2025-07-23 12:19:09.183210
2025-07-23,102462,2025072303012295,SAPDBL,Naasa Securities Co. Ltd.,Ashutosh Brokerage & Securities (PVT) Ltd.,100,906.0,90600.0,2025-07-23 12:19:09.183236
2025-07-23,102461,2025072303012296,SAPDBL,Dipshikha Dhitopatra Karobar Co. Pvt Ltd.,Ashutosh Brokerage & Securities (PVT) Ltd.,50,906.0,45300.0,2025-07-23 12:19:09.183265
2025-07-23,102460,2025072303012297,SAPDBL,South Asian Bulls Pvt. Ltd.,Ashutosh Brokerage & Securities (PVT) Ltd.,200,906.0,181200.0,2025-07-23 12:19:09.183289
2025-07-23,102459,2025072303012298,SAPDBL,Malla & Malla Stock Broking Company Pvt. Limited,Ashutosh Brokerage & Securities (PVT) Ltd.,50,905.6,45280.0,2025-07-23 12:19:09.183313
2025-07-23,102458,2025072303012299,SAPDBL,Aryatara Investment & Securities,Ashutosh Brokerage & Securities (PVT) Ltd.,100,905.0,90500.0,2025-07-23 12:19:09.183338
2025-07-23,102457,2025072303012300,SAPDBL,Creative Securities Pvt Ltd,Ashutosh Brokerage & Securities (PVT) Ltd.,100,905.0,90500.0,2025-07-23 12:19:09.183368
2025-07-23,102456,2025072303012301,SAPDBL,Bhrikuti Stock Broking Co. Pvt. Ltd.,Ashutosh Brokerage & Securities (PVT) Ltd.,50,905.0,45250.0,2025-07-23 12:19:09.183392
2025-07-23,102455,2025072303012302,SAPDBL,Sagarmatha Securities Private Limited,Ashutosh Brokerage & Securities (PVT) Ltd.,100,905.0,90500.0,2025-07-23 12:19:09.183415
2025-07-23,102454,2025072303012303,SAPDBL,Sundhara Securities Limited,Ashutosh Brokerage & Securities (PVT) Ltd.,1000,905.0,905000.0,2025-07-23 12:19:09.183440
2025-07-23,102453,2025072303012304,SAPDBL,Imperial Securities Company Pvt. Ltd.,Ashutosh Brokerage & Securities (PVT) Ltd.,200,905.0,181000.0,2025-07-23 12:19:09.183464
2025-07-23,102452,2025072303012305,SAPDBL,Oxford Securities Pvt. Ltd.,Ashutosh Brokerage & Securities (PVT) Ltd.,50,905.0,45250.0,2025-07-23 12:19:09.183489
2025-07-23,102451,2025072303012306,SAPDBL,Arun Securities (PVT) Ltd.,Ashutosh Brokerage & Securities (PVT) Ltd.,20,904.0,18080.0,2025-07-23 12:19:09.183516
2025-07-23,102450,2025072303012307,SAPDBL,Trisul Securities & Invt. Ltd.,Ashutosh Brokerage & Securities (PVT) Ltd.,20,904.0,18080.0,2025-07-23 12:19:09.183542
2025-07-23,102449,2025072303012308,SAPDBL,Naasa Securities Co. Ltd.,Ashutosh Brokerage & Securities (PVT) Ltd.,200,904.0,180800.0,2025-07-23 12:19:09.183566
2025-07-23,102448,2025072303012309,SAPDBL,Kalika Securities Pvt. Ltd.,Ashutosh Brokerage & Securities (PVT) Ltd.,50,903.6,45180.0,2025-07-23 12:19:09.183589
2025-07-23,102447,2025072303012310,SAPDBL,Aryatara Investment & Securities,Ashutosh Brokerage & Securities (PVT) Ltd.,50,903.6,45180.0,2025-07-23 12:19:09.183627
2025-07-23,102446,2025072303012311,SAPDBL,Aryatara Investment & Securities,Ashutosh Brokerage & Securities (PVT) Ltd.,50,903.6,45180.0,2025-07-23 12:19:09.183648
2025-07-23,102445,2025072303012312,SAPDBL,Agrawal Securities (PVT) Ltd.,Ashutosh Brokerage & Securities (PVT) Ltd.,30,903.6,27108.0,2025-07-23 12:19:09.183676
2025-07-23,102305,2025072303012331,SAPDBL,J.F. Securites (PVT) Ltd.,Sundhara Securities Limited,100,905.1,90510.0,2025-07-23 12:19:20.666717
2025-07-23,102304,2025072303012332,SAPDBL,Agrawal Securities (PVT) Ltd.,Sundhara Securities Limited,70,903.6,63252.0,2025-07-23 12:19:20.666895
2025-07-23,102190,2025072303012361,SAPDBL,Oxford Securities Pvt. Ltd.,Ashutosh Brokerage & Securities (PVT) Ltd.,100,902.0,90200.0,2025-07-23 12:19:33.589441
2025-07-23,102189,2025072303012362,SAPDBL,Sani Securities Company Ltd.,Ashutosh Brokerage & Securities (PVT) Ltd.,100,902.0,90200.0,2025-07-23 12:19:33.589532
2025-07-23,102188,2025072303012363,SAPDBL,Imperial Securities Company Pvt. Ltd.,Ashutosh Brokerage & Securities (PVT) Ltd.,27,902.0,24354.0,2025-07-23 12:19:33.589609
2025-07-23,102187,2025072303012364,SAPDBL,Naasa Securities Co. Ltd.,Ashutosh Brokerage & Securities (PVT) Ltd.,50,902.0,45100.0,2025-07-23 12:19:33.589685
2025-07-23,102186,2025072303012365,SAPDBL,Magnet Securities and Investment Company Private Limited,Ashutosh Brokerage & Securities (PVT) Ltd.,100,902.0,90200.0,2025-07-23 12:19:33.589757
2025-07-23,102185,2025072303012366,SAPDBL,Online Securities Pvt. Ltd.,Ashutosh Brokerage & Securities (PVT) Ltd.,50,902.0,45100.0,2025-07-23 12:19:33.589832
2025-07-23,102184,2025072303012367,SAPDBL,Online Securities Pvt. Ltd.,Ashutosh Brokerage & Securities (PVT) Ltd.,1000,902.0,902000.0,2025-07-23 12:19:33.589906
2025-07-23,102183,2025072303012368,SAPDBL,SHUBHAKAMANA SECURITIES PVT. LTD,Ashutosh Brokerage & Securities (PVT) Ltd.,1000,901.6,901600.0,2025-07-23 12:19:33.589982
2025-07-23,102182,2025072303012369,SAPDBL,South Asian Bulls Pvt. Ltd.,Ashutosh Brokerage & Securities (PVT) Ltd.,200,901.0,180200.0,2025-07-23 12:19:33.590078
2025-07-23,102181,2025072303012370,SAPDBL,Capital Max Securities Ltd,Ashutosh Brokerage & Securities (PVT) Ltd.,400,901.0,360400.0,2025-07-23 12:19:33.590149
2025-07-23,102180,2025072303012371,SAPDBL,Linch Stock Market Ltd.,Ashutosh Brokerage & Securities (PVT) Ltd.,1000,901.0,901000.0,2025-07-23 12:19:33.590264
2025-07-23,102179,2025072303012372,SAPDBL,South Asian Bulls Pvt. Ltd.,Ashutosh Brokerage & Securities (PVT) Ltd.,300,901.0,270300.0,2025-07-23 12:19:33.590353
2025-07-23,102178,2025072303012373,SAPDBL,Investment Management Nepal Pvt. Ltd.,Ashutosh Brokerage & Securities (PVT) Ltd.,50,901.0,45050.0,2025-07-23 12:19:33.590424
2025-07-23,102177,2025072303012374,SAPDBL,Asian Securities Private Ltd.,Ashutosh Brokerage & Securities (PVT) Ltd.,10,900.7,9007.0,2025-07-23 12:19:33.590497
2025-07-23,102176,2025072303012375,SAPDBL,Imperial Securities Company Pvt. Ltd.,Ashutosh Brokerage & Securities (PVT) Ltd.,15,900.7,13510.5,2025-07-23 12:19:33.590566
2025-07-23,102175,2025072303012376,SAPDBL,SUN SECURITIES PVT LTD,Ashutosh Brokerage & Securities (PVT) Ltd.,500,900.2,450100.0,2025-07-23 12:19:33.590640
2025-07-23,102174,2025072303012377,SAPDBL,ABC Securities Private Limited,Ashutosh Brokerage & Securities (PVT) Ltd.,300,900.1,270030.0,2025-07-23 12:19:33.590712
2025-07-23,102173,2025072303012378,SAPDBL,Trishakti Securities Public Limited,Ashutosh Brokerage & Securities (PVT) Ltd.,100,900.0,90000.0,2025-07-23 12:19:33.590790
2025-07-23,102172,2025072303012379,SAPDBL,Creative Securities Pvt Ltd,Ashutosh Brokerage & Securities (PVT) Ltd.,80,900.0,72000.0,2025-07-23 12:19:33.590865
2025-07-23,102171,2025072303012380,SAPDBL,ABC Securities Private Limited,Ashutosh Brokerage & Securities (PVT) Ltd.,20,900.0,18000.0,2025-07-23 12:19:33.590932
2025-07-23,102170,2025072303012381,SAPDBL,Agrawal Securities (PVT) Ltd.,Ashutosh Brokerage & Securities (PVT) Ltd.,98,900.0,88200.0,2025-07-23 12:19:33.591000
2025-07-23,102073,2025072303012391,SAPDBL,Agrawal Securities (PVT) Ltd.,Naasa Securities Co. Ltd.,20,900.0,18000.0,2025-07-23 12:19:41.767345
2025-07-23,102058,2025072303012394,SAPDBL,Agrawal Securities (PVT) Ltd.,Kohinoor Investment & Securities Pvt. Ltd.,239,900.0,215100.0,2025-07-23 12:19:43.427985
2025-07-23,102057,2025072303012395,SAPDBL,South Asian Bulls Pvt. Ltd.,Kohinoor Investment & Securities Pvt. Ltd.,50,900.0,45000.0,2025-07-23 12:19:43.428142
2025-07-23,102056,2025072303012396,SAPDBL,Trishakti Securities Public Limited,Kohinoor Investment & Securities Pvt. Ltd.,11,900.0,9900.0,2025-07-23 12:19:43.428210
2025-07-23,102044,2025072303012400,SAPDBL,Bhrikuti Stock Broking Co. Pvt. Ltd.,Sundhara Securities Limited,177,903.0,159831.0,2025-07-23 12:19:45.641065
2025-07-23,101905,2025072303012439,SAPDBL,Online Securities Pvt. Ltd.,Dipshikha Dhitopatra Karobar Co. Pvt Ltd.,200,900.1,180020.0,2025-07-23 12:19:58.365743
2025-07-23,101659,2025072303012500,SAPDBL,Online Securities Pvt. Ltd.,Ashutosh Brokerage & Securities (PVT) Ltd.,226,900.1,203422.6,2025-07-23 12:20:18.601352
2025-07-23,101606,2025072303012506,SAPDBL,Sani Securities Company Ltd.,Nepal Stock House (PVT) Ltd.,170,902.0,153340.0,2025-07-23 12:20:21.972682
2025-07-23,101550,2025072303012520,SAPDBL,Agrawal Securities (PVT) Ltd.,Nepal Stock House (PVT) Ltd.,10,902.0,9020.0,2025-07-23 12:20:28.335463
2025-07-23,101459,2025072303012550,SAPDBL,Online Securities Pvt. Ltd.,Online Securities Pvt. Ltd.,16,900.2,14403.2,2025-07-23 12:20:36.798198
2025-07-23,101458,2025072303012551,SAPDBL,Online Securities Pvt. Ltd.,Online Securities Pvt. Ltd.,484,900.1,435648.4,2025-07-23 12:20:36.798488
2025-07-23,101278,2025072303012585,SAPDBL,Bhrikuti Stock Broking Co. Pvt. Ltd.,Nepal Stock House (PVT) Ltd.,623,902.0,561946.0,2025-07-23 12:20:50.557212
2025-07-23,101157,2025072303012609,SAPDBL,Online Securities Pvt. Ltd.,Nepal Stock House (PVT) Ltd.,313,902.0,282326.0,2025-07-23 12:21:02.703128
2025-07-23,101156,2025072303012610,SAPDBL,Online Securities Pvt. Ltd.,Oxford Securities Pvt. Ltd.,360,902.0,324720.0,2025-07-23 12:21:02.703394
2025-07-23,100958,2025072303012706,SAPDBL,Online Securities Pvt. Ltd.,Kohinoor Investment & Securities Pvt. Ltd.,400,902.0,360800.0,2025-07-23 12:21:18.046777
2025-07-23,100607,2025072303012755,SAPDBL,Naasa Securities Co. Ltd.,Aryatara Investment & Securities,16,902.0,14432.0,2025-07-23 12:21:50.429543
2025-07-23,100606,2025072303012756,SAPDBL,Online Securities Pvt. Ltd.,Aryatara Investment & Securities,10,902.0,9020.0,2025-07-23 12:21:50.429822
2025-07-23,100605,2025072303012757,SAPDBL,Imperial Securities Company Pvt. Ltd.,Aryatara Investment & Securities,100,902.0,90200.0,2025-07-23 12:21:50.430021
2025-07-23,100604,2025072303012758,SAPDBL,Secured Securities Ltd.,Aryatara Investment & Securities,74,902.0,66748.0,2025-07-23 12:21:50.430304
2025-07-23,100420,2025072303012794,SAPDBL,Secured Securities Ltd.,Dipshikha Dhitopatra Karobar Co. Pvt Ltd.,226,902.0,203852.0,2025-07-23 12:22:10.331143
2025-07-23,100419,2025072303012795,SAPDBL,Primo Securities (PVT) Ltd.,Dipshikha Dhitopatra Karobar Co. Pvt Ltd.,30,902.0,27060.0,2025-07-23 12:22:10.331318
2025-07-23,100418,2025072303012796,SAPDBL,Sweta Securities Private Limited,Dipshikha Dhitopatra Karobar Co. Pvt Ltd.,100,902.0,90200.0,2025-07-23 12:22:10.331371
2025-07-23,100417,2025072303012797,SAPDBL,Asian Securities Private Ltd.,Dipshikha Dhitopatra Karobar Co. Pvt Ltd.,200,901.0,180200.0,2025-07-23 12:22:10.331427
2025-07-23,100416,2025072303012798,SAPDBL,Trishakti Securities Public Limited,Dipshikha Dhitopatra Karobar Co. Pvt Ltd.,39,900.0,35100.0,2025-07-23 12:22:10.331486
2025-07-23,100415,2025072303012799,SAPDBL,Naasa Securities Co. Ltd.,Dipshikha Dhitopatra Karobar Co. Pvt Ltd.,209,900.0,188100.0,2025-07-23 12:22:10.331540
2025-07-23,100414,2025072303012800,SAPDBL,Midas Stock Broking Company Private Limited,Dipshikha Dhitopatra Karobar Co. Pvt Ltd.,58,900.0,52200.0,2025-07-23 12:22:10.331591
2025-07-23,100413,2025072303012801,SAPDBL,ABC Securities Private Limited,Dipshikha Dhitopatra Karobar Co. Pvt Ltd.,40,900.0,36000.0,2025-07-23 12:22:10.331641
2025-07-23,100412,2025072303012802,SAPDBL,Nagarik Stock Dealer ,Dipshikha Dhitopatra Karobar Co. Pvt Ltd.,50,900.0,45000.0,2025-07-23 12:22:10.331700
2025-07-23,100411,2025072303012803,SAPDBL,Trisul Securities & Invt. Ltd.,Dipshikha Dhitopatra Karobar Co. Pvt Ltd.,25,900.0,22500.0,2025-07-23 12:22:10.331779
2025-07-23,100410,2025072303012804,SAPDBL,Agrawal Securities (PVT) Ltd.,Dipshikha Dhitopatra Karobar Co. Pvt Ltd.,200,900.0,180000.0,2025-07-23 12:22:10.331828
2025-07-23,100409,2025072303012805,SAPDBL,Linch Stock Market Ltd.,Dipshikha Dhitopatra Karobar Co. Pvt Ltd.,50,900.0,45000.0,2025-07-23 12:22:10.331890
2025-07-23,100408,2025072303012806,SAPDBL,Dipshikha Dhitopatra Karobar Co. Pvt Ltd.,Dipshikha Dhitopatra Karobar Co. Pvt Ltd.,21,900.0,18900.0,2025-07-23 12:22:10.331939
2025-07-23,100242,2025072303012841,SAPDBL,Dipshikha Dhitopatra Karobar Co. Pvt Ltd.,Kalika Securities Pvt. Ltd.,19,900.0,17100.0,2025-07-23 12:22:24.427637
2025-07-23,100241,2025072303012842,SAPDBL,Bhrikuti Stock Broking Co. Pvt. Ltd.,Kalika Securities Pvt. Ltd.,20,900.0,18000.0,2025-07-23 12:22:24.427874
2025-07-23,100240,2025072303012843,SAPDBL,Ashutosh Brokerage & Securities (PVT) Ltd.,Kalika Securities Pvt. Ltd.,50,900.0,45000.0,2025-07-23 12:22:24.428063
2025-07-23,100239,2025072303012844,SAPDBL,Naasa Securities Co. Ltd.,Kalika Securities Pvt. Ltd.,10,900.0,9000.0,2025-07-23 12:22:24.428226
2025-07-23,100182,2025072303012849,SAPDBL,Imperial Securities Company Pvt. Ltd.,Aryatara Investment & Securities,30,900.0,27000.0,2025-07-23 12:22:28.099369
2025-07-23,100181,2025072303012850,SAPDBL,Deevyaa Securities & Stock House Pvt. Ltd,Aryatara Investment & Securities,50,900.0,45000.0,2025-07-23 12:22:28.099669
2025-07-23,100180,2025072303012851,SAPDBL,J.F. Securites (PVT) Ltd.,Aryatara Investment & Securities,50,899.0,44950.0,2025-07-23 12:22:28.099921
2025-07-23,100179,2025072303012852,SAPDBL,Vision Securities Pvt. Ltd,Aryatara Investment & Securities,50,898.7,44935.0,2025-07-23 12:22:28.100177
2025-07-23,100178,2025072303012853,SAPDBL,Premier Securities Company Ltd.,Aryatara Investment & Securities,20,898.7,17974.0,2025-07-23 12:22:28.100365
2025-07-23,100177,2025072303012854,SAPDBL,Nepal Investment And Securities Trading Private Limited,Aryatara Investment & Securities,10,898.7,8987.0,2025-07-23 12:22:28.100562
2025-07-23,100176,2025072303012855,SAPDBL,Premier Securities Company Ltd.,Aryatara Investment & Securities,10,898.0,8980.0,2025-07-23 12:22:28.100806
2025-07-23,100175,2025072303012856,SAPDBL,Aryatara Investment & Securities,Aryatara Investment & Securities,13,897.7,11670.1,2025-07-23 12:22:28.101010
2025-07-23,100174,2025072303012857,SAPDBL,Malla & Malla Stock Broking Company Pvt. Limited,Aryatara Investment & Securities,100,897.7,89770.0,2025-07-23 12:22:28.101235
2025-07-23,100173,2025072303012858,SAPDBL,Opal Securities Investment (PVT) Ltd.,Aryatara Investment & Securities,50,897.0,44850.0,2025-07-23 12:22:28.101439
2025-07-23,100172,2025072303012859,SAPDBL,Thrive Brokerage House Pvt. Ltd,Aryatara Investment & Securities,20,897.0,17940.0,2025-07-23 12:22:28.101631
2025-07-23,100171,2025072303012860,SAPDBL,Vision Securities Pvt. Ltd,Aryatara Investment & Securities,17,897.0,15249.0,2025-07-23 12:22:28.101843
2025-07-23,100170,2025072303012861,SAPDBL,J.F. Securites (PVT) Ltd.,Aryatara Investment & Securities,10,897.0,8970.0,2025-07-23 12:22:28.102061
2025-07-23,100169,2025072303012862,SAPDBL,Kumari Securities Private Limited,Aryatara Investment & Securities,20,897.0,17940.0,2025-07-23 12:22:28.102248
2025-07-23,100168,2025072303012863,SAPDBL,Kumari Securities Private Limited,Aryatara Investment & Securities,20,897.0,17940.0,2025-07-23 12:22:28.102451
2025-07-23,100167,2025072303012864,SAPDBL,Kohinoor Investment & Securities Pvt. Ltd.,Aryatara Investment & Securities,30,897.0,26910.0,2025-07-23 12:22:28.102633
2025-07-23,100081,2025072303012900,SAPDBL,Naasa Securities Co. Ltd.,Neev Securities Pvt. Ltd.,100,900.0,90000.0,2025-07-23 12:22:36.775897
2025-07-23,99872,2025072303012940,SAPDBL,Kohinoor Investment & Securities Pvt. Ltd.,Sri Hari Securities Pvt. Ltd.,20,897.0,17940.0,2025-07-23 12:22:52.941036
2025-07-23,99767,2025072303012956,SAPDBL,Arun Securities (PVT) Ltd.,Sri Hari Securities Pvt. Ltd.,20,897.0,17940.0,2025-07-23 12:23:04.224512
2025-07-23,99766,2025072303012957,SAPDBL,Arun Securities (PVT) Ltd.,Asian Securities Private Ltd.,21,897.0,18837.0,2025-07-23 12:23:04.224766
2025-07-23,99765,2025072303012958,SAPDBL,Arun Securities (PVT) Ltd.,Neev Securities Pvt. Ltd.,59,900.0,53100.0,2025-07-23 12:23:04.224937
2025-07-23,99644,2025072303012974,SAPDBL,Online Securities Pvt. Ltd.,Neev Securities Pvt. Ltd.,90,900.0,81000.0,2025-07-23 12:23:09.669274
2025-07-23,99608,2025072303012985,SAPDBL,Nepal Investment And Securities Trading Private Limited,Sani Securities Company Ltd.,150,896.9,134535.0,2025-07-23 12:23:12.013066
2025-07-23,99607,2025072303012986,SAPDBL,Trishakti Securities Public Limited,Sani Securities Company Ltd.,190,896.7,170373.0,2025-07-23 12:23:12.013198
2025-07-23,99606,2025072303012987,SAPDBL,Online Securities Pvt. Ltd.,Sani Securities Company Ltd.,10,896.7,8967.0,2025-07-23 12:23:12.013253
2025-07-23,99605,2025072303012988,SAPDBL,Primo Securities (PVT) Ltd.,Sani Securities Company Ltd.,10,896.7,8967.0,2025-07-23 12:23:12.013313
2025-07-23,99604,2025072303012989,SAPDBL,Online Securities Pvt. Ltd.,Sani Securities Company Ltd.,100,896.7,89670.0,2025-07-23 12:23:12.013373
2025-07-23,99603,2025072303012990,SAPDBL,Bhrikuti Stock Broking Co. Pvt. Ltd.,Sani Securities Company Ltd.,50,896.7,44835.0,2025-07-23 12:23:12.013544
2025-07-23,99602,2025072303012991,SAPDBL,Online Securities Pvt. Ltd.,Sani Securities Company Ltd.,100,896.7,89670.0,2025-07-23 12:23:12.013602
2025-07-23,99601,2025072303012992,SAPDBL,Nepal Investment And Securities Trading Private Limited,Sani Securities Company Ltd.,10,895.0,8950.0,2025-07-23 12:23:12.013651
2025-07-23,99600,2025072303012993,SAPDBL,Market Securities & Exchange (PVT) Ltd.,Sani Securities Company Ltd.,20,895.0,17900.0,2025-07-23 12:23:12.013701
2025-07-23,99599,2025072303012994,SAPDBL,Linch Stock Market Ltd.,Sani Securities Company Ltd.,300,895.0,268500.0,2025-07-23 12:23:12.013757
2025-07-23,99598,2025072303012995,SAPDBL,Aryatara Investment & Securities,Sani Securities Company Ltd.,50,895.0,44750.0,2025-07-23 12:23:12.013813
2025-07-23,99597,2025072303012996,SAPDBL,Sipla Securities Private Limited,Sani Securities Company Ltd.,10,895.0,8950.0,2025-07-23 12:23:12.013875
2025-07-23,99596,2025072303012997,SAPDBL,Opal Securities Investment (PVT) Ltd.,Sani Securities Company Ltd.,20,895.0,17900.0,2025-07-23 12:23:12.013923
2025-07-23,99595,2025072303012998,SAPDBL,Naasa Securities Co. Ltd.,Sani Securities Company Ltd.,50,895.0,44750.0,2025-07-23 12:23:12.013980
2025-07-23,99594,2025072303012999,SAPDBL,Cristal Kanchanjanga Securites Pvt. Ltd.,Sani Securities Company Ltd.,100,895.0,89500.0,2025-07-23 12:23:12.014051
2025-07-23,99554,2025072303013007,SAPDBL,MILKY WAY SHARE BROKER COMPANY LTD ,Sani Securities Company Ltd.,40,895.0,35800.0,2025-07-23 12:23:16.184326
2025-07-23,99460,2025072303013024,SAPDBL,Agrawal Securities (PVT) Ltd.,Primo Securities (PVT) Ltd.,63,894.8,56372.4,2025-07-23 12:23:25.878253
2025-07-23,99197,2025072303013118,SAPDBL,Agrawal Securities (PVT) Ltd.,Dynamic Money Managers Securities Pvt. Ltd.,16,894.8,14316.8,2025-07-23 12:23:43.638739
2025-07-23,99196,2025072303013119,SAPDBL,J.F. Securites (PVT) Ltd.,Dynamic Money Managers Securities Pvt. Ltd.,100,894.0,89400.0,2025-07-23 12:23:43.638960
2025-07-23,99195,2025072303013120,SAPDBL,Aryatara Investment & Securities,Dynamic Money Managers Securities Pvt. Ltd.,10,894.0,8940.0,2025-07-23 12:23:43.639121
2025-07-23,99194,2025072303013121,SAPDBL,Naasa Securities Co. Ltd.,Dynamic Money Managers Securities Pvt. Ltd.,50,893.8,44690.0,2025-07-23 12:23:43.639279
2025-07-23,99193,2025072303013122,SAPDBL,Naasa Securities Co. Ltd.,Dynamic Money Managers Securities Pvt. Ltd.,24,892.1,21410.4,2025-07-23 12:23:43.639419
2025-07-23,99146,2025072303013144,SAPDBL,Vision Securities Pvt. Ltd,Sani Securities Company Ltd.,10,895.0,8950.0,2025-07-23 12:23:46.679474
2025-07-23,99065,2025072303013162,SAPDBL,Aryatara Investment & Securities,Sani Securities Company Ltd.,30,895.0,26850.0,2025-07-23 12:23:51.176913
2025-07-23,99031,2025072303013174,SAPDBL,Capital Max Securities Ltd,Sani Securities Company Ltd.,50,895.0,44750.0,2025-07-23 12:23:52.840474
2025-07-23,98867,2025072303013225,SAPDBL,Naasa Securities Co. Ltd.,Dynamic Money Managers Securities Pvt. Ltd.,100,892.1,89210.0,2025-07-23 12:24:11.470534
2025-07-23,98864,2025072303013226,SAPDBL,Naasa Securities Co. Ltd.,Kalika Securities Pvt. Ltd.,10,892.1,8921.0,2025-07-23 12:24:12.143767
2025-07-23,98800,2025072303013236,SAPDBL,Naasa Securities Co. Ltd.,SHUBHAKAMANA SECURITIES PVT. LTD,66,892.1,58878.6,2025-07-23 12:24:15.156995
2025-07-23,98799,2025072303013237,SAPDBL,Vision Securities Pvt. Ltd,SHUBHAKAMANA SECURITIES PVT. LTD,50,892.0,44600.0,2025-07-23 12:24:15.157106
2025-07-23,98798,2025072303013238,SAPDBL,Aryatara Investment & Securities,SHUBHAKAMANA SECURITIES PVT. LTD,10,892.0,8920.0,2025-07-23 12:24:15.157178
2025-07-23,98797,2025072303013239,SAPDBL,Siprabi Securities Pvt. Ltd.,SHUBHAKAMANA SECURITIES PVT. LTD,10,892.0,8920.0,2025-07-23 12:24:15.157240
2025-07-23,98796,2025072303013240,SAPDBL,Premier Securities Company Ltd.,SHUBHAKAMANA SECURITIES PVT. LTD,20,891.8,17836.0,2025-07-23 12:24:15.157294
2025-07-23,98795,2025072303013241,SAPDBL,Bhrikuti Stock Broking Co. Pvt. Ltd.,SHUBHAKAMANA SECURITIES PVT. LTD,30,891.8,26754.0,2025-07-23 12:24:15.157355
2025-07-23,98794,2025072303013242,SAPDBL,Agrawal Securities (PVT) Ltd.,SHUBHAKAMANA SECURITIES PVT. LTD,100,891.8,89180.0,2025-07-23 12:24:15.157415
2025-07-23,98793,2025072303013243,SAPDBL,Market Securities & Exchange (PVT) Ltd.,SHUBHAKAMANA SECURITIES PVT. LTD,50,891.8,44590.0,2025-07-23 12:24:15.157489
2025-07-23,98792,2025072303013244,SAPDBL,Shree Krishna Securities Ltd.,SHUBHAKAMANA SECURITIES PVT. LTD,100,885.0,88500.0,2025-07-23 12:24:15.157606
2025-07-23,98791,2025072303013245,SAPDBL,Sani Securities Company Ltd.,SHUBHAKAMANA SECURITIES PVT. LTD,200,885.0,177000.0,2025-07-23 12:24:15.157712
2025-07-23,98790,2025072303013246,SAPDBL,Naasa Securities Co. Ltd.,SHUBHAKAMANA SECURITIES PVT. LTD,100,885.0,88500.0,2025-07-23 12:24:15.157805
2025-07-23,98789,2025072303013247,SAPDBL,Vision Securities Pvt. Ltd,SHUBHAKAMANA SECURITIES PVT. LTD,20,884.0,17680.0,2025-07-23 12:24:15.157903
2025-07-23,98788,2025072303013248,SAPDBL,Asian Securities Private Ltd.,SHUBHAKAMANA SECURITIES PVT. LTD,100,884.0,88400.0,2025-07-23 12:24:15.157992
2025-07-23,98787,2025072303013249,SAPDBL,Nepal Stock House (PVT) Ltd.,SHUBHAKAMANA SECURITIES PVT. LTD,40,884.0,35360.0,2025-07-23 12:24:15.158100
2025-07-23,98786,2025072303013250,SAPDBL,Kohinoor Investment & Securities Pvt. Ltd.,SHUBHAKAMANA SECURITIES PVT. LTD,10,884.0,8840.0,2025-07-23 12:24:15.158178
2025-07-23,98785,2025072303013251,SAPDBL,Shree Krishna Securities Ltd.,SHUBHAKAMANA SECURITIES PVT. LTD,100,884.0,88400.0,2025-07-23 12:24:15.158274
2025-07-23,98784,2025072303013252,SAPDBL,Kalika Securities Pvt. Ltd.,SHUBHAKAMANA SECURITIES PVT. LTD,300,884.0,265200.0,2025-07-23 12:24:15.158370
2025-07-23,98783,2025072303013253,SAPDBL,Capital Max Securities Ltd,SHUBHAKAMANA SECURITIES PVT. LTD,400,883.0,353200.0,2025-07-23 12:24:15.158466
2025-07-23,98782,2025072303013254,SAPDBL,Roadshow securities limited,SHUBHAKAMANA SECURITIES PVT. LTD,200,882.1,176420.0,2025-07-23 12:24:15.158562
2025-07-23,98781,2025072303013255,SAPDBL,Vision Securities Pvt. Ltd,SHUBHAKAMANA SECURITIES PVT. LTD,100,882.1,88210.0,2025-07-23 12:24:15.158648
2025-07-23,98780,2025072303013256,SAPDBL,Dynamic Money Managers Securities Pvt. Ltd.,SHUBHAKAMANA SECURITIES PVT. LTD,200,882.0,176400.0,2025-07-23 12:24:15.158737
2025-07-23,98779,2025072303013257,SAPDBL,Creative Securities Pvt Ltd,SHUBHAKAMANA SECURITIES PVT. LTD,90,882.0,79380.0,2025-07-23 12:24:15.158838
2025-07-23,98778,2025072303013258,SAPDBL,Citizens Share Broker Limited,SHUBHAKAMANA SECURITIES PVT. LTD,50,882.0,44100.0,2025-07-23 12:24:15.158934
2025-07-23,98777,2025072303013259,SAPDBL,Opal Securities Investment (PVT) Ltd.,SHUBHAKAMANA SECURITIES PVT. LTD,100,882.0,88200.0,2025-07-23 12:24:15.159047
2025-07-23,98776,2025072303013260,SAPDBL,Sewa Securities Pvt. Ltd.,SHUBHAKAMANA SECURITIES PVT. LTD,200,880.0,176000.0,2025-07-23 12:24:15.159154
2025-07-23,98775,2025072303013261,SAPDBL,Nepal Investment And Securities Trading Private Limited,SHUBHAKAMANA SECURITIES PVT. LTD,250,880.0,220000.0,2025-07-23 12:24:15.159238
2025-07-23,98774,2025072303013262,SAPDBL,Aryatara Investment & Securities,SHUBHAKAMANA SECURITIES PVT. LTD,200,880.0,176000.0,2025-07-23 12:24:15.159322
2025-07-23,98773,2025072303013263,SAPDBL,Online Securities Pvt. Ltd.,SHUBHAKAMANA SECURITIES PVT. LTD,50,878.0,43900.0,2025-07-23 12:24:15.159410
2025-07-23,98772,2025072303013264,SAPDBL,Online Securities Pvt. Ltd.,SHUBHAKAMANA SECURITIES PVT. LTD,1000,878.0,878000.0,2025-07-23 12:24:15.159491
2025-07-23,98771,2025072303013265,SAPDBL,Ashutosh Brokerage & Securities (PVT) Ltd.,SHUBHAKAMANA SECURITIES PVT. LTD,20,878.0,17560.0,2025-07-23 12:24:15.159564
2025-07-23,98770,2025072303013266,SAPDBL,Dipshikha Dhitopatra Karobar Co. Pvt Ltd.,SHUBHAKAMANA SECURITIES PVT. LTD,300,877.1,263130.0,2025-07-23 12:24:15.159625
2025-07-23,98769,2025072303013267,SAPDBL,Bhrikuti Stock Broking Co. Pvt. Ltd.,SHUBHAKAMANA SECURITIES PVT. LTD,100,877.1,87710.0,2025-07-23 12:24:15.159685
2025-07-23,98768,2025072303013268,SAPDBL,Pragyan Securities (PVT) Ltd.,SHUBHAKAMANA SECURITIES PVT. LTD,10,877.1,8771.0,2025-07-23 12:24:15.159783
2025-07-23,98767,2025072303013269,SAPDBL,Naasa Securities Co. Ltd.,SHUBHAKAMANA SECURITIES PVT. LTD,10,877.1,8771.0,2025-07-23 12:24:15.159884
2025-07-23,98766,2025072303013270,SAPDBL,Nepal Stock House (PVT) Ltd.,SHUBHAKAMANA SECURITIES PVT. LTD,200,877.1,175420.0,2025-07-23 12:24:15.159979
2025-07-23,98765,2025072303013271,SAPDBL,Dipshikha Dhitopatra Karobar Co. Pvt Ltd.,SHUBHAKAMANA SECURITIES PVT. LTD,20,877.1,17542.0,2025-07-23 12:24:15.160081
2025-07-23,98764,2025072303013272,SAPDBL,Aryatara Investment & Securities,SHUBHAKAMANA SECURITIES PVT. LTD,20,877.1,17542.0,2025-07-23 12:24:15.160167
2025-07-23,98763,2025072303013273,SAPDBL,Swarna Laxmi Securities Pvt. Ltd.,SHUBHAKAMANA SECURITIES PVT. LTD,100,877.1,87710.0,2025-07-23 12:24:15.160250
2025-07-23,98762,2025072303013274,SAPDBL,Agrawal Securities (PVT) Ltd.,SHUBHAKAMANA SECURITIES PVT. LTD,10,877.0,8770.0,2025-07-23 12:24:15.160342
2025-07-23,98761,2025072303013275,SAPDBL,Siprabi Securities Pvt. Ltd.,SHUBHAKAMANA SECURITIES PVT. LTD,50,877.0,43850.0,2025-07-23 12:24:15.160421
2025-07-23,98760,2025072303013276,SAPDBL,ABC Securities Private Limited,SHUBHAKAMANA SECURITIES PVT. LTD,14,877.0,12278.0,2025-07-23 12:24:15.160515
2025-07-23,98110,2025072303013464,SAPDBL,Aryatara Investment & Securities,Sani Securities Company Ltd.,50,892.2,44610.0,2025-07-23 12:25:16.125210
2025-07-23,98109,2025072303013465,SAPDBL,Stoxkarts Securities Limited,Sani Securities Company Ltd.,20,877.4,17548.0,2025-07-23 12:25:16.125368
2025-07-23,98108,2025072303013466,SAPDBL,Imperial Securities Company Pvt. Ltd.,Sani Securities Company Ltd.,10,877.3,8773.0,2025-07-23 12:25:16.125425
2025-07-23,98107,2025072303013467,SAPDBL,Naasa Securities Co. Ltd.,Sani Securities Company Ltd.,250,877.2,219300.0,2025-07-23 12:25:16.125466
2025-07-23,98106,2025072303013468,SAPDBL,Sharepro Securities Private Limited,Sani Securities Company Ltd.,50,877.2,43860.0,2025-07-23 12:25:16.125509
2025-07-23,97835,2025072303013556,SAPDBL,Market Securities & Exchange (PVT) Ltd.,SHUBHAKAMANA SECURITIES PVT. LTD,500,878.0,439000.0,2025-07-23 12:25:41.009112
2025-07-23,97834,2025072303013557,SAPDBL,Agrawal Securities (PVT) Ltd.,SHUBHAKAMANA SECURITIES PVT. LTD,30,877.0,26310.0,2025-07-23 12:25:41.009164
2025-07-23,97833,2025072303013558,SAPDBL,Sani Securities Company Ltd.,SHUBHAKAMANA SECURITIES PVT. LTD,100,877.0,87700.0,2025-07-23 12:25:41.009188
2025-07-23,97832,2025072303013559,SAPDBL,Imperial Securities Company Pvt. Ltd.,SHUBHAKAMANA SECURITIES PVT. LTD,100,877.0,87700.0,2025-07-23 12:25:41.009209
2025-07-23,97831,2025072303013560,SAPDBL,Asian Securities Private Ltd.,SHUBHAKAMANA SECURITIES PVT. LTD,100,877.0,87700.0,2025-07-23 12:25:41.009228
2025-07-23,97830,2025072303013561,SAPDBL,Linch Stock Market Ltd.,SHUBHAKAMANA SECURITIES PVT. LTD,100,877.0,87700.0,2025-07-23 12:25:41.009247
2025-07-23,97829,2025072303013562,SAPDBL,Siprabi Securities Pvt. Ltd.,SHUBHAKAMANA SECURITIES PVT. LTD,250,877.0,219250.0,2025-07-23 12:25:41.009265
2025-07-23,97828,2025072303013563,SAPDBL,Agrawal Securities (PVT) Ltd.,SHUBHAKAMANA SECURITIES PVT. LTD,50,877.0,43850.0,2025-07-23 12:25:41.009299
2025-07-23,97827,2025072303013564,SAPDBL,Linch Stock Market Ltd.,SHUBHAKAMANA SECURITIES PVT. LTD,80,862.0,68960.0,2025-07-23 12:25:41.009326
2025-07-23,97826,2025072303013565,SAPDBL,Online Securities Pvt. Ltd.,SHUBHAKAMANA SECURITIES PVT. LTD,700,861.0,602700.0,2025-07-23 12:25:41.009348
2025-07-23,97205,2025072303013673,SAPDBL,Investment Management Nepal Pvt. Ltd.,Hatemalo Financial Services Private Limited,30,878.1,26343.0,2025-07-23 12:26:29.158082
2025-07-23,97030,2025072303013707,SAPDBL,Market Securities & Exchange (PVT) Ltd.,Citizens Share Broker Limited,400,865.0,346000.0,2025-07-23 12:26:51.099096
2025-07-23,96917,2025072303013736,SAPDBL,Aryatara Investment & Securities,ABC Securities Private Limited,10,877.0,8770.0,2025-07-23 12:27:05.143309
2025-07-23,96916,2025072303013737,SAPDBL,Aryatara Investment & Securities,Sri Hari Securities Pvt. Ltd.,10,878.0,8780.0,2025-07-23 12:27:05.143551
2025-07-23,96842,2025072303013750,SAPDBL,Linch Stock Market Ltd.,Sri Hari Securities Pvt. Ltd.,10,878.0,8780.0,2025-07-23 12:27:11.410016
2025-07-23,96710,2025072303013785,SAPDBL,Linch Stock Market Ltd.,Citizens Share Broker Limited,10,878.0,8780.0,2025-07-23 12:27:27.078781
2025-07-23,96709,2025072303013786,SAPDBL,Oxford Securities Pvt. Ltd.,Citizens Share Broker Limited,70,876.0,61320.0,2025-07-23 12:27:27.078823
2025-07-23,96708,2025072303013787,SAPDBL,Online Securities Pvt. Ltd.,Citizens Share Broker Limited,58,870.0,50460.0,2025-07-23 12:27:27.078849
2025-07-23,96707,2025072303013788,SAPDBL,Linch Stock Market Ltd.,Citizens Share Broker Limited,45,870.0,39150.0,2025-07-23 12:27:27.078874
2025-07-23,96706,2025072303013789,SAPDBL,Online Securities Pvt. Ltd.,Citizens Share Broker Limited,10,867.0,8670.0,2025-07-23 12:27:27.078897
2025-07-23,96705,2025072303013790,SAPDBL,Online Securities Pvt. Ltd.,Citizens Share Broker Limited,100,866.0,86600.0,2025-07-23 12:27:27.078937
2025-07-23,96704,2025072303013791,SAPDBL,Dipshikha Dhitopatra Karobar Co. Pvt Ltd.,Citizens Share Broker Limited,50,866.0,43300.0,2025-07-23 12:27:27.078962
2025-07-23,96703,2025072303013792,SAPDBL,Kohinoor Investment & Securities Pvt. Ltd.,Citizens Share Broker Limited,10,865.2,8652.0,2025-07-23 12:27:27.078985
2025-07-23,96702,2025072303013793,SAPDBL,Kohinoor Investment & Securities Pvt. Ltd.,Citizens Share Broker Limited,400,865.1,346040.0,2025-07-23 12:27:27.079008
2025-07-23,96701,2025072303013794,SAPDBL,Market Securities & Exchange (PVT) Ltd.,Citizens Share Broker Limited,300,865.0,259500.0,2025-07-23 12:27:27.079041
2025-07-23,96700,2025072303013795,SAPDBL,Sani Securities Company Ltd.,Citizens Share Broker Limited,100,865.0,86500.0,2025-07-23 12:27:27.079067
2025-07-23,96699,2025072303013796,SAPDBL,Siprabi Securities Pvt. Ltd.,Citizens Share Broker Limited,15,865.0,12975.0,2025-07-23 12:27:27.079092
2025-07-23,96698,2025072303013797,SAPDBL,Imperial Securities Company Pvt. Ltd.,Citizens Share Broker Limited,100,865.0,86500.0,2025-07-23 12:27:27.079115
2025-07-23,96697,2025072303013798,SAPDBL,Sweta Securities Private Limited,Citizens Share Broker Limited,200,865.0,173000.0,2025-07-23 12:27:27.079138
2025-07-23,96696,2025072303013799,SAPDBL,Agrawal Securities (PVT) Ltd.,Citizens Share Broker Limited,10,865.0,8650.0,2025-07-23 12:27:27.079159
2025-07-23,96695,2025072303013800,SAPDBL,Capital Max Securities Ltd,Citizens Share Broker Limited,50,864.0,43200.0,2025-07-23 12:27:27.079181
2025-07-23,96694,2025072303013801,SAPDBL,Dipshikha Dhitopatra Karobar Co. Pvt Ltd.,Citizens Share Broker Limited,50,864.0,43200.0,2025-07-23 12:27:27.079203
2025-07-23,96693,2025072303013802,SAPDBL,Oxford Securities Pvt. Ltd.,Citizens Share Broker Limited,50,863.1,43155.0,2025-07-23 12:27:27.079225
2025-07-23,96692,2025072303013803,SAPDBL,Arun Securities (PVT) Ltd.,Citizens Share Broker Limited,100,863.0,86300.0,2025-07-23 12:27:27.079250
2025-07-23,96691,2025072303013804,SAPDBL,Investment Management Nepal Pvt. Ltd.,Citizens Share Broker Limited,200,862.0,172400.0,2025-07-23 12:27:27.079284
2025-07-23,96690,2025072303013805,SAPDBL,Magnet Securities and Investment Company Private Limited,Citizens Share Broker Limited,200,861.1,172220.0,2025-07-23 12:27:27.079309
2025-07-23,96689,2025072303013806,SAPDBL,Online Securities Pvt. Ltd.,Citizens Share Broker Limited,300,861.0,258300.0,2025-07-23 12:27:27.079338
2025-07-23,96688,2025072303013807,SAPDBL,J.F. Securites (PVT) Ltd.,Citizens Share Broker Limited,100,861.0,86100.0,2025-07-23 12:27:27.079360
2025-07-23,96687,2025072303013808,SAPDBL,Midas Stock Broking Company Private Limited,Citizens Share Broker Limited,10,861.0,8610.0,2025-07-23 12:27:27.079385
2025-07-23,96686,2025072303013809,SAPDBL,Asian Securities Private Ltd.,Citizens Share Broker Limited,50,861.0,43050.0,2025-07-23 12:27:27.079412
2025-07-23,96685,2025072303013810,SAPDBL,Naasa Securities Co. Ltd.,Citizens Share Broker Limited,12,861.0,10332.0,2025-07-23 12:27:27.079434
2025-07-23,96557,2025072303013842,SAPDBL,Sweta Securities Private Limited,Sumeru Securities Pvt. Ltd.,20,878.0,17560.0,2025-07-23 12:27:42.294841
2025-07-23,96506,2025072303013850,SAPDBL,Sumeru Securities Pvt. Ltd.,Shree Krishna Securities Ltd.,50,890.0,44500.0,2025-07-23 12:27:45.649871
2025-07-23,96325,2025072303013889,SAPDBL,Online Securities Pvt. Ltd.,Agrawal Securities (PVT) Ltd.,20,889.9,17798.0,2025-07-23 12:28:06.501553
2025-07-23,96202,2025072303013913,SAPDBL,Dakshinkali Investment & Securities Pvt. Ltd.,Agrawal Securities (PVT) Ltd.,30,889.9,26697.0,2025-07-23 12:28:21.441096
2025-07-23,96165,2025072303013921,SAPDBL,Neev Securities Pvt. Ltd.,Agrawal Securities (PVT) Ltd.,100,889.9,88990.0,2025-07-23 12:28:24.647378
2025-07-23,95853,2025072303013995,SAPDBL,Online Securities Pvt. Ltd.,Kalika Securities Pvt. Ltd.,30,889.0,26670.0,2025-07-23 12:28:57.357736
2025-07-23,95852,2025072303013996,SAPDBL,Online Securities Pvt. Ltd.,Dipshikha Dhitopatra Karobar Co. Pvt Ltd.,150,889.0,133350.0,2025-07-23 12:28:57.357881
2025-07-23,95667,2025072303014052,SAPDBL,Online Securities Pvt. Ltd.,Kalika Securities Pvt. Ltd.,10,889.0,8890.0,2025-07-23 12:29:15.213284
2025-07-23,95274,2025072303014151,SAPDBL,Opal Securities Investment (PVT) Ltd.,Agrawal Securities (PVT) Ltd.,10,889.9,8899.0,2025-07-23 12:29:58.538413
2025-07-23,95261,2025072303014154,SAPDBL,Dipshikha Dhitopatra Karobar Co. Pvt Ltd.,ABC Securities Private Limited,10,889.0,8890.0,2025-07-23 12:30:00.309238
2025-07-23,95260,2025072303014155,SAPDBL,Naasa Securities Co. Ltd.,ABC Securities Private Limited,10,889.0,8890.0,2025-07-23 12:30:00.309493
2025-07-23,95259,2025072303014156,SAPDBL,ABC Securities Private Limited,ABC Securities Private Limited,10,889.0,8890.0,2025-07-23 12:30:00.309654
2025-07-23,95143,2025072303014190,SAPDBL,Online Securities Pvt. Ltd.,ABC Securities Private Limited,20,889.0,17780.0,2025-07-23 12:30:12.039231
2025-07-23,95069,2025072303014207,SAPDBL,Dakshinkali Investment & Securities Pvt. Ltd.,Kalika Securities Pvt. Ltd.,30,889.0,26670.0,2025-07-23 12:30:22.058910
2025-07-23,95030,2025072303014233,SAPDBL,Naasa Securities Co. Ltd.,Agrawal Securities (PVT) Ltd.,10,889.9,8899.0,2025-07-23 12:30:25.300873
2025-07-23,94958,2025072303014250,SAPDBL,Dakshinkali Investment & Securities Pvt. Ltd.,Agrawal Securities (PVT) Ltd.,15,889.9,13348.5,2025-07-23 12:30:34.161177
2025-07-23,94897,2025072303014273,SAPDBL,Dakshinkali Investment & Securities Pvt. Ltd.,Sumeru Securities Pvt. Ltd.,220,889.0,195580.0,2025-07-23 12:30:41.600197
2025-07-23,94756,2025072303014306,SAPDBL,J.F. Securites (PVT) Ltd.,Agrawal Securities (PVT) Ltd.,10,889.9,8899.0,2025-07-23 12:30:56.394832
2025-07-23,94437,2025072303014370,SAPDBL,Aryatara Investment & Securities,Agrawal Securities (PVT) Ltd.,55,889.9,48944.5,2025-07-23 12:31:30.931553
2025-07-23,94436,2025072303014371,SAPDBL,Aryatara Investment & Securities,Shree Krishna Securities Ltd.,380,890.0,338200.0,2025-07-23 12:31:30.931714
2025-07-23,94435,2025072303014372,SAPDBL,Aryatara Investment & Securities,Sundhara Securities Limited,40,890.0,35600.0,2025-07-23 12:31:30.931780
2025-07-23,94375,2025072303014386,SAPDBL,Aryatara Investment & Securities,Sumeru Securities Pvt. Ltd.,25,890.0,22250.0,2025-07-23 12:31:39.185177
2025-07-23,94374,2025072303014387,SAPDBL,Premier Securities Company Ltd.,Sumeru Securities Pvt. Ltd.,200,890.0,178000.0,2025-07-23 12:31:39.185323
2025-07-23,94331,2025072303014395,SAPDBL,Market Securities & Exchange (PVT) Ltd.,Sumeru Securities Pvt. Ltd.,50,890.0,44500.0,2025-07-23 12:31:45.449121
2025-07-23,94197,2025072303014440,SAPDBL,Vision Securities Pvt. Ltd,Sumeru Securities Pvt. Ltd.,50,890.0,44500.0,2025-07-23 12:31:58.352174
2025-07-23,93742,2025072303014533,SAPDBL,Linch Stock Market Ltd.,ABC Securities Private Limited,50,892.0,44600.0,2025-07-23 12:32:38.793609
2025-07-23,93741,2025072303014534,SAPDBL,Vision Securities Pvt. Ltd,ABC Securities Private Limited,25,890.0,22250.0,2025-07-23 12:32:38.793774
2025-07-23,93695,2025072303014544,SAPDBL,Linch Stock Market Ltd.,Thrive Brokerage House Pvt. Ltd,10,899.9,8999.0,2025-07-23 12:32:43.997640
2025-07-23,93611,2025072303014562,SAPDBL,Vision Securities Pvt. Ltd,Sumeru Securities Pvt. Ltd.,25,890.0,22250.0,2025-07-23 12:32:53.817261
2025-07-23,93610,2025072303014563,SAPDBL,Market Securities & Exchange (PVT) Ltd.,Sumeru Securities Pvt. Ltd.,35,890.0,31150.0,2025-07-23 12:32:53.817423
2025-07-23,93544,2025072303014579,SAPDBL,Market Securities & Exchange (PVT) Ltd.,Naasa Securities Co. Ltd.,165,900.0,148500.0,2025-07-23 12:33:04.969765
2025-07-23,93301,2025072303014626,SAPDBL,Kumari Securities Private Limited,Naasa Securities Co. Ltd.,20,900.0,18000.0,2025-07-23 12:33:28.537930
2025-07-23,93239,2025072303014645,SAPDBL,Sweta Securities Private Limited,Naasa Securities Co. Ltd.,100,900.0,90000.0,2025-07-23 12:33:38.617449
2025-07-23,92640,2025072303014784,SAPDBL,Dakshinkali Investment & Securities Pvt. Ltd.,Naasa Securities Co. Ltd.,45,900.0,40500.0,2025-07-23 12:34:45.907833
2025-07-23,92462,2025072303014812,SAPDBL,Sewa Securities Pvt. Ltd.,Aakashbhairab Securities Ltd.,10,895.0,8950.0,2025-07-23 12:35:02.927939
2025-07-23,92461,2025072303014813,SAPDBL,Sani Securities Company Ltd.,Aakashbhairab Securities Ltd.,30,893.0,26790.0,2025-07-23 12:35:02.928266
2025-07-23,92460,2025072303014814,SAPDBL,Imperial Securities Company Pvt. Ltd.,Aakashbhairab Securities Ltd.,10,893.0,8930.0,2025-07-23 12:35:02.928463
2025-07-23,92273,2025072303014848,SAPDBL,Vision Securities Pvt. Ltd,Imperial Securities Company Pvt. Ltd.,100,899.0,89900.0,2025-07-23 12:35:23.996489
2025-07-23,92140,2025072303014877,SAPDBL,Naasa Securities Co. Ltd.,Aryatara Investment & Securities,100,900.0,90000.0,2025-07-23 12:35:43.728329
2025-07-23,92139,2025072303014878,SAPDBL,Naasa Securities Co. Ltd.,Midas Stock Broking Company Private Limited,10,900.0,9000.0,2025-07-23 12:35:43.728528
2025-07-23,92045,2025072303014892,SAPDBL,Naasa Securities Co. Ltd.,Kohinoor Investment & Securities Pvt. Ltd.,10,900.0,9000.0,2025-07-23 12:35:52.421036
2025-07-23,92044,2025072303014893,SAPDBL,Vision Securities Pvt. Ltd,Kohinoor Investment & Securities Pvt. Ltd.,12,899.0,10788.0,2025-07-23 12:35:52.421200
2025-07-23,92002,2025072303014902,SAPDBL,Online Securities Pvt. Ltd.,Online Securities Pvt. Ltd.,11,912.0,10032.0,2025-07-23 12:35:56.707307
2025-07-23,91948,2025072303014908,SAPDBL,Vision Securities Pvt. Ltd,Imperial Securities Company Pvt. Ltd.,100,899.0,89900.0,2025-07-23 12:36:02.494672
2025-07-23,91928,2025072303014913,SAPDBL,Dipshikha Dhitopatra Karobar Co. Pvt Ltd.,Kalika Securities Pvt. Ltd.,1,900.0,900.0,2025-07-23 12:36:06.067872
2025-07-23,91723,2025072303014933,SAPDBL,Online Securities Pvt. Ltd.,Online Securities Pvt. Ltd.,11,912.0,10032.0,2025-07-23 12:36:27.789913
2025-07-23,91436,2025072303014998,SAPDBL,Vision Securities Pvt. Ltd,Online Securities Pvt. Ltd.,100,912.0,91200.0,2025-07-23 12:37:04.036306
2025-07-23,91242,2025072303015024,SAPDBL,Dakshinkali Investment & Securities Pvt. Ltd.,Oxford Securities Pvt. Ltd.,60,901.0,54060.0,2025-07-23 12:37:27.425476
2025-07-23,91241,2025072303015025,SAPDBL,SHUBHAKAMANA SECURITIES PVT. LTD,Oxford Securities Pvt. Ltd.,40,900.0,36000.0,2025-07-23 12:37:27.425655
2025-07-23,91240,2025072303015026,SAPDBL,South Asian Bulls Pvt. Ltd.,Oxford Securities Pvt. Ltd.,50,900.0,45000.0,2025-07-23 12:37:27.425722
2025-07-23,91239,2025072303015027,SAPDBL,Indira securities pvt. ltd,Oxford Securities Pvt. Ltd.,10,900.0,9000.0,2025-07-23 12:37:27.425789
2025-07-23,91137,2025072303015040,SAPDBL,Vision Securities Pvt. Ltd,Oxford Securities Pvt. Ltd.,100,900.0,90000.0,2025-07-23 12:37:40.249338
2025-07-23,91093,2025072303015048,SAPDBL,Nabil Stock Dealer Ltd.,Oxford Securities Pvt. Ltd.,50,900.0,45000.0,2025-07-23 12:37:45.104199
2025-07-23,91084,2025072303015049,SAPDBL,Dakshinkali Investment & Securities Pvt. Ltd.,Imperial Securities Company Pvt. Ltd.,100,899.9,89990.0,2025-07-23 12:37:46.432055
2025-07-23,91017,2025072303015067,SAPDBL,Online Securities Pvt. Ltd.,Oxford Securities Pvt. Ltd.,35,900.0,31500.0,2025-07-23 12:37:55.728188
2025-07-23,90977,2025072303015078,SAPDBL,Vision Securities Pvt. Ltd,Oxford Securities Pvt. Ltd.,75,900.0,67500.0,2025-07-23 12:38:05.829609
2025-07-23,90934,2025072303015082,SAPDBL,Vision Securities Pvt. Ltd,Online Securities Pvt. Ltd.,113,900.0,101700.0,2025-07-23 12:38:12.477315
2025-07-23,90933,2025072303015083,SAPDBL,Dakshinkali Investment & Securities Pvt. Ltd.,Online Securities Pvt. Ltd.,67,899.9,60293.3,2025-07-23 12:38:12.477490
2025-07-23,90741,2025072303015114,SAPDBL,Dakshinkali Investment & Securities Pvt. Ltd.,Investment Management Nepal Pvt. Ltd.,25,899.9,22497.5,2025-07-23 12:38:26.847162
2025-07-23,90462,2025072303015173,SAPDBL,Oxford Securities Pvt. Ltd.,Primo Securities (PVT) Ltd.,50,900.0,45000.0,2025-07-23 12:38:52.967973
2025-07-23,90461,2025072303015174,SAPDBL,Dakshinkali Investment & Securities Pvt. Ltd.,Primo Securities (PVT) Ltd.,13,899.9,11698.7,2025-07-23 12:38:52.968171
2025-07-23,89905,2025072303015296,SAPDBL,Imperial Securities Company Pvt. Ltd.,Aryatara Investment & Securities,20,900.0,18000.0,2025-07-23 12:39:46.368950
2025-07-23,89786,2025072303015318,SAPDBL,Naasa Securities Co. Ltd.,Imperial Securities Company Pvt. Ltd.,100,900.0,90000.0,2025-07-23 12:39:57.032358
2025-07-23,89292,2025072303015404,SAPDBL,Vision Securities Pvt. Ltd,Agrawal Securities (PVT) Ltd.,10,900.0,9000.0,2025-07-23 12:40:51.470174
2025-07-23,89291,2025072303015405,SAPDBL,Deevyaa Securities & Stock House Pvt. Ltd,Agrawal Securities (PVT) Ltd.,90,900.0,81000.0,2025-07-23 12:40:51.470520
2025-07-23,88924,2025072303015458,SAPDBL,Dipshikha Dhitopatra Karobar Co. Pvt Ltd.,Capital Max Securities Ltd,3,890.0,2670.0,2025-07-23 12:41:31.891896
2025-07-23,88676,2025072303015506,SAPDBL,Kalika Securities Pvt. Ltd.,Thrive Brokerage House Pvt. Ltd,100,900.1,90010.0,2025-07-23 12:41:58.256491
2025-07-23,88210,2025072303015605,SAPDBL,Deevyaa Securities & Stock House Pvt. Ltd,Agrawal Securities (PVT) Ltd.,10,900.0,9000.0,2025-07-23 12:42:51.652790
2025-07-23,88209,2025072303015606,SAPDBL,Naasa Securities Co. Ltd.,Agrawal Securities (PVT) Ltd.,490,900.0,441000.0,2025-07-23 12:42:51.652971
2025-07-23,87985,2025072303015661,SAPDBL,Naasa Securities Co. Ltd.,J.F. Securites (PVT) Ltd.,10,900.0,9000.0,2025-07-23 12:43:22.954263
2025-07-23,87984,2025072303015662,SAPDBL,Sundhara Securities Limited,J.F. Securites (PVT) Ltd.,10,900.0,9000.0,2025-07-23 12:43:22.954447
2025-07-23,87983,2025072303015663,SAPDBL,Kohinoor Investment & Securities Pvt. Ltd.,J.F. Securites (PVT) Ltd.,80,900.0,72000.0,2025-07-23 12:43:22.954521
2025-07-23,87828,2025072303015694,SAPDBL,Kohinoor Investment & Securities Pvt. Ltd.,Sharepro Securities Private Limited,20,900.0,18000.0,2025-07-23 12:43:46.212839
2025-07-23,87827,2025072303015695,SAPDBL,Dakshinkali Investment & Securities Pvt. Ltd.,Sharepro Securities Private Limited,30,899.9,26997.0,2025-07-23 12:43:46.213036
2025-07-23,87680,2025072303015724,SAPDBL,Vision Securities Pvt. Ltd,Thrive Brokerage House Pvt. Ltd,10,908.9,9089.0,2025-07-23 12:44:06.161314
2025-07-23,87679,2025072303015725,SAPDBL,Vision Securities Pvt. Ltd,Bhrikuti Stock Broking Co. Pvt. Ltd.,50,909.0,45450.0,2025-07-23 12:44:06.161567
2025-07-23,87530,2025072303015763,SAPDBL,Naasa Securities Co. Ltd.,Kumari Securities Private Limited,500,910.0,455000.0,2025-07-23 12:44:28.672473
2025-07-23,87190,2025072303015841,SAPDBL,Dipshikha Dhitopatra Karobar Co. Pvt Ltd.,Pragyan Securities (PVT) Ltd.,30,900.0,27000.0,2025-07-23 12:45:08.810614
2025-07-23,86970,2025072303015901,SAPDBL,Online Securities Pvt. Ltd.,Pragyan Securities (PVT) Ltd.,100,900.0,90000.0,2025-07-23 12:45:35.253562
2025-07-23,86893,2025072303015926,SAPDBL,ABC Securities Private Limited,Pragyan Securities (PVT) Ltd.,10,900.0,9000.0,2025-07-23 12:45:45.114191
2025-07-23,86707,2025072303015972,SAPDBL,Online Securities Pvt. Ltd.,Pragyan Securities (PVT) Ltd.,60,900.0,54000.0,2025-07-23 12:46:11.231354
2025-07-23,84448,2025072303016360,SAPDBL,Trishakti Securities Public Limited,Naasa Securities Co. Ltd.,10,902.0,9020.0,2025-07-23 12:50:28.970558
2025-07-23,84244,2025072303016413,SAPDBL,Online Securities Pvt. Ltd.,Naasa Securities Co. Ltd.,35,902.0,31570.0,2025-07-23 12:50:52.430422
2025-07-23,83008,2025072303016574,SAPDBL,Sani Securities Company Ltd.,Pragyan Securities (PVT) Ltd.,20,901.0,18020.0,2025-07-23 12:53:16.384702
2025-07-23,82924,2025072303016604,SAPDBL,Nepal Stock House (PVT) Ltd.,Hatemalo Financial Services Private Limited,21,900.0,18900.0,2025-07-23 12:53:30.762082
2025-07-23,82923,2025072303016605,SAPDBL,Opal Securities Investment (PVT) Ltd.,Hatemalo Financial Services Private Limited,11,900.0,9900.0,2025-07-23 12:53:30.762486
2025-07-23,82922,2025072303016606,SAPDBL,Cristal Kanchanjanga Securites Pvt. Ltd.,Hatemalo Financial Services Private Limited,20,900.0,18000.0,2025-07-23 12:53:30.762743
2025-07-23,82921,2025072303016607,SAPDBL,Sani Securities Company Ltd.,Hatemalo Financial Services Private Limited,50,900.0,45000.0,2025-07-23 12:53:30.763077
2025-07-23,82920,2025072303016608,SAPDBL,Dakshinkali Investment & Securities Pvt. Ltd.,Hatemalo Financial Services Private Limited,15,899.9,13498.5,2025-07-23 12:53:30.763365
2025-07-23,82919,2025072303016609,SAPDBL,Naasa Securities Co. Ltd.,Hatemalo Financial Services Private Limited,15,899.9,13498.5,2025-07-23 12:53:30.763675
2025-07-23,82918,2025072303016610,SAPDBL,Naasa Securities Co. Ltd.,Hatemalo Financial Services Private Limited,200,895.0,179000.0,2025-07-23 12:53:30.763929
2025-07-23,82805,2025072303016624,SAPDBL,Agrawal Securities (PVT) Ltd.,Hatemalo Financial Services Private Limited,20,895.0,17900.0,2025-07-23 12:53:47.210900
2025-07-23,82554,2025072303016649,SAPDBL,SUN SECURITIES PVT LTD,Hatemalo Financial Services Private Limited,10,894.0,8940.0,2025-07-23 12:54:12.176006
2025-07-23,82553,2025072303016650,SAPDBL,Bhrikuti Stock Broking Co. Pvt. Ltd.,Hatemalo Financial Services Private Limited,50,894.0,44700.0,2025-07-23 12:54:12.176227
2025-07-23,82552,2025072303016651,SAPDBL,Neev Securities Pvt. Ltd.,Hatemalo Financial Services Private Limited,50,894.0,44700.0,2025-07-23 12:54:12.176318
2025-07-23,82551,2025072303016652,SAPDBL,Agrawal Securities (PVT) Ltd.,Hatemalo Financial Services Private Limited,88,893.0,78584.0,2025-07-23 12:54:12.176406
2025-07-23,81236,2025072303016941,SAPDBL,Kohinoor Investment & Securities Pvt. Ltd.,Primo Securities (PVT) Ltd.,63,896.0,56448.0,2025-07-23 12:57:17.933420
2025-07-23,81194,2025072303016952,SAPDBL,Online Securities Pvt. Ltd.,Online Securities Pvt. Ltd.,11,900.0,9900.0,2025-07-23 12:57:22.116328
2025-07-23,81174,2025072303016954,SAPDBL,Indira securities pvt. ltd,Sweta Securities Private Limited,33,900.0,29700.0,2025-07-23 12:57:23.288463
2025-07-23,81096,2025072303016975,SAPDBL,Naasa Securities Co. Ltd.,Sweta Securities Private Limited,11,900.0,9900.0,2025-07-23 12:57:37.442769
2025-07-23,80862,2025072303017017,SAPDBL,Asian Securities Private Ltd.,Sweta Securities Private Limited,100,900.0,90000.0,2025-07-23 12:58:04.660585
2025-07-23,80720,2025072303017053,SAPDBL,Shree Krishna Securities Ltd.,South Asian Bulls Pvt. Ltd.,100,898.0,89800.0,2025-07-23 12:58:25.525040
2025-07-23,80459,2025072303017117,SAPDBL,J.F. Securites (PVT) Ltd.,Sweta Securities Private Limited,10,900.0,9000.0,2025-07-23 12:58:58.188797
2025-07-23,80390,2025072303017123,SAPDBL,Shree Krishna Securities Ltd.,South Asian Bulls Pvt. Ltd.,10,898.0,8980.0,2025-07-23 12:59:10.492593
2025-07-23,80007,2025072303017176,SAPDBL,Deevyaa Securities & Stock House Pvt. Ltd,Bhrikuti Stock Broking Co. Pvt. Ltd.,10,898.1,8981.0,2025-07-23 12:59:53.376075
2025-07-23,79865,2025072303017196,SAPDBL,J.F. Securites (PVT) Ltd.,Naasa Securities Co. Ltd.,14,899.9,12598.6,2025-07-23 13:00:18.917336
2025-07-23,79717,2025072303017243,SAPDBL,Deevyaa Securities & Stock House Pvt. Ltd,Sweta Securities Private Limited,126,900.0,113400.0,2025-07-23 13:00:38.560745
2025-07-23,79716,2025072303017244,SAPDBL,Deevyaa Securities & Stock House Pvt. Ltd,Sumeru Securities Pvt. Ltd.,74,900.0,66600.0,2025-07-23 13:00:38.561273
2025-07-23,79470,2025072303017301,SAPDBL,Dipshikha Dhitopatra Karobar Co. Pvt Ltd.,Sumeru Securities Pvt. Ltd.,196,900.0,176400.0,2025-07-23 13:01:17.357075
2025-07-23,79469,2025072303017302,SAPDBL,Dipshikha Dhitopatra Karobar Co. Pvt Ltd.,South Asian Bulls Pvt. Ltd.,90,900.0,81000.0,2025-07-23 13:01:17.357319
2025-07-23,79468,2025072303017303,SAPDBL,Dipshikha Dhitopatra Karobar Co. Pvt Ltd.,Primo Securities (PVT) Ltd.,10,900.0,9000.0,2025-07-23 13:01:17.357448
2025-07-23,78805,2025072303017385,SAPDBL,SHUBHAKAMANA SECURITIES PVT. LTD,Pragyan Securities (PVT) Ltd.,60,901.0,54060.0,2025-07-23 13:02:38.266439
2025-07-23,77574,2025072303017626,SAPDBL,J.F. Securites (PVT) Ltd.,Neev Securities Pvt. Ltd.,50,899.0,44950.0,2025-07-23 13:05:14.730831
2025-07-23,77573,2025072303017627,SAPDBL,Agrawal Securities (PVT) Ltd.,Neev Securities Pvt. Ltd.,100,899.0,89900.0,2025-07-23 13:05:14.731100
2025-07-23,77496,2025072303017640,SAPDBL,Dynamic Money Managers Securities Pvt. Ltd.,Pragyan Securities (PVT) Ltd.,20,901.0,18020.0,2025-07-23 13:05:23.840887
2025-07-23,77495,2025072303017641,SAPDBL,Dynamic Money Managers Securities Pvt. Ltd.,Naasa Securities Co. Ltd.,80,901.0,72080.0,2025-07-23 13:05:23.841444
2025-07-23,77331,2025072303017704,SAPDBL,Deevyaa Securities & Stock House Pvt. Ltd,Sani Securities Company Ltd.,20,898.1,17962.0,2025-07-23 13:05:40.748705
2025-07-23,77330,2025072303017705,SAPDBL,Trishakti Securities Public Limited,Sani Securities Company Ltd.,400,898.0,359200.0,2025-07-23 13:05:40.749163
2025-07-23,76965,2025072303017765,SAPDBL,Deevyaa Securities & Stock House Pvt. Ltd,Agrawal Securities (PVT) Ltd.,50,897.0,44850.0,2025-07-23 13:06:23.239093
2025-07-23,76964,2025072303017766,SAPDBL,Imperial Securities Company Pvt. Ltd.,Agrawal Securities (PVT) Ltd.,100,896.5,89650.0,2025-07-23 13:06:23.239169
2025-07-23,76445,2025072303017853,SAPDBL,Online Securities Pvt. Ltd.,Aakashbhairab Securities Ltd.,10,900.0,9000.0,2025-07-23 13:07:20.539963
2025-07-23,75837,2025072303017998,SAPDBL,Shree Krishna Securities Ltd.,Aryatara Investment & Securities,100,899.0,89900.0,2025-07-23 13:08:29.180124
2025-07-23,75563,2025072303018052,SAPDBL,Imperial Securities Company Pvt. Ltd.,Shree Krishna Securities Ltd.,100,896.5,89650.0,2025-07-23 13:09:08.873551
2025-07-23,75562,2025072303018053,SAPDBL,Agrawal Securities (PVT) Ltd.,Shree Krishna Securities Ltd.,100,896.5,89650.0,2025-07-23 13:09:08.873798
2025-07-23,75435,2025072303018083,SAPDBL,Naasa Securities Co. Ltd.,Oxford Securities Pvt. Ltd.,27,899.0,24273.0,2025-07-23 13:09:23.641808
2025-07-23,75152,2025072303018148,SAPDBL,Kohinoor Investment & Securities Pvt. Ltd.,Shree Krishna Securities Ltd.,25,896.0,22400.0,2025-07-23 13:09:49.940432
2025-07-23,75151,2025072303018149,SAPDBL,Vision Securities Pvt. Ltd,Shree Krishna Securities Ltd.,25,895.0,22375.0,2025-07-23 13:09:49.940676
2025-07-23,74996,2025072303018179,SAPDBL,Vision Securities Pvt. Ltd,Premier Securities Company Ltd.,175,895.0,156625.0,2025-07-23 13:10:08.210941
2025-07-23,74995,2025072303018180,SAPDBL,Naasa Securities Co. Ltd.,Premier Securities Company Ltd.,10,895.0,8950.0,2025-07-23 13:10:08.211002
2025-07-23,74994,2025072303018181,SAPDBL,Online Securities Pvt. Ltd.,Premier Securities Company Ltd.,110,894.2,98362.0,2025-07-23 13:10:08.211046
2025-07-23,74993,2025072303018182,SAPDBL,Online Securities Pvt. Ltd.,Premier Securities Company Ltd.,10,894.0,8940.0,2025-07-23 13:10:08.211071
2025-07-23,74992,2025072303018183,SAPDBL,Naasa Securities Co. Ltd.,Premier Securities Company Ltd.,10,894.0,8940.0,2025-07-23 13:10:08.211095
2025-07-23,74991,2025072303018184,SAPDBL,Sani Securities Company Ltd.,Premier Securities Company Ltd.,22,894.0,19668.0,2025-07-23 13:10:08.211124
2025-07-23,74990,2025072303018185,SAPDBL,Sewa Securities Pvt. Ltd.,Premier Securities Company Ltd.,10,894.0,8940.0,2025-07-23 13:10:08.211149
2025-07-23,74989,2025072303018186,SAPDBL,Neev Securities Pvt. Ltd.,Premier Securities Company Ltd.,50,894.0,44700.0,2025-07-23 13:10:08.211213
2025-07-23,74988,2025072303018187,SAPDBL,Linch Stock Market Ltd.,Premier Securities Company Ltd.,400,893.1,357240.0,2025-07-23 13:10:08.211247
2025-07-23,74987,2025072303018188,SAPDBL,Agrawal Securities (PVT) Ltd.,Premier Securities Company Ltd.,12,893.0,10716.0,2025-07-23 13:10:08.211272
2025-07-23,74986,2025072303018189,SAPDBL,Sundhara Securities Limited,Premier Securities Company Ltd.,15,893.0,13395.0,2025-07-23 13:10:08.211297
2025-07-23,74985,2025072303018190,SAPDBL,ABC Securities Private Limited,Premier Securities Company Ltd.,20,893.0,17860.0,2025-07-23 13:10:08.211325
2025-07-23,74984,2025072303018191,SAPDBL,J.F. Securites (PVT) Ltd.,Premier Securities Company Ltd.,50,892.0,44600.0,2025-07-23 13:10:08.211350
2025-07-23,74983,2025072303018192,SAPDBL,Aryatara Investment & Securities,Premier Securities Company Ltd.,50,891.0,44550.0,2025-07-23 13:10:08.211378
2025-07-23,74982,2025072303018193,SAPDBL,Midas Stock Broking Company Private Limited,Premier Securities Company Ltd.,100,891.0,89100.0,2025-07-23 13:10:08.211405
2025-07-23,74981,2025072303018194,SAPDBL,Shree Krishna Securities Ltd.,Premier Securities Company Ltd.,100,891.0,89100.0,2025-07-23 13:10:08.211429
2025-07-23,74980,2025072303018195,SAPDBL,Primo Securities (PVT) Ltd.,Premier Securities Company Ltd.,10,890.0,8900.0,2025-07-23 13:10:08.211454
2025-07-23,74979,2025072303018196,SAPDBL,Cristal Kanchanjanga Securites Pvt. Ltd.,Premier Securities Company Ltd.,20,890.0,17800.0,2025-07-23 13:10:08.211479
2025-07-23,74978,2025072303018197,SAPDBL,Naasa Securities Co. Ltd.,Premier Securities Company Ltd.,50,890.0,44500.0,2025-07-23 13:10:08.211502
2025-07-23,74977,2025072303018198,SAPDBL,Sani Securities Company Ltd.,Premier Securities Company Ltd.,100,890.0,89000.0,2025-07-23 13:10:08.211525
2025-07-23,74976,2025072303018199,SAPDBL,Online Securities Pvt. Ltd.,Premier Securities Company Ltd.,10,890.0,8900.0,2025-07-23 13:10:08.211547
2025-07-23,74975,2025072303018200,SAPDBL,Trishakti Securities Public Limited,Premier Securities Company Ltd.,20,890.0,17800.0,2025-07-23 13:10:08.211570
2025-07-23,74974,2025072303018201,SAPDBL,Deevyaa Securities & Stock House Pvt. Ltd,Premier Securities Company Ltd.,43,890.0,38270.0,2025-07-23 13:10:08.211594
2025-07-23,74973,2025072303018202,SAPDBL,Primo Securities (PVT) Ltd.,Premier Securities Company Ltd.,30,890.0,26700.0,2025-07-23 13:10:08.211618
2025-07-23,74972,2025072303018203,SAPDBL,Shree Krishna Securities Ltd.,Premier Securities Company Ltd.,20,890.0,17800.0,2025-07-23 13:10:08.211641
2025-07-23,74971,2025072303018204,SAPDBL,Kohinoor Investment & Securities Pvt. Ltd.,Premier Securities Company Ltd.,52,890.0,46280.0,2025-07-23 13:10:08.211665
2025-07-23,74970,2025072303018205,SAPDBL,South Asian Bulls Pvt. Ltd.,Premier Securities Company Ltd.,120,890.0,106800.0,2025-07-23 13:10:08.211688
2025-07-23,74969,2025072303018206,SAPDBL,Sani Securities Company Ltd.,Premier Securities Company Ltd.,10,890.0,8900.0,2025-07-23 13:10:08.211711
2025-07-23,74968,2025072303018207,SAPDBL,Sani Securities Company Ltd.,Premier Securities Company Ltd.,70,890.0,62300.0,2025-07-23 13:10:08.211734
2025-07-23,74967,2025072303018208,SAPDBL,Sundhara Securities Limited,Premier Securities Company Ltd.,50,890.0,44500.0,2025-07-23 13:10:08.211756
2025-07-23,74966,2025072303018209,SAPDBL,Midas Stock Broking Company Private Limited,Premier Securities Company Ltd.,28,885.1,24782.8,2025-07-23 13:10:08.211792
2025-07-23,74965,2025072303018210,SAPDBL,Deevyaa Securities & Stock House Pvt. Ltd,Premier Securities Company Ltd.,100,885.0,88500.0,2025-07-23 13:10:08.211857
2025-07-23,74964,2025072303018211,SAPDBL,Bhrikuti Stock Broking Co. Pvt. Ltd.,Premier Securities Company Ltd.,80,885.0,70800.0,2025-07-23 13:10:08.211888
2025-07-23,74963,2025072303018212,SAPDBL,Shree Krishna Securities Ltd.,Premier Securities Company Ltd.,100,885.0,88500.0,2025-07-23 13:10:08.211920
2025-07-23,74962,2025072303018213,SAPDBL,Nepal Investment And Securities Trading Private Limited,Premier Securities Company Ltd.,50,885.0,44250.0,2025-07-23 13:10:08.211953
2025-07-23,74961,2025072303018214,SAPDBL,ABC Securities Private Limited,Premier Securities Company Ltd.,100,885.0,88500.0,2025-07-23 13:10:08.211977
2025-07-23,74960,2025072303018215,SAPDBL,Sani Securities Company Ltd.,Premier Securities Company Ltd.,145,885.0,128325.0,2025-07-23 13:10:08.212036
2025-07-23,74959,2025072303018216,SAPDBL,Dipshikha Dhitopatra Karobar Co. Pvt Ltd.,Premier Securities Company Ltd.,50,885.0,44250.0,2025-07-23 13:10:08.212069
2025-07-23,74958,2025072303018217,SAPDBL,Trisul Securities & Invt. Ltd.,Premier Securities Company Ltd.,140,885.0,123900.0,2025-07-23 13:10:08.212135
2025-07-23,74957,2025072303018218,SAPDBL,Dipshikha Dhitopatra Karobar Co. Pvt Ltd.,Premier Securities Company Ltd.,268,885.0,237180.0,2025-07-23 13:10:08.212172
2025-07-23,74950,2025072303018222,SAPDBL,Naasa Securities Co. Ltd.,Online Securities Pvt. Ltd.,10,896.0,8960.0,2025-07-23 13:10:10.389013
2025-07-23,74798,2025072303018265,SAPDBL,Trishakti Securities Public Limited,Naasa Securities Co. Ltd.,25,896.0,22400.0,2025-07-23 13:10:37.074298
2025-07-23,74797,2025072303018266,SAPDBL,Vision Securities Pvt. Ltd,Naasa Securities Co. Ltd.,100,886.0,88600.0,2025-07-23 13:10:37.074509
2025-07-23,74796,2025072303018267,SAPDBL,Dipshikha Dhitopatra Karobar Co. Pvt Ltd.,Naasa Securities Co. Ltd.,232,885.0,205320.0,2025-07-23 13:10:37.074601
2025-07-23,74795,2025072303018268,SAPDBL,Sweta Securities Private Limited,Naasa Securities Co. Ltd.,43,884.0,38012.0,2025-07-23 13:10:37.074688
2025-07-23,74633,2025072303018290,SAPDBL,Naasa Securities Co. Ltd.,Agrawal Securities (PVT) Ltd.,220,884.0,194480.0,2025-07-23 13:10:59.943354
2025-07-23,74632,2025072303018291,SAPDBL,Sani Securities Company Ltd.,Agrawal Securities (PVT) Ltd.,280,884.0,247520.0,2025-07-23 13:10:59.943605
2025-07-23,74526,2025072303018303,SAPDBL,Online Securities Pvt. Ltd.,Sewa Securities Pvt. Ltd.,10,886.0,8860.0,2025-07-23 13:11:13.678423
2025-07-23,74525,2025072303018304,SAPDBL,Asian Securities Private Ltd.,Sewa Securities Pvt. Ltd.,35,885.0,30975.0,2025-07-23 13:11:13.678818
2025-07-23,74522,2025072303018305,SAPDBL,Asian Securities Private Ltd.,Naasa Securities Co. Ltd.,65,885.0,57525.0,2025-07-23 13:11:14.483777
2025-07-23,74521,2025072303018306,SAPDBL,Sani Securities Company Ltd.,Naasa Securities Co. Ltd.,143,884.0,126412.0,2025-07-23 13:11:14.484200
2025-07-23,74520,2025072303018307,SAPDBL,Agrawal Securities (PVT) Ltd.,Naasa Securities Co. Ltd.,120,883.0,105960.0,2025-07-23 13:11:14.484446
2025-07-23,74519,2025072303018308,SAPDBL,Trishakti Securities Public Limited,Naasa Securities Co. Ltd.,100,883.0,88300.0,2025-07-23 13:11:14.484678
2025-07-23,74518,2025072303018309,SAPDBL,Arun Securities (PVT) Ltd.,Naasa Securities Co. Ltd.,50,883.0,44150.0,2025-07-23 13:11:14.484910
2025-07-23,74335,2025072303018351,SAPDBL,Vision Securities Pvt. Ltd,Naasa Securities Co. Ltd.,22,883.0,19426.0,2025-07-23 13:11:40.612978
2025-07-23,74057,2025072303018407,SAPDBL,Sani Securities Company Ltd.,Naasa Securities Co. Ltd.,100,885.1,88510.0,2025-07-23 13:12:12.748126
2025-07-23,74056,2025072303018408,SAPDBL,ABC Securities Private Limited,Naasa Securities Co. Ltd.,10,884.0,8840.0,2025-07-23 13:12:12.748331
2025-07-23,74055,2025072303018409,SAPDBL,Shree Krishna Securities Ltd.,Naasa Securities Co. Ltd.,30,884.0,26520.0,2025-07-23 13:12:12.748417
2025-07-23,74054,2025072303018410,SAPDBL,Vision Securities Pvt. Ltd,Naasa Securities Co. Ltd.,78,883.0,68874.0,2025-07-23 13:12:12.748496
2025-07-23,74053,2025072303018411,SAPDBL,Capital Max Securities Ltd,Naasa Securities Co. Ltd.,10,883.0,8830.0,2025-07-23 13:12:12.748576
2025-07-23,74052,2025072303018412,SAPDBL,Sewa Securities Pvt. Ltd.,Naasa Securities Co. Ltd.,22,883.0,19426.0,2025-07-23 13:12:12.748651
2025-07-23,74051,2025072303018413,SAPDBL,Linch Stock Market Ltd.,Naasa Securities Co. Ltd.,250,882.5,220625.0,2025-07-23 13:12:12.748730
2025-07-23,73077,2025072303018638,SAPDBL,Imperial Securities Company Pvt. Ltd.,Sani Securities Company Ltd.,100,886.0,88600.0,2025-07-23 13:14:00.686001
2025-07-23,72914,2025072303018691,SAPDBL,Imperial Securities Company Pvt. Ltd.,Naasa Securities Co. Ltd.,10,886.0,8860.0,2025-07-23 13:14:16.003955
2025-07-23,72376,2025072303018849,SAPDBL,Midas Stock Broking Company Private Limited,Primo Securities (PVT) Ltd.,10,887.0,8870.0,2025-07-23 13:15:23.890630
2025-07-23,72375,2025072303018850,SAPDBL,Asian Securities Private Ltd.,Primo Securities (PVT) Ltd.,10,886.0,8860.0,2025-07-23 13:15:23.890869
2025-07-23,72374,2025072303018851,SAPDBL,Imperial Securities Company Pvt. Ltd.,Primo Securities (PVT) Ltd.,43,886.0,38098.0,2025-07-23 13:15:23.890965
2025-07-23,71573,2025072303019030,SAPDBL,Online Securities Pvt. Ltd.,Online Securities Pvt. Ltd.,21,886.5,18616.5,2025-07-23 13:16:47.377366
2025-07-23,71251,2025072303019112,SAPDBL,Cristal Kanchanjanga Securites Pvt. Ltd.,Online Securities Pvt. Ltd.,50,886.5,44325.0,2025-07-23 13:17:29.507231
2025-07-23,70967,2025072303019182,SAPDBL,Oxford Securities Pvt. Ltd.,Premier Securities Company Ltd.,20,886.7,17734.0,2025-07-23 13:18:03.549016
2025-07-23,70497,2025072303019288,SAPDBL,Online Securities Pvt. Ltd.,Malla & Malla Stock Broking Company Pvt. Limited,10,894.9,8949.0,2025-07-23 13:18:56.121440
2025-07-23,70361,2025072303019322,SAPDBL,Kohinoor Investment & Securities Pvt. Ltd.,Sani Securities Company Ltd.,110,887.0,97570.0,2025-07-23 13:19:17.683358
2025-07-23,70360,2025072303019323,SAPDBL,Dakshinkali Investment & Securities Pvt. Ltd.,Sani Securities Company Ltd.,30,887.0,26610.0,2025-07-23 13:19:17.683636
2025-07-23,70359,2025072303019324,SAPDBL,Naasa Securities Co. Ltd.,Sani Securities Company Ltd.,130,887.0,115310.0,2025-07-23 13:19:17.683753
2025-07-23,70292,2025072303019345,SAPDBL,Online Securities Pvt. Ltd.,Malla & Malla Stock Broking Company Pvt. Limited,10,894.9,8949.0,2025-07-23 13:19:31.826532
2025-07-23,69871,2025072303019450,SAPDBL,Kohinoor Investment & Securities Pvt. Ltd.,Malla & Malla Stock Broking Company Pvt. Limited,55,894.9,49219.5,2025-07-23 13:20:21.485689
2025-07-23,69697,2025072303019499,SAPDBL,Vision Securities Pvt. Ltd,Sani Securities Company Ltd.,20,887.0,17740.0,2025-07-23 13:20:43.222653
2025-07-23,69696,2025072303019500,SAPDBL,Nepal Stock House (PVT) Ltd.,Sani Securities Company Ltd.,30,887.0,26610.0,2025-07-23 13:20:43.223167
2025-07-23,69516,2025072303019527,SAPDBL,Cristal Kanchanjanga Securites Pvt. Ltd.,Secured Securities Ltd.,150,887.0,133050.0,2025-07-23 13:21:02.466584
2025-07-23,69465,2025072303019547,SAPDBL,Online Securities Pvt. Ltd.,Vision Securities Pvt. Ltd,10,893.0,8930.0,2025-07-23 13:21:08.168246
2025-07-23,69144,2025072303019627,SAPDBL,Dakshinkali Investment & Securities Pvt. Ltd.,Roadshow securities limited,25,887.2,22180.0,2025-07-23 13:21:56.076288
2025-07-23,69143,2025072303019628,SAPDBL,Online Securities Pvt. Ltd.,Roadshow securities limited,75,887.1,66532.5,2025-07-23 13:21:56.076546
2025-07-23,68987,2025072303019676,SAPDBL,Online Securities Pvt. Ltd.,Sani Securities Company Ltd.,25,887.1,22177.5,2025-07-23 13:22:13.006495
2025-07-23,68792,2025072303019726,SAPDBL,Cristal Kanchanjanga Securites Pvt. Ltd.,Sani Securities Company Ltd.,25,887.0,22175.0,2025-07-23 13:22:37.216420
2025-07-23,68791,2025072303019727,SAPDBL,Neev Securities Pvt. Ltd.,Sani Securities Company Ltd.,10,887.0,8870.0,2025-07-23 13:22:37.216670
2025-07-23,66913,2025072303020219,SAPDBL,Deevyaa Securities & Stock House Pvt. Ltd,Sani Securities Company Ltd.,20,887.0,17740.0,2025-07-23 13:26:41.512588
2025-07-23,66912,2025072303020220,SAPDBL,Linch Stock Market Ltd.,Sani Securities Company Ltd.,40,887.0,35480.0,2025-07-23 13:26:41.512871
2025-07-23,66911,2025072303020221,SAPDBL,Primo Securities (PVT) Ltd.,Sani Securities Company Ltd.,50,887.0,44350.0,2025-07-23 13:26:41.512992
2025-07-23,66522,2025072303020308,SAPDBL,Vision Securities Pvt. Ltd,Vision Securities Pvt. Ltd,10,886.6,8866.0,2025-07-23 13:27:37.424454
2025-07-23,66487,2025072303020327,SAPDBL,Himalayan Brokerage Company Limited,Aakashbhairab Securities Ltd.,30,886.6,26598.0,2025-07-23 13:27:43.205236
2025-07-23,66486,2025072303020328,SAPDBL,Shree Krishna Securities Ltd.,Aakashbhairab Securities Ltd.,170,886.4,150688.0,2025-07-23 13:27:43.205816
2025-07-23,66147,2025072303020407,SAPDBL,Secured Securities Ltd.,Trishakti Securities Public Limited,10,890.0,8900.0,2025-07-23 13:28:30.188771
2025-07-23,65658,2025072303020577,SAPDBL,Agrawal Securities (PVT) Ltd.,Naasa Securities Co. Ltd.,40,890.0,35600.0,2025-07-23 13:29:29.651417
2025-07-23,65657,2025072303020578,SAPDBL,Agrawal Securities (PVT) Ltd.,Citizens Share Broker Limited,60,890.0,53400.0,2025-07-23 13:29:29.652007
2025-07-23,65484,2025072303020640,SAPDBL,Primo Securities (PVT) Ltd.,Sani Securities Company Ltd.,20,888.0,17760.0,2025-07-23 13:29:49.400079
2025-07-23,65422,2025072303020657,SAPDBL,Secured Securities Ltd.,Citizens Share Broker Limited,28,890.0,24920.0,2025-07-23 13:29:57.114429
2025-07-23,65307,2025072303020679,SAPDBL,Cristal Kanchanjanga Securites Pvt. Ltd.,Aryatara Investment & Securities,100,888.0,88800.0,2025-07-23 13:30:11.500335
2025-07-23,65276,2025072303020687,SAPDBL,Sri Hari Securities Pvt. Ltd.,Sani Securities Company Ltd.,55,888.0,48840.0,2025-07-23 13:30:13.018869
2025-07-23,65219,2025072303020697,SAPDBL,Imperial Securities Company Pvt. Ltd.,Sani Securities Company Ltd.,10,888.0,8880.0,2025-07-23 13:30:19.808006
