Date,S.N.,Contract ID,Symbol,Buyer Broker,Seller Broker,volume,rate,amount,transaction_time
2025-08-12,78223,2025081205000001,CIT,Beni Securities Pvt.Ltd.,Trisul Securities & Invt. Ltd.,10,1970.0,19700.0,2025-08-12 10:46:00.007352
2025-08-12,77597,2025081205000398,CIT,Online Securities Pvt. Ltd.,Sri Hari Securities Pvt. Ltd.,16,1955.0,31280.0,2025-08-12 11:02:39.091435
2025-08-12,76877,2025081205000774,CIT,Sani Securities Company Ltd.,Opal Securities Investment (PVT) Ltd.,10,1970.0,19700.0,2025-08-12 11:05:20.568309
2025-08-12,76432,2025081205000936,CIT,Naasa Securities Co. Ltd.,Opal Securities Investment (PVT) Ltd.,10,1970.0,19700.0,2025-08-12 11:07:17.226186
2025-08-12,76431,2025081205000937,CIT,Naasa Securities Co. Ltd.,Online Securities Pvt. Ltd.,12,1970.0,23640.0,2025-08-12 11:07:17.226368
2025-08-12,76127,2025081205001031,CIT,Beni Securities Pvt.Ltd.,Online Securities Pvt. Ltd.,10,1975.0,19750.0,2025-08-12 11:08:24.276697
2025-08-12,76064,2025081205001059,CIT,Online Securities Pvt. Ltd.,Trishakti Securities Public Limited,39,1955.0,76245.0,2025-08-12 11:08:41.738163
2025-08-12,76063,2025081205001060,CIT,Asian Securities Private Ltd.,Trishakti Securities Public Limited,11,1951.0,21461.0,2025-08-12 11:08:41.738211
2025-08-12,75438,2025081205001339,CIT,Beni Securities Pvt.Ltd.,Online Securities Pvt. Ltd.,10,1975.0,19750.0,2025-08-12 11:10:53.641003
2025-08-12,75056,2025081205001472,CIT,Linch Stock Market Ltd.,Secured Securities Ltd.,10,1973.0,19730.0,2025-08-12 11:12:21.350754
2025-08-12,75055,2025081205001473,CIT,Linch Stock Market Ltd.,SHUBHAKAMANA SECURITIES PVT. LTD,15,1974.0,29610.0,2025-08-12 11:12:21.350859
2025-08-12,73821,2025081205001856,CIT,Sani Securities Company Ltd.,Dipshikha Dhitopatra Karobar Co. Pvt Ltd.,13,1970.0,25610.0,2025-08-12 11:17:08.923616
2025-08-12,73673,2025081205001908,CIT,Nepal Stock House (PVT) Ltd.,Premier Securities Company Ltd.,10,1973.0,19730.0,2025-08-12 11:17:38.178347
2025-08-12,73640,2025081205001919,CIT,Sani Securities Company Ltd.,Vision Securities Pvt. Ltd,17,1972.0,33524.0,2025-08-12 11:17:44.978748
2025-08-12,73429,2025081205001988,CIT,Blue Chip Securities Ltd,Dipshikha Dhitopatra Karobar Co. Pvt Ltd.,19,1951.1,37070.9,2025-08-12 11:18:33.613505
2025-08-12,73249,2025081205002053,CIT,Beni Securities Pvt.Ltd.,Trishakti Securities Public Limited,10,1973.0,19730.0,2025-08-12 11:19:07.828212
2025-08-12,73072,2025081205002129,CIT,Sani Securities Company Ltd.,South Asian Bulls Pvt. Ltd.,60,1970.0,118200.0,2025-08-12 11:19:34.719535
2025-08-12,69376,2025081205003386,CIT,Imperial Securities Company Pvt. Ltd.,Sweta Securities Private Limited,10,1952.2,19522.0,2025-08-12 11:29:19.626714
2025-08-12,69375,2025081205003387,CIT,Blue Chip Securities Ltd,Sweta Securities Private Limited,60,1952.1,117126.0,2025-08-12 11:29:19.626767
2025-08-12,68616,2025081205003655,CIT,J.F. Securites (PVT) Ltd.,Vision Securities Pvt. Ltd,10,1952.2,19522.0,2025-08-12 11:31:13.290890
2025-08-12,68615,2025081205003656,CIT,Blue Chip Securities Ltd,Vision Securities Pvt. Ltd,21,1952.1,40994.1,2025-08-12 11:31:13.291027
2025-08-12,68614,2025081205003657,CIT,Sani Securities Company Ltd.,Vision Securities Pvt. Ltd,50,1952.0,97600.0,2025-08-12 11:31:13.291097
2025-08-12,68613,2025081205003658,CIT,Dipshikha Dhitopatra Karobar Co. Pvt Ltd.,Vision Securities Pvt. Ltd,180,1951.0,351180.0,2025-08-12 11:31:13.291152
2025-08-12,68612,2025081205003659,CIT,Online Securities Pvt. Ltd.,Vision Securities Pvt. Ltd,30,1950.1,58503.0,2025-08-12 11:31:13.291203
2025-08-12,68611,2025081205003660,CIT,Linch Stock Market Ltd.,Vision Securities Pvt. Ltd,100,1950.0,195000.0,2025-08-12 11:31:13.291261
2025-08-12,68610,2025081205003661,CIT,Online Securities Pvt. Ltd.,Vision Securities Pvt. Ltd,40,1950.0,78000.0,2025-08-12 11:31:13.291322
2025-08-12,68609,2025081205003662,CIT,Aryatara Investment & Securities,Vision Securities Pvt. Ltd,40,1950.0,78000.0,2025-08-12 11:31:13.291387
2025-08-12,68608,2025081205003663,CIT,Cristal Kanchanjanga Securites Pvt. Ltd.,Vision Securities Pvt. Ltd,10,1950.0,19500.0,2025-08-12 11:31:13.291452
2025-08-12,68607,2025081205003664,CIT,ABC Securities Private Limited,Vision Securities Pvt. Ltd,10,1950.0,19500.0,2025-08-12 11:31:13.291526
2025-08-12,68260,2025081205003781,CIT,Beni Securities Pvt.Ltd.,Siprabi Securities Pvt. Ltd.,10,1968.9,19689.0,2025-08-12 11:32:10.732491
2025-08-12,68237,2025081205003786,CIT,Naasa Securities Co. Ltd.,Vision Securities Pvt. Ltd,9,1945.0,17505.0,2025-08-12 11:32:13.841495
2025-08-12,66398,2025081205004373,CIT,Sani Securities Company Ltd.,Sani Securities Company Ltd.,100,1955.0,195500.0,2025-08-12 11:37:16.491013
2025-08-12,66397,2025081205004374,CIT,Dipshikha Dhitopatra Karobar Co. Pvt Ltd.,Sani Securities Company Ltd.,24,1950.0,46800.0,2025-08-12 11:37:16.491340
2025-08-12,66396,2025081205004375,CIT,Vision Securities Pvt. Ltd,Sani Securities Company Ltd.,100,1950.0,195000.0,2025-08-12 11:37:16.491578
2025-08-12,66395,2025081205004376,CIT,J.F. Securites (PVT) Ltd.,Sani Securities Company Ltd.,20,1950.0,39000.0,2025-08-12 11:37:16.491787
2025-08-12,66394,2025081205004377,CIT,Imperial Securities Company Pvt. Ltd.,Sani Securities Company Ltd.,50,1950.0,97500.0,2025-08-12 11:37:16.492005
2025-08-12,66393,2025081205004378,CIT,Trisul Securities & Invt. Ltd.,Sani Securities Company Ltd.,100,1950.0,195000.0,2025-08-12 11:37:16.492214
2025-08-12,66204,2025081205004464,CIT,Trisul Securities & Invt. Ltd.,Shree Krishna Securities Ltd.,24,1950.0,46800.0,2025-08-12 11:37:48.463879
2025-08-12,66065,2025081205004516,CIT,Trishakti Securities Public Limited,Sani Securities Company Ltd.,100,1950.0,195000.0,2025-08-12 11:38:13.964043
2025-08-12,66064,2025081205004517,CIT,Sewa Securities Pvt. Ltd.,Sani Securities Company Ltd.,10,1950.0,19500.0,2025-08-12 11:38:13.964200
2025-08-12,66013,2025081205004543,CIT,Premier Securities Company Ltd.,Sani Securities Company Ltd.,20,1950.0,39000.0,2025-08-12 11:38:23.393506
2025-08-12,63367,2025081205005540,CIT,Miyo Securities Pvt Ltd,Sundhara Securities Limited,26,1963.0,51038.0,2025-08-12 11:46:06.074333
2025-08-12,63319,2025081205005556,CIT,Dynamic Money Managers Securities Pvt. Ltd.,Naasa Securities Co. Ltd.,10,1950.1,19501.0,2025-08-12 11:46:14.600612
2025-08-12,63117,2025081205005617,CIT,Premier Securities Company Ltd.,South Asian Bulls Pvt. Ltd.,10,1950.0,19500.0,2025-08-12 11:46:49.670681
2025-08-12,63116,2025081205005618,CIT,Vision Securities Pvt. Ltd,South Asian Bulls Pvt. Ltd.,26,1950.0,50700.0,2025-08-12 11:46:49.670885
2025-08-12,62677,2025081205005752,CIT,Midas Stock Broking Company Private Limited,Sani Securities Company Ltd.,50,1950.0,97500.0,2025-08-12 11:47:52.935817
2025-08-12,62624,2025081205005768,CIT,Nepal Investment And Securities Trading Private Limited,Aryatara Investment & Securities,100,1950.0,195000.0,2025-08-12 11:48:04.131748
2025-08-12,62364,2025081205005867,CIT,Sumeru Securities Pvt. Ltd.,Trishakti Securities Public Limited,10,1946.2,19462.0,2025-08-12 11:48:49.823737
2025-08-12,62363,2025081205005868,CIT,Nepal Stock House (PVT) Ltd.,Trishakti Securities Public Limited,15,1946.0,29190.0,2025-08-12 11:48:49.823782
2025-08-12,62362,2025081205005869,CIT,Bhrikuti Stock Broking Co. Pvt. Ltd.,Trishakti Securities Public Limited,20,1946.0,38920.0,2025-08-12 11:48:49.823808
2025-08-12,62361,2025081205005870,CIT,Dipshikha Dhitopatra Karobar Co. Pvt Ltd.,Trishakti Securities Public Limited,42,1946.0,81732.0,2025-08-12 11:48:49.823830
2025-08-12,62360,2025081205005871,CIT,Nepal Stock House (PVT) Ltd.,Trishakti Securities Public Limited,80,1946.0,155680.0,2025-08-12 11:48:49.823870
2025-08-12,62359,2025081205005872,CIT,Creative Securities Pvt Ltd,Trishakti Securities Public Limited,60,1945.0,116700.0,2025-08-12 11:48:49.823896
2025-08-12,62358,2025081205005873,CIT,Imperial Securities Company Pvt. Ltd.,Trishakti Securities Public Limited,30,1945.0,58350.0,2025-08-12 11:48:49.823927
2025-08-12,62357,2025081205005874,CIT,Dynamic Money Managers Securities Pvt. Ltd.,Trishakti Securities Public Limited,30,1945.0,58350.0,2025-08-12 11:48:49.823948
2025-08-12,62356,2025081205005875,CIT,Siprabi Securities Pvt. Ltd.,Trishakti Securities Public Limited,11,1945.0,21395.0,2025-08-12 11:48:49.823971
2025-08-12,62355,2025081205005876,CIT,Imperial Securities Company Pvt. Ltd.,Trishakti Securities Public Limited,50,1945.0,97250.0,2025-08-12 11:48:49.823996
2025-08-12,62354,2025081205005877,CIT,Bhrikuti Stock Broking Co. Pvt. Ltd.,Trishakti Securities Public Limited,50,1945.0,97250.0,2025-08-12 11:48:49.824016
2025-08-12,62353,2025081205005878,CIT,Thrive Brokerage House Pvt. Ltd,Trishakti Securities Public Limited,10,1945.0,19450.0,2025-08-12 11:48:49.824036
2025-08-12,62352,2025081205005879,CIT,Asian Securities Private Ltd.,Trishakti Securities Public Limited,20,1941.0,38820.0,2025-08-12 11:48:49.824058
2025-08-12,62351,2025081205005880,CIT,Sani Securities Company Ltd.,Trishakti Securities Public Limited,20,1941.0,38820.0,2025-08-12 11:48:49.824078
2025-08-12,62350,2025081205005881,CIT,Global IME Securities Limited,Trishakti Securities Public Limited,10,1941.0,19410.0,2025-08-12 11:48:49.824099
2025-08-12,62349,2025081205005882,CIT,Trisul Securities & Invt. Ltd.,Trishakti Securities Public Limited,10,1940.0,19400.0,2025-08-12 11:48:49.824118
2025-08-12,62348,2025081205005883,CIT,Trisul Securities & Invt. Ltd.,Trishakti Securities Public Limited,10,1940.0,19400.0,2025-08-12 11:48:49.824142
2025-08-12,62347,2025081205005884,CIT,Blue Chip Securities Ltd,Trishakti Securities Public Limited,30,1940.0,58200.0,2025-08-12 11:48:49.824164
2025-08-12,62346,2025081205005885,CIT,Premier Securities Company Ltd.,Trishakti Securities Public Limited,100,1940.0,194000.0,2025-08-12 11:48:49.824187
2025-08-12,62345,2025081205005886,CIT,Sani Securities Company Ltd.,Trishakti Securities Public Limited,30,1940.0,58200.0,2025-08-12 11:48:49.824220
2025-08-12,62344,2025081205005887,CIT,Dynamic Money Managers Securities Pvt. Ltd.,Trishakti Securities Public Limited,30,1940.0,58200.0,2025-08-12 11:48:49.824254
2025-08-12,62343,2025081205005888,CIT,Imperial Securities Company Pvt. Ltd.,Trishakti Securities Public Limited,50,1940.0,97000.0,2025-08-12 11:48:49.824278
2025-08-12,62342,2025081205005889,CIT,Agrawal Securities (PVT) Ltd.,Trishakti Securities Public Limited,50,1940.0,97000.0,2025-08-12 11:48:49.824307
2025-08-12,62341,2025081205005890,CIT,Linch Stock Market Ltd.,Trishakti Securities Public Limited,100,1940.0,194000.0,2025-08-12 11:48:49.824347
2025-08-12,62340,2025081205005891,CIT,J.F. Securites (PVT) Ltd.,Trishakti Securities Public Limited,20,1940.0,38800.0,2025-08-12 11:48:49.824386
2025-08-12,62339,2025081205005892,CIT,ABC Securities Private Limited,Trishakti Securities Public Limited,10,1940.0,19400.0,2025-08-12 11:48:49.824410
2025-08-12,62338,2025081205005893,CIT,Kalika Securities Pvt. Ltd.,Trishakti Securities Public Limited,20,1940.0,38800.0,2025-08-12 11:48:49.824430
2025-08-12,62337,2025081205005894,CIT,Sani Securities Company Ltd.,Trishakti Securities Public Limited,10,1940.0,19400.0,2025-08-12 11:48:49.824456
2025-08-12,62336,2025081205005895,CIT,Imperial Securities Company Pvt. Ltd.,Trishakti Securities Public Limited,72,1940.0,139680.0,2025-08-12 11:48:49.824476
2025-08-12,62297,2025081205005912,CIT,Sagarmatha Securities Private Limited,Aryatara Investment & Securities,30,1950.0,58500.0,2025-08-12 11:48:57.115948
2025-08-12,62243,2025081205005930,CIT,Arun Securities (PVT) Ltd.,Aryatara Investment & Securities,20,1950.0,39000.0,2025-08-12 11:49:05.729720
2025-08-12,62004,2025081205006027,CIT,Sunrise Securities Limited,Nepal Stock House (PVT) Ltd.,28,1955.0,54740.0,2025-08-12 11:49:44.741481
2025-08-12,61731,2025081205006165,CIT,Sunrise Securities Limited,Nepal Stock House (PVT) Ltd.,10,1955.0,19550.0,2025-08-12 11:50:35.878443
2025-08-12,61543,2025081205006253,CIT,Arun Securities (PVT) Ltd.,Naasa Securities Co. Ltd.,16,1950.0,31200.0,2025-08-12 11:51:12.705856
2025-08-12,60307,2025081205006617,CIT,ABC Securities Private Limited,Aryatara Investment & Securities,10,1954.9,19549.0,2025-08-12 11:55:29.583741
2025-08-12,59669,2025081205006866,CIT,Primo Securities (PVT) Ltd.,Nepal Stock House (PVT) Ltd.,200,1955.0,391000.0,2025-08-12 11:57:42.142814
2025-08-12,59661,2025081205006872,CIT,Naasa Securities Co. Ltd.,Sani Securities Company Ltd.,2,1950.0,3900.0,2025-08-12 11:57:45.048236
2025-08-12,59452,2025081205006959,CIT,Linch Stock Market Ltd.,Nepal Stock House (PVT) Ltd.,12,1955.0,23460.0,2025-08-12 11:58:22.939901
2025-08-12,58719,2025081205007265,CIT,Sani Securities Company Ltd.,South Asian Bulls Pvt. Ltd.,10,1955.0,19550.0,2025-08-12 12:00:59.433051
2025-08-12,58485,2025081205007377,CIT,Online Securities Pvt. Ltd.,Nepal Stock House (PVT) Ltd.,25,1957.0,48925.0,2025-08-12 12:01:57.656522
2025-08-12,58300,2025081205007449,CIT,Naasa Securities Co. Ltd.,Deevyaa Securities & Stock House Pvt. Ltd,15,1955.0,29325.0,2025-08-12 12:02:37.964420
2025-08-12,57986,2025081205007572,CIT,Naasa Securities Co. Ltd.,Vision Securities Pvt. Ltd,35,1955.0,68425.0,2025-08-12 12:03:39.601069
2025-08-12,57290,2025081205007793,CIT,Primo Securities (PVT) Ltd.,Nepal Stock House (PVT) Ltd.,102,1957.0,199614.0,2025-08-12 12:05:47.252166
2025-08-12,56560,2025081205008073,CIT,Sani Securities Company Ltd.,Aakashbhairab Securities Ltd.,13,1953.0,25389.0,2025-08-12 12:07:54.987843
2025-08-12,56559,2025081205008074,CIT,Naasa Securities Co. Ltd.,Aakashbhairab Securities Ltd.,49,1951.0,95599.0,2025-08-12 12:07:54.987899
2025-08-12,56558,2025081205008075,CIT,Sani Securities Company Ltd.,Aakashbhairab Securities Ltd.,38,1950.9,74134.2,2025-08-12 12:07:54.987977
2025-08-12,56011,2025081205008234,CIT,Cristal Kanchanjanga Securites Pvt. Ltd.,Arun Securities (PVT) Ltd.,10,1951.0,19510.0,2025-08-12 12:09:37.543072
2025-08-12,56010,2025081205008235,CIT,Sani Securities Company Ltd.,Arun Securities (PVT) Ltd.,62,1950.9,120955.8,2025-08-12 12:09:37.543273
2025-08-12,56009,2025081205008236,CIT,Arun Securities (PVT) Ltd.,Arun Securities (PVT) Ltd.,33,1950.0,64350.0,2025-08-12 12:09:37.543360
2025-08-12,55464,2025081205008386,CIT,Arun Securities (PVT) Ltd.,Creative Securities Pvt Ltd,10,1950.0,19500.0,2025-08-12 12:11:01.276737
2025-08-12,55129,2025081205008476,CIT,Linch Stock Market Ltd.,Sani Securities Company Ltd.,50,1950.0,97500.0,2025-08-12 12:12:18.667969
2025-08-12,55128,2025081205008477,CIT,Premier Securities Company Ltd.,Sani Securities Company Ltd.,20,1950.0,39000.0,2025-08-12 12:12:18.668343
2025-08-12,53585,2025081205008997,CIT,Trisul Securities & Invt. Ltd.,Aryatara Investment & Securities,10,1950.0,19500.0,2025-08-12 12:17:53.953461
2025-08-12,52869,2025081205009200,CIT,Market Securities & Exchange (PVT) Ltd.,Naasa Securities Co. Ltd.,15,1950.1,29251.5,2025-08-12 12:20:32.965632
2025-08-12,52868,2025081205009201,CIT,Neev Securities Pvt. Ltd.,Naasa Securities Co. Ltd.,14,1950.0,27300.0,2025-08-12 12:20:32.965965
2025-08-12,52590,2025081205009271,CIT,Naasa Securities Co. Ltd.,Swarna Laxmi Securities Pvt. Ltd.,10,1946.0,19460.0,2025-08-12 12:21:42.811544
2025-08-12,52589,2025081205009272,CIT,Asian Securities Private Ltd.,Swarna Laxmi Securities Pvt. Ltd.,32,1946.0,62272.0,2025-08-12 12:21:42.811794
2025-08-12,52588,2025081205009273,CIT,Siprabi Securities Pvt. Ltd.,Swarna Laxmi Securities Pvt. Ltd.,20,1945.1,38902.0,2025-08-12 12:21:42.811865
2025-08-12,52587,2025081205009274,CIT,Trisul Securities & Invt. Ltd.,Swarna Laxmi Securities Pvt. Ltd.,26,1945.0,50570.0,2025-08-12 12:21:42.811933
2025-08-12,52586,2025081205009275,CIT,Pragyan Securities (PVT) Ltd.,Swarna Laxmi Securities Pvt. Ltd.,100,1945.0,194500.0,2025-08-12 12:21:42.812000
2025-08-12,52585,2025081205009276,CIT,Asian Securities Private Ltd.,Swarna Laxmi Securities Pvt. Ltd.,12,1945.0,23340.0,2025-08-12 12:21:42.812065
2025-08-12,52389,2025081205009335,CIT,Asian Securities Private Ltd.,Swarna Laxmi Securities Pvt. Ltd.,200,1945.0,389000.0,2025-08-12 12:22:21.920834
2025-08-12,46676,2025081205011116,CIT,Nepal Stock House (PVT) Ltd.,Sundhara Securities Limited,23,1950.0,44850.0,2025-08-12 12:42:51.707669
2025-08-12,46458,2025081205011154,CIT,Sani Securities Company Ltd.,Vision Securities Pvt. Ltd,50,1947.9,97395.0,2025-08-12 12:43:26.498169
2025-08-12,46457,2025081205011155,CIT,Deevyaa Securities & Stock House Pvt. Ltd,Vision Securities Pvt. Ltd,10,1946.1,19461.0,2025-08-12 12:43:26.498418
2025-08-12,46456,2025081205011156,CIT,Beni Securities Pvt.Ltd.,Vision Securities Pvt. Ltd,240,1946.0,467040.0,2025-08-12 12:43:26.498500
2025-08-12,46091,2025081205011273,CIT,Beni Securities Pvt.Ltd.,Naasa Securities Co. Ltd.,31,1946.0,60326.0,2025-08-12 12:44:32.343380
2025-08-12,45503,2025081205011522,CIT,Beni Securities Pvt.Ltd.,Nepal Investment And Securities Trading Private Limited,10,1946.0,19460.0,2025-08-12 12:46:24.696213
2025-08-12,45192,2025081205011647,CIT,Capital Max Securities Ltd,Agrawal Securities (PVT) Ltd.,10,1955.0,19550.0,2025-08-12 12:47:35.267994
2025-08-12,45191,2025081205011648,CIT,Capital Max Securities Ltd,SHUBHAKAMANA SECURITIES PVT. LTD,20,1956.0,39120.0,2025-08-12 12:47:35.268044
2025-08-12,45190,2025081205011649,CIT,Capital Max Securities Ltd,Nepal Investment And Securities Trading Private Limited,10,1956.0,19560.0,2025-08-12 12:47:35.268071
2025-08-12,45189,2025081205011650,CIT,Capital Max Securities Ltd,Dynamic Money Managers Securities Pvt. Ltd.,10,1957.0,19570.0,2025-08-12 12:47:35.268098
2025-08-12,44179,2025081205012034,CIT,Imperial Securities Company Pvt. Ltd.,Trisul Securities & Invt. Ltd.,10,1954.0,19540.0,2025-08-12 12:51:12.529393
2025-08-12,43754,2025081205012142,CIT,Midas Stock Broking Company Private Limited,Nepal Investment And Securities Trading Private Limited,30,1950.0,58500.0,2025-08-12 12:52:56.677193
2025-08-12,43753,2025081205012143,CIT,Sani Securities Company Ltd.,Nepal Investment And Securities Trading Private Limited,10,1950.0,19500.0,2025-08-12 12:52:56.677647
2025-08-12,43752,2025081205012144,CIT,Aryatara Investment & Securities,Nepal Investment And Securities Trading Private Limited,100,1947.1,194710.0,2025-08-12 12:52:56.678001
2025-08-12,43751,2025081205012145,CIT,Sani Securities Company Ltd.,Nepal Investment And Securities Trading Private Limited,100,1947.0,194700.0,2025-08-12 12:52:56.678358
2025-08-12,43447,2025081205012226,CIT,Nepal Stock House (PVT) Ltd.,Nepal Investment And Securities Trading Private Limited,10,1947.0,19470.0,2025-08-12 12:54:09.900846
2025-08-12,43446,2025081205012227,CIT,Nepal Stock House (PVT) Ltd.,Nepal Investment And Securities Trading Private Limited,90,1947.0,175230.0,2025-08-12 12:54:09.901073
2025-08-12,43110,2025081205012364,CIT,Sani Securities Company Ltd.,Nepal Investment And Securities Trading Private Limited,10,1947.0,19470.0,2025-08-12 12:55:32.107806
2025-08-12,42793,2025081205012473,CIT,Sani Securities Company Ltd.,Arun Securities (PVT) Ltd.,10,1950.0,19500.0,2025-08-12 12:56:56.721505
2025-08-12,42578,2025081205012560,CIT,Sri Hari Securities Pvt. Ltd.,Trisul Securities & Invt. Ltd.,10,1954.0,19540.0,2025-08-12 12:57:59.953883
2025-08-12,41638,2025081205012924,CIT,Arun Securities (PVT) Ltd.,Dipshikha Dhitopatra Karobar Co. Pvt Ltd.,1,1950.0,1950.0,2025-08-12 13:01:56.766671
2025-08-12,41570,2025081205012950,CIT,Dynamic Money Managers Securities Pvt. Ltd.,Dipshikha Dhitopatra Karobar Co. Pvt Ltd.,1,1940.0,1940.0,2025-08-12 13:02:05.828714
2025-08-12,41462,2025081205012984,CIT,Sani Securities Company Ltd.,Sani Securities Company Ltd.,25,1950.0,48750.0,2025-08-12 13:02:37.478871
2025-08-12,41461,2025081205012985,CIT,Asian Securities Private Ltd.,Sani Securities Company Ltd.,10,1947.0,19470.0,2025-08-12 13:02:37.480654
2025-08-12,41460,2025081205012986,CIT,Nepal Stock House (PVT) Ltd.,Sani Securities Company Ltd.,10,1947.0,19470.0,2025-08-12 13:02:37.480796
2025-08-12,41335,2025081205013052,CIT,Beni Securities Pvt.Ltd.,Investment Management Nepal Pvt. Ltd.,219,1946.0,426174.0,2025-08-12 13:02:59.660930
2025-08-12,41334,2025081205013053,CIT,Naasa Securities Co. Ltd.,Investment Management Nepal Pvt. Ltd.,50,1946.0,97300.0,2025-08-12 13:02:59.661309
2025-08-12,41333,2025081205013054,CIT,Asian Securities Private Ltd.,Investment Management Nepal Pvt. Ltd.,38,1945.0,73910.0,2025-08-12 13:02:59.661567
2025-08-12,41332,2025081205013055,CIT,Asian Securities Private Ltd.,Investment Management Nepal Pvt. Ltd.,10,1945.0,19450.0,2025-08-12 13:02:59.661823
2025-08-12,41331,2025081205013056,CIT,J.F. Securites (PVT) Ltd.,Investment Management Nepal Pvt. Ltd.,50,1945.0,97250.0,2025-08-12 13:02:59.662085
2025-08-12,41174,2025081205013111,CIT,Imperial Securities Company Pvt. Ltd.,Sani Securities Company Ltd.,12,1945.0,23340.0,2025-08-12 13:03:39.001339
2025-08-12,41103,2025081205013136,CIT,Sri Hari Securities Pvt. Ltd.,Investment Management Nepal Pvt. Ltd.,5,1954.0,9770.0,2025-08-12 13:03:57.871812
2025-08-12,40432,2025081205013293,CIT,Dipshikha Dhitopatra Karobar Co. Pvt Ltd.,Investment Management Nepal Pvt. Ltd.,2,1915.0,3830.0,2025-08-12 13:06:43.911548
2025-08-12,40071,2025081205013375,CIT,Beni Securities Pvt.Ltd.,Agrawal Securities (PVT) Ltd.,13,1949.0,25337.0,2025-08-12 13:08:19.311302
2025-08-12,39926,2025081205013425,CIT,South Asian Bulls Pvt. Ltd.,Agrawal Securities (PVT) Ltd.,10,1949.0,19490.0,2025-08-12 13:09:05.605262
2025-08-12,39912,2025081205013430,CIT,Dakshinkali Investment & Securities Pvt. Ltd.,Agrawal Securities (PVT) Ltd.,10,1949.0,19490.0,2025-08-12 13:09:12.488451
2025-08-12,39836,2025081205013451,CIT,Agrawal Securities (PVT) Ltd.,Dynamic Money Managers Securities Pvt. Ltd.,50,1946.0,97300.0,2025-08-12 13:09:34.030138
2025-08-12,38221,2025081205013980,CIT,Kumari Securities Private Limited,Naasa Securities Co. Ltd.,10,1945.0,19450.0,2025-08-12 13:16:14.963998
2025-08-12,38220,2025081205013981,CIT,Bhrikuti Stock Broking Co. Pvt. Ltd.,Naasa Securities Co. Ltd.,10,1945.0,19450.0,2025-08-12 13:16:14.964355
2025-08-12,38219,2025081205013982,CIT,Linch Stock Market Ltd.,Naasa Securities Co. Ltd.,20,1945.0,38900.0,2025-08-12 13:16:14.964587
2025-08-12,38218,2025081205013983,CIT,Agrawal Securities (PVT) Ltd.,Naasa Securities Co. Ltd.,30,1945.0,58350.0,2025-08-12 13:16:14.964811
2025-08-12,38217,2025081205013984,CIT,Naasa Securities Co. Ltd.,Naasa Securities Co. Ltd.,10,1945.0,19450.0,2025-08-12 13:16:14.965036
2025-08-12,37848,2025081205014114,CIT,Sunrise Securities Limited,Sri Hari Securities Pvt. Ltd.,10,1942.0,19420.0,2025-08-12 13:17:59.418081
2025-08-12,37626,2025081205014185,CIT,Nepal Stock House (PVT) Ltd.,Naasa Securities Co. Ltd.,30,1944.5,58335.0,2025-08-12 13:19:04.549149
2025-08-12,37388,2025081205014285,CIT,Vision Securities Pvt. Ltd,Naasa Securities Co. Ltd.,10,1944.5,19445.0,2025-08-12 13:20:37.284946
2025-08-12,36474,2025081205014555,CIT,Sagarmatha Securities Private Limited,Naasa Securities Co. Ltd.,60,1944.5,116670.0,2025-08-12 13:24:37.500629
2025-08-12,36402,2025081205014588,CIT,Sagarmatha Securities Private Limited,Naasa Securities Co. Ltd.,80,1945.0,155600.0,2025-08-12 13:24:59.569397
2025-08-12,35732,2025081205014865,CIT,Nepal Stock House (PVT) Ltd.,Dipshikha Dhitopatra Karobar Co. Pvt Ltd.,20,1948.0,38960.0,2025-08-12 13:27:43.947904
2025-08-12,35399,2025081205014974,CIT,Online Securities Pvt. Ltd.,Dipshikha Dhitopatra Karobar Co. Pvt Ltd.,14,1948.0,27272.0,2025-08-12 13:29:20.415998
2025-08-12,33767,2025081205015603,CIT,Naasa Securities Co. Ltd.,Dipshikha Dhitopatra Karobar Co. Pvt Ltd.,66,1948.0,128568.0,2025-08-12 13:36:44.861816
2025-08-12,33766,2025081205015604,CIT,Naasa Securities Co. Ltd.,Linch Stock Market Ltd.,80,1948.0,155840.0,2025-08-12 13:36:44.862230
2025-08-12,33765,2025081205015605,CIT,Naasa Securities Co. Ltd.,Naasa Securities Co. Ltd.,54,1948.0,105192.0,2025-08-12 13:36:44.862515
2025-08-12,33736,2025081205015615,CIT,Imperial Securities Company Pvt. Ltd.,Naasa Securities Co. Ltd.,10,1948.0,19480.0,2025-08-12 13:36:59.813902
2025-08-12,33176,2025081205015797,CIT,Asian Securities Private Ltd.,Sri Hari Securities Pvt. Ltd.,5,1940.0,9700.0,2025-08-12 13:39:38.348195
2025-08-12,33164,2025081205015801,CIT,Malla & Malla Stock Broking Company Pvt. Limited,Bhrikuti Stock Broking Co. Pvt. Ltd.,10,1944.0,19440.0,2025-08-12 13:39:41.443789
2025-08-12,33163,2025081205015802,CIT,Siprabi Securities Pvt. Ltd.,Bhrikuti Stock Broking Co. Pvt. Ltd.,20,1944.0,38880.0,2025-08-12 13:39:41.444240
2025-08-12,33162,2025081205015803,CIT,Imperial Securities Company Pvt. Ltd.,Bhrikuti Stock Broking Co. Pvt. Ltd.,20,1944.0,38880.0,2025-08-12 13:39:41.444526
2025-08-12,32969,2025081205015865,CIT,Swarna Laxmi Securities Pvt. Ltd.,Bhrikuti Stock Broking Co. Pvt. Ltd.,30,1944.0,58320.0,2025-08-12 13:40:40.796806
2025-08-12,32787,2025081205015942,CIT,South Asian Bulls Pvt. Ltd.,Bhrikuti Stock Broking Co. Pvt. Ltd.,20,1943.0,38860.0,2025-08-12 13:41:29.056451
2025-08-12,32594,2025081205016023,CIT,Thrive Brokerage House Pvt. Ltd,Investment Management Nepal Pvt. Ltd.,10,1942.0,19420.0,2025-08-12 13:42:21.886928
2025-08-12,32565,2025081205016035,CIT,Aryatara Investment & Securities,Bhrikuti Stock Broking Co. Pvt. Ltd.,29,1942.0,56318.0,2025-08-12 13:42:28.747921
2025-08-12,32392,2025081205016100,CIT,Kohinoor Investment & Securities Pvt. Ltd.,South Asian Bulls Pvt. Ltd.,11,1942.0,21362.0,2025-08-12 13:43:17.669372
2025-08-12,31494,2025081205016343,CIT,Beni Securities Pvt.Ltd.,Naasa Securities Co. Ltd.,10,1948.0,19480.0,2025-08-12 13:46:39.021121
2025-08-12,30031,2025081205016837,CIT,Dynamic Money Managers Securities Pvt. Ltd.,Sipla Securities Private Limited,20,1942.3,38846.0,2025-08-12 13:51:24.995217
2025-08-12,30030,2025081205016838,CIT,Online Securities Pvt. Ltd.,Sipla Securities Private Limited,30,1942.2,58266.0,2025-08-12 13:51:24.995517
2025-08-12,29932,2025081205016871,CIT,Linch Stock Market Ltd.,Sipla Securities Private Limited,100,1942.2,194220.0,2025-08-12 13:51:46.211635
2025-08-12,29777,2025081205016912,CIT,Sri Hari Securities Pvt. Ltd.,Sipla Securities Private Limited,15,1942.1,29131.5,2025-08-12 13:52:22.824487
2025-08-12,29500,2025081205016969,CIT,Beni Securities Pvt.Ltd.,Naasa Securities Co. Ltd.,26,1948.0,50648.0,2025-08-12 13:53:19.988454
2025-08-12,29499,2025081205016970,CIT,Beni Securities Pvt.Ltd.,Aryatara Investment & Securities,14,1948.0,27272.0,2025-08-12 13:53:19.988492
2025-08-12,29075,2025081205017091,CIT,Asian Securities Private Ltd.,SUN SECURITIES PVT LTD,3,1940.0,5820.0,2025-08-12 13:54:46.445514
2025-08-12,29007,2025081205017114,CIT,Neev Securities Pvt. Ltd.,Sipla Securities Private Limited,6,1942.0,11652.0,2025-08-12 13:55:02.344730
2025-08-12,28246,2025081205017305,CIT,Sundhara Securities Limited,Aryatara Investment & Securities,30,1948.0,58440.0,2025-08-12 13:57:08.086701
2025-08-12,27702,2025081205017537,CIT,Sundhara Securities Limited,Aryatara Investment & Securities,16,1948.0,31168.0,2025-08-12 13:58:16.487734
2025-08-12,25943,2025081205018068,CIT,Malla & Malla Stock Broking Company Pvt. Limited,Kumari Securities Private Limited,10,1945.0,19450.0,2025-08-12 14:03:34.123026
2025-08-12,25942,2025081205018069,CIT,Sundhara Securities Limited,Kumari Securities Private Limited,14,1945.0,27230.0,2025-08-12 14:03:34.123128
2025-08-12,25941,2025081205018070,CIT,Agrawal Securities (PVT) Ltd.,Kumari Securities Private Limited,26,1943.0,50518.0,2025-08-12 14:03:34.123160
2025-08-12,25538,2025081205018191,CIT,Pragyan Securities (PVT) Ltd.,Sumeru Securities Pvt. Ltd.,10,1948.0,19480.0,2025-08-12 14:04:46.023869
2025-08-12,24126,2025081205018687,CIT,Agrawal Securities (PVT) Ltd.,Swarna Laxmi Securities Pvt. Ltd.,24,1943.0,46632.0,2025-08-12 14:09:30.952103
2025-08-12,24125,2025081205018688,CIT,Nabil Stock Dealer Ltd.,Swarna Laxmi Securities Pvt. Ltd.,50,1943.0,97150.0,2025-08-12 14:09:30.952348
2025-08-12,24124,2025081205018689,CIT,Imperial Securities Company Pvt. Ltd.,Swarna Laxmi Securities Pvt. Ltd.,20,1942.2,38844.0,2025-08-12 14:09:30.952443
2025-08-12,23921,2025081205018760,CIT,ABC Securities Private Limited,Agrawal Securities (PVT) Ltd.,36,1945.0,70020.0,2025-08-12 14:10:04.829188
2025-08-12,23758,2025081205018793,CIT,ABC Securities Private Limited,Sri Hari Securities Pvt. Ltd.,29,1945.0,56405.0,2025-08-12 14:10:32.308971
2025-08-12,23573,2025081205018871,CIT,ABC Securities Private Limited,J.F. Securites (PVT) Ltd.,10,1945.0,19450.0,2025-08-12 14:11:02.829409
2025-08-12,23114,2025081205019102,CIT,ABC Securities Private Limited,Swarna Laxmi Securities Pvt. Ltd.,106,1945.0,206170.0,2025-08-12 14:12:27.649730
2025-08-12,23037,2025081205019133,CIT,ABC Securities Private Limited,Kohinoor Investment & Securities Pvt. Ltd.,19,1945.0,36955.0,2025-08-12 14:12:41.821951
2025-08-12,22690,2025081205019239,CIT,Kohinoor Investment & Securities Pvt. Ltd.,Kumari Securities Private Limited,50,1942.1,97105.0,2025-08-12 14:14:06.839144
2025-08-12,22375,2025081205019315,CIT,Kohinoor Investment & Securities Pvt. Ltd.,Kohinoor Investment & Securities Pvt. Ltd.,14,1942.0,27188.0,2025-08-12 14:15:14.945591
2025-08-12,21972,2025081205019435,CIT,Sundhara Securities Limited,Sumeru Securities Pvt. Ltd.,9,1930.0,17370.0,2025-08-12 14:16:17.750489
2025-08-12,21845,2025081205019495,CIT,Vision Securities Pvt. Ltd,Dipshikha Dhitopatra Karobar Co. Pvt Ltd.,16,1948.0,31168.0,2025-08-12 14:16:47.804661
2025-08-12,20629,2025081205019915,CIT,Dakshinkali Investment & Securities Pvt. Ltd.,Imperial Securities Company Pvt. Ltd.,17,1942.1,33015.7,2025-08-12 14:21:00.631277
2025-08-12,19342,2025081205020333,CIT,Aryatara Investment & Securities,Midas Stock Broking Company Private Limited,11,1945.0,21395.0,2025-08-12 14:24:28.482226
2025-08-12,19341,2025081205020334,CIT,Premier Securities Company Ltd.,Midas Stock Broking Company Private Limited,10,1942.2,19422.0,2025-08-12 14:24:28.482528
2025-08-12,19340,2025081205020335,CIT,Dakshinkali Investment & Securities Pvt. Ltd.,Midas Stock Broking Company Private Limited,58,1942.1,112641.8,2025-08-12 14:24:28.482624
2025-08-12,19339,2025081205020336,CIT,Kohinoor Investment & Securities Pvt. Ltd.,Midas Stock Broking Company Private Limited,175,1942.0,339850.0,2025-08-12 14:24:28.483075
2025-08-12,19338,2025081205020337,CIT,Kalika Securities Pvt. Ltd.,Midas Stock Broking Company Private Limited,10,1942.0,19420.0,2025-08-12 14:24:28.483401
2025-08-12,19337,2025081205020338,CIT,Vision Securities Pvt. Ltd,Midas Stock Broking Company Private Limited,24,1942.0,46608.0,2025-08-12 14:24:28.483844
2025-08-12,19336,2025081205020339,CIT,Vision Securities Pvt. Ltd,Midas Stock Broking Company Private Limited,30,1942.0,58260.0,2025-08-12 14:24:28.484126
2025-08-12,19335,2025081205020340,CIT,J.F. Securites (PVT) Ltd.,Midas Stock Broking Company Private Limited,30,1942.0,58260.0,2025-08-12 14:24:28.484425
2025-08-12,19334,2025081205020341,CIT,Capital Max Securities Ltd,Midas Stock Broking Company Private Limited,10,1942.0,19420.0,2025-08-12 14:24:28.484690
2025-08-12,19333,2025081205020342,CIT,Linch Stock Market Ltd.,Midas Stock Broking Company Private Limited,20,1942.0,38840.0,2025-08-12 14:24:28.484986
2025-08-12,19332,2025081205020343,CIT,Online Securities Pvt. Ltd.,Midas Stock Broking Company Private Limited,10,1941.0,19410.0,2025-08-12 14:24:28.485356
2025-08-12,19331,2025081205020344,CIT,Sri Hari Securities Pvt. Ltd.,Midas Stock Broking Company Private Limited,39,1941.0,75699.0,2025-08-12 14:24:28.485619
2025-08-12,19330,2025081205020345,CIT,Premier Securities Company Ltd.,Midas Stock Broking Company Private Limited,10,1941.0,19410.0,2025-08-12 14:24:28.485929
2025-08-12,19329,2025081205020346,CIT,Sri Hari Securities Pvt. Ltd.,Midas Stock Broking Company Private Limited,10,1941.0,19410.0,2025-08-12 14:24:28.486347
2025-08-12,19328,2025081205020347,CIT,Market Securities & Exchange (PVT) Ltd.,Midas Stock Broking Company Private Limited,53,1941.0,102873.0,2025-08-12 14:24:28.486742
2025-08-12,18911,2025081205020452,CIT,Market Securities & Exchange (PVT) Ltd.,Aryatara Investment & Securities,13,1941.0,25233.0,2025-08-12 14:25:45.045243
2025-08-12,18888,2025081205020457,CIT,Imperial Securities Company Pvt. Ltd.,Naasa Securities Co. Ltd.,10,1947.0,19470.0,2025-08-12 14:25:49.941659
2025-08-12,18857,2025081205020470,CIT,Naasa Securities Co. Ltd.,Naasa Securities Co. Ltd.,10,1942.0,19420.0,2025-08-12 14:25:56.463477
2025-08-12,17293,2025081205020993,CIT,Naasa Securities Co. Ltd.,Neev Securities Pvt. Ltd.,40,1942.0,77680.0,2025-08-12 14:31:31.266126
2025-08-12,16892,2025081205021139,CIT,Premier Securities Company Ltd.,Neev Securities Pvt. Ltd.,50,1942.0,97100.0,2025-08-12 14:33:21.215866
2025-08-12,16854,2025081205021159,CIT,ABC Securities Private Limited,Neev Securities Pvt. Ltd.,10,1942.0,19420.0,2025-08-12 14:33:27.652391
2025-08-12,16613,2025081205021215,CIT,Nepal Investment And Securities Trading Private Limited,Dakshinkali Investment & Securities Pvt. Ltd.,100,1941.1,194110.0,2025-08-12 14:34:18.218789
2025-08-12,16527,2025081205021245,CIT,Market Securities & Exchange (PVT) Ltd.,Dakshinkali Investment & Securities Pvt. Ltd.,134,1941.0,260094.0,2025-08-12 14:34:33.348261
2025-08-12,16526,2025081205021246,CIT,Nepal Investment And Securities Trading Private Limited,Dakshinkali Investment & Securities Pvt. Ltd.,15,1941.0,29115.0,2025-08-12 14:34:33.348544
2025-08-12,16525,2025081205021247,CIT,Naasa Securities Co. Ltd.,Dakshinkali Investment & Securities Pvt. Ltd.,72,1941.0,139752.0,2025-08-12 14:34:33.348650
2025-08-12,16231,2025081205021316,CIT,Cristal Kanchanjanga Securites Pvt. Ltd.,Sani Securities Company Ltd.,10,1941.1,19411.0,2025-08-12 14:35:24.889195
2025-08-12,16131,2025081205021345,CIT,Naasa Securities Co. Ltd.,Vision Securities Pvt. Ltd,29,1941.0,56289.0,2025-08-12 14:35:46.470738
2025-08-12,16088,2025081205021364,CIT,Naasa Securities Co. Ltd.,Dynamic Money Managers Securities Pvt. Ltd.,25,1941.0,48525.0,2025-08-12 14:35:55.327456
2025-08-12,15886,2025081205021423,CIT,Naasa Securities Co. Ltd.,Sani Securities Company Ltd.,50,1941.1,97055.0,2025-08-12 14:36:22.111101
2025-08-12,15756,2025081205021498,CIT,Imperial Securities Company Pvt. Ltd.,Sani Securities Company Ltd.,20,1941.1,38822.0,2025-08-12 14:36:49.063946
2025-08-12,15153,2025081205021749,CIT,Imperial Securities Company Pvt. Ltd.,Creative Securities Pvt Ltd,100,1941.2,194120.0,2025-08-12 14:38:24.762309
2025-08-12,15152,2025081205021750,CIT,Cristal Kanchanjanga Securites Pvt. Ltd.,Creative Securities Pvt Ltd,10,1941.1,19411.0,2025-08-12 14:38:24.762544
2025-08-12,15151,2025081205021751,CIT,Naasa Securities Co. Ltd.,Creative Securities Pvt Ltd,24,1941.0,46584.0,2025-08-12 14:38:24.762655
2025-08-12,15150,2025081205021752,CIT,Himalayan Securities Limited,Creative Securities Pvt Ltd,20,1941.0,38820.0,2025-08-12 14:38:24.762746
2025-08-12,15149,2025081205021753,CIT,Sweta Securities Private Limited,Creative Securities Pvt Ltd,47,1941.0,91227.0,2025-08-12 14:38:24.762837
2025-08-12,15148,2025081205021754,CIT,Naasa Securities Co. Ltd.,Creative Securities Pvt Ltd,20,1941.0,38820.0,2025-08-12 14:38:24.762953
2025-08-12,15147,2025081205021755,CIT,Linch Stock Market Ltd.,Creative Securities Pvt Ltd,37,1940.5,71798.5,2025-08-12 14:38:24.763054
2025-08-12,15146,2025081205021756,CIT,Neev Securities Pvt. Ltd.,Creative Securities Pvt Ltd,100,1940.2,194020.0,2025-08-12 14:38:24.763169
2025-08-12,15145,2025081205021757,CIT,Asian Securities Private Ltd.,Creative Securities Pvt Ltd,14,1940.2,27162.8,2025-08-12 14:38:24.763257
2025-08-12,15144,2025081205021758,CIT,Naasa Securities Co. Ltd.,Creative Securities Pvt Ltd,30,1940.2,58206.0,2025-08-12 14:38:24.763349
2025-08-12,15052,2025081205021792,CIT,Naasa Securities Co. Ltd.,Trisul Securities & Invt. Ltd.,10,1940.2,19402.0,2025-08-12 14:38:40.118003
2025-08-12,15051,2025081205021793,CIT,Agrawal Securities (PVT) Ltd.,Trisul Securities & Invt. Ltd.,150,1940.1,291015.0,2025-08-12 14:38:40.118229
2025-08-12,15050,2025081205021794,CIT,Sundhara Securities Limited,Trisul Securities & Invt. Ltd.,40,1940.1,77604.0,2025-08-12 14:38:40.118417
2025-08-12,14500,2025081205021988,CIT,Bhrikuti Stock Broking Co. Pvt. Ltd.,Linch Stock Market Ltd.,18,1941.1,34939.8,2025-08-12 14:39:52.723651
2025-08-12,14456,2025081205021996,CIT,Bhrikuti Stock Broking Co. Pvt. Ltd.,ABC Securities Private Limited,82,1941.1,159170.2,2025-08-12 14:40:00.757482
2025-08-12,14455,2025081205021997,CIT,Sundhara Securities Limited,ABC Securities Private Limited,10,1940.1,19401.0,2025-08-12 14:40:00.757715
2025-08-12,14454,2025081205021998,CIT,Imperial Securities Company Pvt. Ltd.,ABC Securities Private Limited,108,1940.1,209530.8,2025-08-12 14:40:00.757807
2025-08-12,14435,2025081205022002,CIT,Online Securities Pvt. Ltd.,Primo Securities (PVT) Ltd.,30,1941.0,58230.0,2025-08-12 14:40:05.093110
2025-08-12,14298,2025081205022082,CIT,Sani Securities Company Ltd.,Primo Securities (PVT) Ltd.,19,1941.0,36879.0,2025-08-12 14:40:13.229623
2025-08-12,14021,2025081205022148,CIT,Sani Securities Company Ltd.,Linch Stock Market Ltd.,13,1942.0,25246.0,2025-08-12 14:40:59.174677
2025-08-12,12960,2025081205022425,CIT,Sani Securities Company Ltd.,Dynamic Money Managers Securities Pvt. Ltd.,21,1942.0,40782.0,2025-08-12 14:42:57.900992
2025-08-12,12806,2025081205022479,CIT,Capital Max Securities Ltd,Dipshikha Dhitopatra Karobar Co. Pvt Ltd.,50,1943.0,97150.0,2025-08-12 14:43:17.757083
2025-08-12,12632,2025081205022564,CIT,Sundhara Securities Limited,Dynamic Money Managers Securities Pvt. Ltd.,25,1941.0,48525.0,2025-08-12 14:43:34.364204
2025-08-12,12631,2025081205022565,CIT,Dipshikha Dhitopatra Karobar Co. Pvt Ltd.,Dynamic Money Managers Securities Pvt. Ltd.,29,1940.2,56265.8,2025-08-12 14:43:34.364664
2025-08-12,12058,2025081205022798,CIT,Dipshikha Dhitopatra Karobar Co. Pvt Ltd.,Sani Securities Company Ltd.,21,1940.2,40744.2,2025-08-12 14:44:30.304567
2025-08-12,12057,2025081205022799,CIT,Imperial Securities Company Pvt. Ltd.,Sani Securities Company Ltd.,164,1940.1,318176.4,2025-08-12 14:44:30.305005
2025-08-12,11735,2025081205022894,CIT,Imperial Securities Company Pvt. Ltd.,Ashutosh Brokerage & Securities (PVT) Ltd.,228,1940.1,442342.8,2025-08-12 14:45:06.948122
2025-08-12,11734,2025081205022895,CIT,Kohinoor Investment & Securities Pvt. Ltd.,Ashutosh Brokerage & Securities (PVT) Ltd.,75,1940.1,145507.5,2025-08-12 14:45:06.948391
2025-08-12,11733,2025081205022896,CIT,Online Securities Pvt. Ltd.,Ashutosh Brokerage & Securities (PVT) Ltd.,100,1940.1,194010.0,2025-08-12 14:45:06.948489
2025-08-12,11732,2025081205022897,CIT,Naasa Securities Co. Ltd.,Ashutosh Brokerage & Securities (PVT) Ltd.,50,1940.1,97005.0,2025-08-12 14:45:06.948577
2025-08-12,11731,2025081205022898,CIT,Imperial Securities Company Pvt. Ltd.,Ashutosh Brokerage & Securities (PVT) Ltd.,128,1940.0,248320.0,2025-08-12 14:45:06.948669
2025-08-12,11730,2025081205022899,CIT,Linch Stock Market Ltd.,Ashutosh Brokerage & Securities (PVT) Ltd.,103,1940.0,199820.0,2025-08-12 14:45:06.948784
2025-08-12,11729,2025081205022900,CIT,South Asian Bulls Pvt. Ltd.,Ashutosh Brokerage & Securities (PVT) Ltd.,100,1940.0,194000.0,2025-08-12 14:45:06.948911
2025-08-12,11728,2025081205022901,CIT,South Asian Bulls Pvt. Ltd.,Ashutosh Brokerage & Securities (PVT) Ltd.,10,1940.0,19400.0,2025-08-12 14:45:06.949003
2025-08-12,11727,2025081205022902,CIT,Deevyaa Securities & Stock House Pvt. Ltd,Ashutosh Brokerage & Securities (PVT) Ltd.,50,1940.0,97000.0,2025-08-12 14:45:06.949098
2025-08-12,11726,2025081205022903,CIT,Sani Securities Company Ltd.,Ashutosh Brokerage & Securities (PVT) Ltd.,50,1940.0,97000.0,2025-08-12 14:45:06.949195
2025-08-12,11448,2025081205022987,CIT,Neev Securities Pvt. Ltd.,ABC Securities Private Limited,100,1941.0,194100.0,2025-08-12 14:45:37.213425
2025-08-12,11015,2025081205023114,CIT,Premier Securities Company Ltd.,Secured Securities Ltd.,10,1940.1,19401.0,2025-08-12 14:46:10.689871
2025-08-12,10767,2025081205023172,CIT,Neev Securities Pvt. Ltd.,Secured Securities Ltd.,100,1940.1,194010.0,2025-08-12 14:46:35.547808
2025-08-12,10653,2025081205023219,CIT,Ashutosh Brokerage & Securities (PVT) Ltd.,Secured Securities Ltd.,50,1940.1,97005.0,2025-08-12 14:46:47.728833
2025-08-12,10528,2025081205023260,CIT,Imperial Securities Company Pvt. Ltd.,Secured Securities Ltd.,14,1940.1,27161.4,2025-08-12 14:47:00.811799
2025-08-12,9375,2025081205023568,CIT,Sagarmatha Securities Private Limited,Thrive Brokerage House Pvt. Ltd,29,1940.1,56262.9,2025-08-12 14:49:05.564292
2025-08-12,9215,2025081205023626,CIT,Sagarmatha Securities Private Limited,Beni Securities Pvt.Ltd.,147,1940.1,285194.7,2025-08-12 14:49:23.104851
2025-08-12,9214,2025081205023627,CIT,Trisul Securities & Invt. Ltd.,Beni Securities Pvt.Ltd.,25,1940.0,48500.0,2025-08-12 14:49:23.104981
2025-08-12,9213,2025081205023628,CIT,Imperial Securities Company Pvt. Ltd.,Beni Securities Pvt.Ltd.,10,1940.0,19400.0,2025-08-12 14:49:23.105072
2025-08-12,9212,2025081205023629,CIT,Vision Securities Pvt. Ltd,Beni Securities Pvt.Ltd.,20,1940.0,38800.0,2025-08-12 14:49:23.105145
2025-08-12,9211,2025081205023630,CIT,SUN SECURITIES PVT LTD,Beni Securities Pvt.Ltd.,50,1940.0,97000.0,2025-08-12 14:49:23.105217
2025-08-12,9210,2025081205023631,CIT,Naasa Securities Co. Ltd.,Beni Securities Pvt.Ltd.,15,1940.0,29100.0,2025-08-12 14:49:23.105287
2025-08-12,9209,2025081205023632,CIT,Shree Krishna Securities Ltd.,Beni Securities Pvt.Ltd.,100,1940.0,194000.0,2025-08-12 14:49:23.105372
2025-08-12,9208,2025081205023633,CIT,J.F. Securites (PVT) Ltd.,Beni Securities Pvt.Ltd.,10,1940.0,19400.0,2025-08-12 14:49:23.105430
2025-08-12,9207,2025081205023634,CIT,Aryatara Investment & Securities,Beni Securities Pvt.Ltd.,19,1940.0,36860.0,2025-08-12 14:49:23.105506
2025-08-12,9206,2025081205023635,CIT,Imperial Securities Company Pvt. Ltd.,Beni Securities Pvt.Ltd.,50,1940.0,97000.0,2025-08-12 14:49:23.105583
2025-08-12,9205,2025081205023636,CIT,Agrawal Securities (PVT) Ltd.,Beni Securities Pvt.Ltd.,20,1940.0,38800.0,2025-08-12 14:49:23.105711
2025-08-12,9204,2025081205023637,CIT,South Asian Bulls Pvt. Ltd.,Beni Securities Pvt.Ltd.,34,1940.0,65960.0,2025-08-12 14:49:23.105780
2025-08-12,9166,2025081205023647,CIT,Opal Securities Investment (PVT) Ltd.,Dipshikha Dhitopatra Karobar Co. Pvt Ltd.,10,1941.0,19410.0,2025-08-12 14:49:27.648366
2025-08-12,8383,2025081205023904,CIT,Cristal Kanchanjanga Securites Pvt. Ltd.,Dipshikha Dhitopatra Karobar Co. Pvt Ltd.,74,1941.0,143634.0,2025-08-12 14:50:46.894515
2025-08-12,8382,2025081205023905,CIT,Cristal Kanchanjanga Securites Pvt. Ltd.,Dynamic Money Managers Securities Pvt. Ltd.,10,1941.0,19410.0,2025-08-12 14:50:46.894925
2025-08-12,8263,2025081205023974,CIT,Cristal Kanchanjanga Securites Pvt. Ltd.,Investment Management Nepal Pvt. Ltd.,16,1941.0,31056.0,2025-08-12 14:50:57.620012
2025-08-12,8065,2025081205024020,CIT,Sani Securities Company Ltd.,Investment Management Nepal Pvt. Ltd.,33,1941.0,64053.0,2025-08-12 14:51:14.737011
2025-08-12,8064,2025081205024021,CIT,Sagarmatha Securities Private Limited,Investment Management Nepal Pvt. Ltd.,11,1941.0,21351.0,2025-08-12 14:51:14.867337
2025-08-12,7685,2025081205024122,CIT,Sagarmatha Securities Private Limited,Capital Max Securities Ltd,33,1941.0,64053.0,2025-08-12 14:51:50.605233
2025-08-12,7684,2025081205024123,CIT,Premier Securities Company Ltd.,Capital Max Securities Ltd,66,1940.2,128053.2,2025-08-12 14:51:50.605300
2025-08-12,7551,2025081205024164,CIT,Secured Securities Ltd.,Secured Securities Ltd.,176,1941.9,341774.4,2025-08-12 14:52:03.643656
2025-08-12,6839,2025081205024378,CIT,Linch Stock Market Ltd.,Thrive Brokerage House Pvt. Ltd,18,1942.0,34956.0,2025-08-12 14:53:04.853750
2025-08-12,6565,2025081205024471,CIT,Secured Securities Ltd.,J.F. Securites (PVT) Ltd.,24,1941.9,46605.6,2025-08-12 14:53:32.545333
2025-08-12,6564,2025081205024472,CIT,ABC Securities Private Limited,J.F. Securites (PVT) Ltd.,10,1941.0,19410.0,2025-08-12 14:53:32.545606
2025-08-12,6563,2025081205024473,CIT,Linch Stock Market Ltd.,J.F. Securites (PVT) Ltd.,10,1940.2,19402.0,2025-08-12 14:53:32.545707
2025-08-12,6562,2025081205024474,CIT,Sumeru Securities Pvt. Ltd.,J.F. Securites (PVT) Ltd.,21,1940.1,40742.1,2025-08-12 14:53:32.545795
2025-08-12,6246,2025081205024587,CIT,Market Securities & Exchange (PVT) Ltd.,Linch Stock Market Ltd.,30,1940.1,58203.0,2025-08-12 14:53:56.409849
2025-08-12,6245,2025081205024588,CIT,Imperial Securities Company Pvt. Ltd.,Linch Stock Market Ltd.,30,1940.1,58203.0,2025-08-12 14:53:56.410062
2025-08-12,6244,2025081205024589,CIT,South Asian Bulls Pvt. Ltd.,Linch Stock Market Ltd.,40,1940.0,77600.0,2025-08-12 14:53:56.410151
2025-08-12,6013,2025081205024649,CIT,Naasa Securities Co. Ltd.,Naasa Securities Co. Ltd.,10,1941.9,19419.0,2025-08-12 14:54:15.579423
2025-08-12,6012,2025081205024650,CIT,Naasa Securities Co. Ltd.,Thrive Brokerage House Pvt. Ltd,10,1942.0,19420.0,2025-08-12 14:54:15.579821
2025-08-12,5988,2025081205024660,CIT,South Asian Bulls Pvt. Ltd.,Naasa Securities Co. Ltd.,26,1940.0,50440.0,2025-08-12 14:54:17.912770
2025-08-12,5987,2025081205024661,CIT,Malla & Malla Stock Broking Company Pvt. Limited,Naasa Securities Co. Ltd.,10,1940.0,19400.0,2025-08-12 14:54:17.913173
2025-08-12,5986,2025081205024662,CIT,Trisul Securities & Invt. Ltd.,Naasa Securities Co. Ltd.,14,1940.0,27160.0,2025-08-12 14:54:17.913438
2025-08-12,5567,2025081205024785,CIT,Dakshinkali Investment & Securities Pvt. Ltd.,Premier Securities Company Ltd.,20,1941.9,38838.0,2025-08-12 14:54:51.876344
2025-08-12,5566,2025081205024786,CIT,Trisul Securities & Invt. Ltd.,Premier Securities Company Ltd.,78,1940.0,151320.0,2025-08-12 14:54:51.876754
2025-08-12,5565,2025081205024787,CIT,Nabil Stock Dealer Ltd.,Premier Securities Company Ltd.,12,1940.0,23280.0,2025-08-12 14:54:51.876995
2025-08-12,5114,2025081205024974,CIT,J.F. Securites (PVT) Ltd.,Thrive Brokerage House Pvt. Ltd,10,1942.0,19420.0,2025-08-12 14:55:26.801306
2025-08-12,3520,2025081205025423,CIT,Vision Securities Pvt. Ltd,Sani Securities Company Ltd.,50,1941.0,97050.0,2025-08-12 14:57:22.511002
2025-08-12,3262,2025081205025508,CIT,Premier Securities Company Ltd.,Agrawal Securities (PVT) Ltd.,10,1941.0,19410.0,2025-08-12 14:57:45.044702
2025-08-12,3261,2025081205025509,CIT,Sewa Securities Pvt. Ltd.,Aryatara Investment & Securities,25,1941.9,48547.5,2025-08-12 14:57:45.152008
2025-08-12,2782,2025081205025634,CIT,Vision Securities Pvt. Ltd,Thrive Brokerage House Pvt. Ltd,30,1942.0,58260.0,2025-08-12 14:58:15.538241
2025-08-12,2700,2025081205025667,CIT,Sewa Securities Pvt. Ltd.,Thrive Brokerage House Pvt. Ltd,132,1942.0,256344.0,2025-08-12 14:58:18.621692
2025-08-12,2301,2025081205025824,CIT,Sewa Securities Pvt. Ltd.,Kohinoor Investment & Securities Pvt. Ltd.,30,1942.0,58260.0,2025-08-12 14:58:38.640926
2025-08-12,1197,2025081205026194,CIT,Sewa Securities Pvt. Ltd.,Sani Securities Company Ltd.,65,1941.5,126197.5,2025-08-12 14:59:23.133707
2025-08-12,776,2025081205026371,CIT,Dipshikha Dhitopatra Karobar Co. Pvt Ltd.,Sani Securities Company Ltd.,10,1941.5,19415.0,2025-08-12 14:59:37.127110
2025-08-12,446,2025081205026443,CIT,Kohinoor Investment & Securities Pvt. Ltd.,Trishakti Securities Public Limited,10,1941.0,19410.0,2025-08-12 14:59:48.549782
