Date,S.N.,contract_id,symbol,buyer_broker,seller_broker,volume,price,amount,transaction_time
2025-08-12,78219,2025081205000002,HIDCL,Kohinoor Investment & Securities Pvt. Ltd.,Roadshow securities limited,10,282.8,2828.0,2025-08-12 10:46:00.014521
2025-08-12,78218,2025081205000003,HIDCL,Kohinoor Investment & Securities Pvt. Ltd.,Roadshow securities limited,10,282.8,2828.0,2025-08-12 10:46:00.014553
2025-08-12,78217,2025081205000004,HIDCL,Kohinoor Investment & Securities Pvt. Ltd.,Roadshow securities limited,10,282.8,2828.0,2025-08-12 10:46:00.014576
2025-08-12,78216,2025081205000005,HIDCL,Kohinoor Investment & Securities Pvt. Ltd.,Roadshow securities limited,10,282.8,2828.0,2025-08-12 10:46:00.014599
2025-08-12,78215,2025081205000006,HIDCL,Kohinoor Investment & Securities Pvt. Ltd.,Roadshow securities limited,10,282.8,2828.0,2025-08-12 10:46:00.014619
2025-08-12,77677,2025081205000352,HIDCL,Sweta Securities Private Limited,Sumeru Securities Pvt. Ltd.,16,288.0,4608.0,2025-08-12 11:02:18.740669
2025-08-12,77484,2025081205000465,HIDCL,Asian Securities Private Ltd.,Kalika Securities Pvt. Ltd.,30,288.4,8652.0,2025-08-12 11:02:59.734769
2025-08-12,77413,2025081205000503,HIDCL,Imperial Securities Company Pvt. Ltd.,Kalika Securities Pvt. Ltd.,15,288.4,4326.0,2025-08-12 11:03:18.847639
2025-08-12,77407,2025081205000509,HIDCL,Imperial Securities Company Pvt. Ltd.,Kalika Securities Pvt. Ltd.,65,288.4,18746.0,2025-08-12 11:03:20.883327
2025-08-12,77046,2025081205000696,HIDCL,Deevyaa Securities & Stock House Pvt. Ltd,Aryatara Investment & Securities,33,290.0,9570.0,2025-08-12 11:04:44.888496
2025-08-12,76972,2025081205000738,HIDCL,Imperial Securities Company Pvt. Ltd.,Aryatara Investment & Securities,35,289.0,10115.0,2025-08-12 11:05:02.052722
2025-08-12,76917,2025081205000758,HIDCL,ABC Securities Private Limited,Aryatara Investment & Securities,432,289.0,124848.0,2025-08-12 11:05:13.848035
2025-08-12,75854,2025081205001170,HIDCL,ABC Securities Private Limited,Premier Securities Company Ltd.,19,289.0,5491.0,2025-08-12 11:09:23.552303
2025-08-12,75715,2025081205001219,HIDCL,Oxford Securities Pvt. Ltd.,Aryatara Investment & Securities,485,290.0,140650.0,2025-08-12 11:09:48.321640
2025-08-12,75611,2025081205001255,HIDCL,Dipshikha Dhitopatra Karobar Co. Pvt Ltd.,Primo Securities (PVT) Ltd.,87,291.0,25317.0,2025-08-12 11:10:11.948302
2025-08-12,75544,2025081205001285,HIDCL,Neev Securities Pvt. Ltd.,Capital Max Securities Ltd,60,292.0,17520.0,2025-08-12 11:10:26.201523
2025-08-12,75428,2025081205001342,HIDCL,Capital Max Securities Ltd,Capital Max Securities Ltd,50,292.0,14600.0,2025-08-12 11:10:56.471083
2025-08-12,75424,2025081205001343,HIDCL,Naasa Securities Co. Ltd.,Capital Max Securities Ltd,20,292.0,5840.0,2025-08-12 11:10:56.934829
2025-08-12,74763,2025081205001579,HIDCL,Dipshikha Dhitopatra Karobar Co. Pvt Ltd.,KALASH STOCK MARKET PVT. LTD.,13,291.0,3783.0,2025-08-12 11:13:33.568185
2025-08-12,74544,2025081205001635,HIDCL,Capital Max Securities Ltd,Aryatara Investment & Securities,300,290.1,87030.0,2025-08-12 11:14:27.636111
2025-08-12,74543,2025081205001636,HIDCL,Oxford Securities Pvt. Ltd.,Aryatara Investment & Securities,200,290.0,58000.0,2025-08-12 11:14:27.636497
2025-08-12,74347,2025081205001695,HIDCL,Naasa Securities Co. Ltd.,Naasa Securities Co. Ltd.,10,290.1,2901.0,2025-08-12 11:15:15.954056
2025-08-12,74247,2025081205001707,HIDCL,Oxford Securities Pvt. Ltd.,South Asian Bulls Pvt. Ltd.,315,290.0,91350.0,2025-08-12 11:15:35.609839
2025-08-12,74246,2025081205001708,HIDCL,Asian Securities Private Ltd.,South Asian Bulls Pvt. Ltd.,85,290.0,24650.0,2025-08-12 11:15:35.610051
2025-08-12,73983,2025081205001806,HIDCL,Trishakti Securities Public Limited,Naasa Securities Co. Ltd.,80,290.1,23208.0,2025-08-12 11:16:33.726273
2025-08-12,73918,2025081205001829,HIDCL,Asian Securities Private Ltd.,KALASH STOCK MARKET PVT. LTD.,150,290.0,43500.0,2025-08-12 11:16:52.106192
2025-08-12,73917,2025081205001830,HIDCL,Primo Securities (PVT) Ltd.,KALASH STOCK MARKET PVT. LTD.,165,290.0,47850.0,2025-08-12 11:16:52.106459
2025-08-12,73803,2025081205001865,HIDCL,Aryatara Investment & Securities,KALASH STOCK MARKET PVT. LTD.,30,290.0,8700.0,2025-08-12 11:17:13.382241
2025-08-12,73548,2025081205001941,HIDCL,ABC Securities Private Limited,Kalika Securities Pvt. Ltd.,30,289.0,8670.0,2025-08-12 11:18:07.247698
2025-08-12,73094,2025081205002115,HIDCL,Capital Max Securities Ltd,Imperial Securities Company Pvt. Ltd.,50,289.9,14495.0,2025-08-12 11:19:30.525064
2025-08-12,73093,2025081205002116,HIDCL,Capital Max Securities Ltd,KALASH STOCK MARKET PVT. LTD.,142,290.0,41180.0,2025-08-12 11:19:30.525284
2025-08-12,73092,2025081205002117,HIDCL,Capital Max Securities Ltd,Dynamic Money Managers Securities Pvt. Ltd.,24,290.0,6960.0,2025-08-12 11:19:30.525387
2025-08-12,73091,2025081205002118,HIDCL,Capital Max Securities Ltd,Premier Securities Company Ltd.,184,290.0,53360.0,2025-08-12 11:19:30.525473
2025-08-12,72885,2025081205002209,HIDCL,ABC Securities Private Limited,Stoxkarts Securities Limited,19,289.0,5491.0,2025-08-12 11:20:06.730167
2025-08-12,72884,2025081205002210,HIDCL,Kohinoor Investment & Securities Pvt. Ltd.,Stoxkarts Securities Limited,100,289.0,28900.0,2025-08-12 11:20:06.730278
2025-08-12,72883,2025081205002211,HIDCL,Malla & Malla Stock Broking Company Pvt. Limited,Stoxkarts Securities Limited,500,289.0,144500.0,2025-08-12 11:20:06.730384
2025-08-12,72882,2025081205002212,HIDCL,Naasa Securities Co. Ltd.,Stoxkarts Securities Limited,50,289.0,14450.0,2025-08-12 11:20:06.730456
2025-08-12,72881,2025081205002213,HIDCL,Sajilo Broker Limited,Stoxkarts Securities Limited,50,289.0,14450.0,2025-08-12 11:20:06.730531
2025-08-12,72880,2025081205002214,HIDCL,Thrive Brokerage House Pvt. Ltd,Stoxkarts Securities Limited,16,288.0,4608.0,2025-08-12 11:20:06.730633
2025-08-12,72879,2025081205002215,HIDCL,Imperial Securities Company Pvt. Ltd.,Stoxkarts Securities Limited,50,288.0,14400.0,2025-08-12 11:20:06.730739
2025-08-12,72878,2025081205002216,HIDCL,Capital Hub P. Ltd,Stoxkarts Securities Limited,215,288.0,61920.0,2025-08-12 11:20:06.730842
2025-08-12,72714,2025081205002294,HIDCL,Capital Hub P. Ltd,Stoxkarts Securities Limited,285,288.0,82080.0,2025-08-12 11:20:33.797794
2025-08-12,72713,2025081205002295,HIDCL,Online Securities Pvt. Ltd.,Stoxkarts Securities Limited,200,288.0,57600.0,2025-08-12 11:20:33.797898
2025-08-12,72712,2025081205002296,HIDCL,Asian Securities Private Ltd.,Stoxkarts Securities Limited,100,288.0,28800.0,2025-08-12 11:20:33.797924
2025-08-12,72711,2025081205002297,HIDCL,Kohinoor Investment & Securities Pvt. Ltd.,Stoxkarts Securities Limited,20,287.3,5746.0,2025-08-12 11:20:33.797953
2025-08-12,72710,2025081205002298,HIDCL,Blue Chip Securities Ltd,Stoxkarts Securities Limited,395,287.2,113444.0,2025-08-12 11:20:33.797986
2025-08-12,71650,2025081205002657,HIDCL,Imperial Securities Company Pvt. Ltd.,Aryatara Investment & Securities,2,282.0,564.0,2025-08-12 11:23:33.013582
2025-08-12,71379,2025081205002766,HIDCL,Imperial Securities Company Pvt. Ltd.,Deevyaa Securities & Stock House Pvt. Ltd,1,283.3,283.3,2025-08-12 11:24:14.433387
2025-08-12,71165,2025081205002824,HIDCL,Imperial Securities Company Pvt. Ltd.,Vision Securities Pvt. Ltd,2,288.0,576.0,2025-08-12 11:24:47.874388
2025-08-12,70866,2025081205002910,HIDCL,Imperial Securities Company Pvt. Ltd.,Vision Securities Pvt. Ltd,1,288.0,288.0,2025-08-12 11:25:36.577390
2025-08-12,70755,2025081205002942,HIDCL,Imperial Securities Company Pvt. Ltd.,Sani Securities Company Ltd.,2,282.0,564.0,2025-08-12 11:25:55.795880
2025-08-12,70627,2025081205002967,HIDCL,Imperial Securities Company Pvt. Ltd.,Nepal Stock House (PVT) Ltd.,1,282.0,282.0,2025-08-12 11:26:08.813624
2025-08-12,70236,2025081205003094,HIDCL,Siprabi Securities Pvt. Ltd.,ABC Securities Private Limited,50,288.2,14410.0,2025-08-12 11:27:07.202468
2025-08-12,70235,2025081205003095,HIDCL,Imperial Securities Company Pvt. Ltd.,ABC Securities Private Limited,100,288.1,28810.0,2025-08-12 11:27:07.202961
2025-08-12,70234,2025081205003096,HIDCL,Secured Securities Ltd.,ABC Securities Private Limited,50,288.1,14405.0,2025-08-12 11:27:07.203304
2025-08-12,70233,2025081205003097,HIDCL,Vision Securities Pvt. Ltd,ABC Securities Private Limited,10,288.0,2880.0,2025-08-12 11:27:07.203679
2025-08-12,69592,2025081205003323,HIDCL,Kumari Securities Private Limited,Vision Securities Pvt. Ltd,20,289.9,5798.0,2025-08-12 11:28:48.122839
2025-08-12,69394,2025081205003382,HIDCL,Aryatara Investment & Securities,Oxford Securities Pvt. Ltd.,12,288.7,3464.4,2025-08-12 11:29:15.968852
2025-08-12,69196,2025081205003455,HIDCL,Aryatara Investment & Securities,Aryatara Investment & Securities,1000,288.7,288700.0,2025-08-12 11:29:42.043956
2025-08-12,69001,2025081205003549,HIDCL,Aryatara Investment & Securities,Aakashbhairab Securities Ltd.,3000,288.7,866100.0,2025-08-12 11:30:07.666866
2025-08-12,68922,2025081205003576,HIDCL,Aryatara Investment & Securities,South Asian Bulls Pvt. Ltd.,11,288.7,3175.7,2025-08-12 11:30:19.309937
2025-08-12,67926,2025081205003895,HIDCL,Aryatara Investment & Securities,Sumeru Securities Pvt. Ltd.,870,288.7,251169.0,2025-08-12 11:33:07.900003
2025-08-12,67488,2025081205004029,HIDCL,Naasa Securities Co. Ltd.,Siprabi Securities Pvt. Ltd.,20,288.9,5778.0,2025-08-12 11:34:16.307110
2025-08-12,67487,2025081205004030,HIDCL,Aryatara Investment & Securities,Siprabi Securities Pvt. Ltd.,107,288.7,30890.9,2025-08-12 11:34:16.307701
2025-08-12,67486,2025081205004031,HIDCL,Sani Securities Company Ltd.,Siprabi Securities Pvt. Ltd.,37,288.7,10681.9,2025-08-12 11:34:16.308201
2025-08-12,67485,2025081205004032,HIDCL,Vision Securities Pvt. Ltd,Siprabi Securities Pvt. Ltd.,146,288.0,42048.0,2025-08-12 11:34:16.308707
2025-08-12,67451,2025081205004051,HIDCL,Vision Securities Pvt. Ltd,KALASH STOCK MARKET PVT. LTD.,19,288.0,5472.0,2025-08-12 11:34:25.095757
2025-08-12,67450,2025081205004052,HIDCL,Opal Securities Investment (PVT) Ltd.,KALASH STOCK MARKET PVT. LTD.,100,288.0,28800.0,2025-08-12 11:34:25.096056
2025-08-12,67449,2025081205004053,HIDCL,Malla & Malla Stock Broking Company Pvt. Limited,KALASH STOCK MARKET PVT. LTD.,231,288.0,66528.0,2025-08-12 11:34:25.096170
2025-08-12,67316,2025081205004084,HIDCL,Imperial Securities Company Pvt. Ltd.,Sani Securities Company Ltd.,2,282.3,564.6,2025-08-12 11:34:50.315777
2025-08-12,67172,2025081205004116,HIDCL,Sweta Securities Private Limited,Vision Securities Pvt. Ltd,10,289.9,2899.0,2025-08-12 11:35:08.622800
2025-08-12,66822,2025081205004208,HIDCL,Aryatara Investment & Securities,Naasa Securities Co. Ltd.,28,288.1,8066.8,2025-08-12 11:36:06.180997
2025-08-12,66445,2025081205004353,HIDCL,Aryatara Investment & Securities,Imperial Securities Company Pvt. Ltd.,41,288.1,11812.1,2025-08-12 11:37:09.056232
2025-08-12,65459,2025081205004755,HIDCL,Aryatara Investment & Securities,Dipshikha Dhitopatra Karobar Co. Pvt Ltd.,31,288.1,8931.1,2025-08-12 11:39:57.724007
2025-08-12,65458,2025081205004756,HIDCL,Market Securities & Exchange (PVT) Ltd.,Dipshikha Dhitopatra Karobar Co. Pvt Ltd.,19,288.1,5473.9,2025-08-12 11:39:57.724335
2025-08-12,64507,2025081205005104,HIDCL,Aryatara Investment & Securities,KALASH STOCK MARKET PVT. LTD.,100,288.2,28820.0,2025-08-12 11:42:52.483078
2025-08-12,64306,2025081205005167,HIDCL,Trisul Securities & Invt. Ltd.,Kohinoor Investment & Securities Pvt. Ltd.,26,289.0,7514.0,2025-08-12 11:43:25.071090
2025-08-12,64089,2025081205005260,HIDCL,Trisul Securities & Invt. Ltd.,Asian Securities Private Ltd.,150,289.0,43350.0,2025-08-12 11:44:02.233659
2025-08-12,64026,2025081205005285,HIDCL,Trisul Securities & Invt. Ltd.,Opal Securities Investment (PVT) Ltd.,50,289.0,14450.0,2025-08-12 11:44:14.309955
2025-08-12,63594,2025081205005455,HIDCL,Trisul Securities & Invt. Ltd.,Vision Securities Pvt. Ltd,50,289.0,14450.0,2025-08-12 11:45:25.945031
2025-08-12,63566,2025081205005466,HIDCL,Nepal Stock House (PVT) Ltd.,Vision Securities Pvt. Ltd,26,289.9,7537.4,2025-08-12 11:45:31.483580
2025-08-12,63393,2025081205005528,HIDCL,Naasa Securities Co. Ltd.,Ashutosh Brokerage & Securities (PVT) Ltd.,20,289.8,5796.0,2025-08-12 11:45:57.888573
2025-08-12,63388,2025081205005530,HIDCL,Linch Stock Market Ltd.,Ashutosh Brokerage & Securities (PVT) Ltd.,10,289.8,2898.0,2025-08-12 11:46:00.005575
2025-08-12,63021,2025081205005649,HIDCL,Linch Stock Market Ltd.,Ashutosh Brokerage & Securities (PVT) Ltd.,20,289.8,5796.0,2025-08-12 11:47:05.551504
2025-08-12,63020,2025081205005650,HIDCL,Linch Stock Market Ltd.,Vision Securities Pvt. Ltd,444,289.9,128715.6,2025-08-12 11:47:05.551826
2025-08-12,63019,2025081205005651,HIDCL,Linch Stock Market Ltd.,Midas Stock Broking Company Private Limited,236,289.9,68416.4,2025-08-12 11:47:05.551962
2025-08-12,62905,2025081205005701,HIDCL,Dakshinkali Investment & Securities Pvt. Ltd.,Midas Stock Broking Company Private Limited,330,289.9,95667.0,2025-08-12 11:47:21.884880
2025-08-12,62391,2025081205005857,HIDCL,Trisul Securities & Invt. Ltd.,Sani Securities Company Ltd.,224,289.0,64736.0,2025-08-12 11:48:45.749887
2025-08-12,62390,2025081205005858,HIDCL,Sani Securities Company Ltd.,Sani Securities Company Ltd.,176,289.0,50864.0,2025-08-12 11:48:45.750485
2025-08-12,62296,2025081205005913,HIDCL,Roadshow securities limited,Midas Stock Broking Company Private Limited,434,289.9,125816.6,2025-08-12 11:48:57.861071
2025-08-12,62295,2025081205005914,HIDCL,Roadshow securities limited,Midas Stock Broking Company Private Limited,966,289.9,280043.4,2025-08-12 11:48:57.861189
2025-08-12,61346,2025081205006320,HIDCL,Kohinoor Investment & Securities Pvt. Ltd.,Naasa Securities Co. Ltd.,50,289.5,14475.0,2025-08-12 11:51:51.455864
2025-08-12,60930,2025081205006429,HIDCL,Kumari Securities Private Limited,KALASH STOCK MARKET PVT. LTD.,800,289.2,231360.0,2025-08-12 11:53:14.289611
2025-08-12,60657,2025081205006480,HIDCL,Kumari Securities Private Limited,Sagarmatha Securities Private Limited,200,289.4,57880.0,2025-08-12 11:54:12.498810
2025-08-12,60525,2025081205006535,HIDCL,J.F. Securites (PVT) Ltd.,Sani Securities Company Ltd.,50,289.1,14455.0,2025-08-12 11:54:42.880558
2025-08-12,60524,2025081205006536,HIDCL,Imperial Securities Company Pvt. Ltd.,Sani Securities Company Ltd.,100,289.0,28900.0,2025-08-12 11:54:42.880861
2025-08-12,60523,2025081205006537,HIDCL,J.F. Securites (PVT) Ltd.,Sani Securities Company Ltd.,150,289.0,43350.0,2025-08-12 11:54:42.880997
2025-08-12,60191,2025081205006666,HIDCL,Capital Max Securities Ltd,Sagarmatha Securities Private Limited,300,289.4,86820.0,2025-08-12 11:55:55.005777
2025-08-12,60002,2025081205006746,HIDCL,Roadshow securities limited,Sagarmatha Securities Private Limited,168,289.4,48619.2,2025-08-12 11:56:23.941419
2025-08-12,60001,2025081205006747,HIDCL,Roadshow securities limited,Naasa Securities Co. Ltd.,170,289.5,49215.0,2025-08-12 11:56:23.941458
2025-08-12,60000,2025081205006748,HIDCL,Roadshow securities limited,Midas Stock Broking Company Private Limited,34,289.9,9856.6,2025-08-12 11:56:23.941483
2025-08-12,59999,2025081205006749,HIDCL,Roadshow securities limited,Sundhara Securities Limited,500,289.9,144950.0,2025-08-12 11:56:23.941510
2025-08-12,59998,2025081205006750,HIDCL,Roadshow securities limited,Premier Securities Company Ltd.,16,290.0,4640.0,2025-08-12 11:56:23.941535
2025-08-12,59997,2025081205006751,HIDCL,Roadshow securities limited,Vision Securities Pvt. Ltd,10,290.0,2900.0,2025-08-12 11:56:23.941565
2025-08-12,59996,2025081205006752,HIDCL,Roadshow securities limited,Oxford Securities Pvt. Ltd.,1500,290.0,435000.0,2025-08-12 11:56:23.941626
2025-08-12,59995,2025081205006753,HIDCL,Roadshow securities limited,Kohinoor Investment & Securities Pvt. Ltd.,200,290.0,58000.0,2025-08-12 11:56:23.941682
2025-08-12,59994,2025081205006754,HIDCL,Roadshow securities limited,Nepal Investment And Securities Trading Private Limited,1247,290.0,361630.0,2025-08-12 11:56:23.941705
2025-08-12,59993,2025081205006755,HIDCL,Roadshow securities limited,Sagarmatha Securities Private Limited,1155,290.0,334950.0,2025-08-12 11:56:23.941728
2025-08-12,59668,2025081205006867,HIDCL,Neev Securities Pvt. Ltd.,Sagarmatha Securities Private Limited,13,290.0,3770.0,2025-08-12 11:57:42.624560
2025-08-12,59666,2025081205006869,HIDCL,Imperial Securities Company Pvt. Ltd.,Sundhara Securities Limited,1,288.0,288.0,2025-08-12 11:57:43.714260
2025-08-12,59618,2025081205006889,HIDCL,Imperial Securities Company Pvt. Ltd.,Imperial Securities Company Pvt. Ltd.,2,288.0,576.0,2025-08-12 11:57:51.771916
2025-08-12,59275,2025081205007060,HIDCL,Indira securities pvt. ltd,Sagarmatha Securities Private Limited,300,290.0,87000.0,2025-08-12 11:58:50.317416
2025-08-12,59080,2025081205007138,HIDCL,Machhapuchchhre Securities Limited,Sagarmatha Securities Private Limited,32,290.0,9280.0,2025-08-12 11:59:36.379562
2025-08-12,59079,2025081205007139,HIDCL,Machhapuchchhre Securities Limited,Sweta Securities Private Limited,199,290.0,57710.0,2025-08-12 11:59:36.379880
2025-08-12,58741,2025081205007258,HIDCL,Secured Securities Ltd.,Pragyan Securities (PVT) Ltd.,43,289.1,12431.3,2025-08-12 12:00:52.829855
2025-08-12,58692,2025081205007283,HIDCL,Imperial Securities Company Pvt. Ltd.,Agrawal Securities (PVT) Ltd.,1,285.0,285.0,2025-08-12 12:01:08.258174
2025-08-12,58657,2025081205007303,HIDCL,Imperial Securities Company Pvt. Ltd.,Aryatara Investment & Securities,1,285.0,285.0,2025-08-12 12:01:17.319603
2025-08-12,58541,2025081205007356,HIDCL,Midas Stock Broking Company Private Limited,Pragyan Securities (PVT) Ltd.,10,289.1,2891.0,2025-08-12 12:01:45.620678
2025-08-12,58531,2025081205007357,HIDCL,Imperial Securities Company Pvt. Ltd.,Investment Management Nepal Pvt. Ltd.,2,288.0,576.0,2025-08-12 12:01:46.575595
2025-08-12,58469,2025081205007388,HIDCL,Midas Stock Broking Company Private Limited,Secured Securities Ltd.,35,289.1,10118.5,2025-08-12 12:02:01.446913
2025-08-12,58468,2025081205007389,HIDCL,J.F. Securites (PVT) Ltd.,Secured Securities Ltd.,89,289.0,25721.0,2025-08-12 12:02:01.447272
2025-08-12,58437,2025081205007404,HIDCL,Imperial Securities Company Pvt. Ltd.,Investment Management Nepal Pvt. Ltd.,2,288.0,576.0,2025-08-12 12:02:08.832514
2025-08-12,58286,2025081205007453,HIDCL,Opal Securities Investment (PVT) Ltd.,Online Securities Pvt. Ltd.,150,289.5,43425.0,2025-08-12 12:02:40.976618
2025-08-12,58035,2025081205007548,HIDCL,Opal Securities Investment (PVT) Ltd.,Premier Securities Company Ltd.,50,289.5,14475.0,2025-08-12 12:03:33.658173
2025-08-12,57732,2025081205007656,HIDCL,Secured Securities Ltd.,Aakashbhairab Securities Ltd.,50,289.1,14455.0,2025-08-12 12:04:24.409200
2025-08-12,57731,2025081205007657,HIDCL,J.F. Securites (PVT) Ltd.,Aakashbhairab Securities Ltd.,50,289.0,14450.0,2025-08-12 12:04:24.409792
2025-08-12,57269,2025081205007798,HIDCL,J.F. Securites (PVT) Ltd.,Sri Hari Securities Pvt. Ltd.,11,289.0,3179.0,2025-08-12 12:05:51.709407
2025-08-12,57268,2025081205007799,HIDCL,Sumeru Securities Pvt. Ltd.,Sri Hari Securities Pvt. Ltd.,100,289.0,28900.0,2025-08-12 12:05:51.709739
2025-08-12,57267,2025081205007800,HIDCL,Vision Securities Pvt. Ltd,Sri Hari Securities Pvt. Ltd.,100,289.0,28900.0,2025-08-12 12:05:51.709874
2025-08-12,57266,2025081205007801,HIDCL,Naasa Securities Co. Ltd.,Sri Hari Securities Pvt. Ltd.,89,289.0,25721.0,2025-08-12 12:05:51.710002
2025-08-12,56594,2025081205008061,HIDCL,Naasa Securities Co. Ltd.,Aakashbhairab Securities Ltd.,27,289.0,7803.0,2025-08-12 12:07:51.977304
2025-08-12,56593,2025081205008062,HIDCL,Hatemalo Financial Services Private Limited,Aakashbhairab Securities Ltd.,10,288.6,2886.0,2025-08-12 12:07:51.977611
2025-08-12,56592,2025081205008063,HIDCL,Imperial Securities Company Pvt. Ltd.,Aakashbhairab Securities Ltd.,200,288.6,57720.0,2025-08-12 12:07:51.977746
2025-08-12,56591,2025081205008064,HIDCL,Roadshow securities limited,Aakashbhairab Securities Ltd.,500,288.5,144250.0,2025-08-12 12:07:51.977877
2025-08-12,56590,2025081205008065,HIDCL,Imperial Securities Company Pvt. Ltd.,Aakashbhairab Securities Ltd.,500,288.5,144250.0,2025-08-12 12:07:51.978006
2025-08-12,56589,2025081205008066,HIDCL,Market Securities & Exchange (PVT) Ltd.,Aakashbhairab Securities Ltd.,969,288.3,279362.7,2025-08-12 12:07:51.978150
2025-08-12,56588,2025081205008067,HIDCL,Aryatara Investment & Securities,Aakashbhairab Securities Ltd.,3224,288.2,929156.8,2025-08-12 12:07:51.978279
2025-08-12,56263,2025081205008157,HIDCL,Aryatara Investment & Securities,Naasa Securities Co. Ltd.,1000,288.2,288200.0,2025-08-12 12:08:46.479942
2025-08-12,55261,2025081205008443,HIDCL,J.F. Securites (PVT) Ltd.,Asian Securities Private Ltd.,20,288.2,5764.0,2025-08-12 12:11:44.892461
2025-08-12,55260,2025081205008444,HIDCL,Kumari Securities Private Limited,Asian Securities Private Ltd.,100,288.1,28810.0,2025-08-12 12:11:44.893176
2025-08-12,55259,2025081205008445,HIDCL,Aryatara Investment & Securities,Asian Securities Private Ltd.,656,288.1,188993.6,2025-08-12 12:11:44.893612
2025-08-12,54608,2025081205008619,HIDCL,Sewa Securities Pvt. Ltd.,Dipshikha Dhitopatra Karobar Co. Pvt Ltd.,60,289.0,17340.0,2025-08-12 12:13:57.264846
2025-08-12,54291,2025081205008705,HIDCL,Imperial Securities Company Pvt. Ltd.,Dipshikha Dhitopatra Karobar Co. Pvt Ltd.,50,289.0,14450.0,2025-08-12 12:14:53.847940
2025-08-12,54173,2025081205008749,HIDCL,Asian Securities Private Ltd.,Asian Securities Private Ltd.,40,288.1,11524.0,2025-08-12 12:15:29.912935
2025-08-12,54172,2025081205008750,HIDCL,Bhrikuti Stock Broking Co. Pvt. Ltd.,Asian Securities Private Ltd.,70,288.0,20160.0,2025-08-12 12:15:29.913645
2025-08-12,54171,2025081205008751,HIDCL,Sani Securities Company Ltd.,Asian Securities Private Ltd.,35,288.0,10080.0,2025-08-12 12:15:29.914117
2025-08-12,54170,2025081205008752,HIDCL,Dakshinkali Investment & Securities Pvt. Ltd.,Asian Securities Private Ltd.,100,288.0,28800.0,2025-08-12 12:15:29.914555
2025-08-12,54169,2025081205008753,HIDCL,ABC Securities Private Limited,Asian Securities Private Ltd.,214,288.0,61632.0,2025-08-12 12:15:29.915075
2025-08-12,54168,2025081205008754,HIDCL,Kalika Securities Pvt. Ltd.,Asian Securities Private Ltd.,195,288.0,56160.0,2025-08-12 12:15:29.915704
2025-08-12,54167,2025081205008755,HIDCL,Malla & Malla Stock Broking Company Pvt. Limited,Asian Securities Private Ltd.,1000,288.0,288000.0,2025-08-12 12:15:29.916309
2025-08-12,54166,2025081205008756,HIDCL,Aryatara Investment & Securities,Asian Securities Private Ltd.,20,288.0,5760.0,2025-08-12 12:15:29.916919
2025-08-12,54074,2025081205008809,HIDCL,Global IME Securities Limited,Asian Securities Private Ltd.,26,288.0,7488.0,2025-08-12 12:15:53.470216
2025-08-12,53943,2025081205008874,HIDCL,Global IME Securities Limited,Midas Stock Broking Company Private Limited,18,288.0,5184.0,2025-08-12 12:16:24.363979
2025-08-12,53936,2025081205008876,HIDCL,Global IME Securities Limited,J.F. Securites (PVT) Ltd.,100,288.0,28800.0,2025-08-12 12:16:26.195822
2025-08-12,53750,2025081205008933,HIDCL,Sani Securities Company Ltd.,Online Securities Pvt. Ltd.,1,285.0,285.0,2025-08-12 12:17:09.716640
2025-08-12,53693,2025081205008960,HIDCL,Global IME Securities Limited,Online Securities Pvt. Ltd.,10,288.0,2880.0,2025-08-12 12:17:19.114974
2025-08-12,53686,2025081205008962,HIDCL,Global IME Securities Limited,J.F. Securites (PVT) Ltd.,50,288.0,14400.0,2025-08-12 12:17:23.487372
2025-08-12,53120,2025081205009111,HIDCL,Global IME Securities Limited,Asian Securities Private Ltd.,46,288.0,13248.0,2025-08-12 12:19:39.277446
2025-08-12,53119,2025081205009112,HIDCL,Aryatara Investment & Securities,Asian Securities Private Ltd.,34,288.0,9792.0,2025-08-12 12:19:39.278244
2025-08-12,53118,2025081205009113,HIDCL,Vision Securities Pvt. Ltd,Asian Securities Private Ltd.,100,288.0,28800.0,2025-08-12 12:19:39.278757
2025-08-12,53117,2025081205009114,HIDCL,Naasa Securities Co. Ltd.,Asian Securities Private Ltd.,20,288.0,5760.0,2025-08-12 12:19:39.397685
2025-08-12,52981,2025081205009177,HIDCL,Imperial Securities Company Pvt. Ltd.,Market Securities & Exchange (PVT) Ltd.,85,287.8,24463.0,2025-08-12 12:20:05.630672
2025-08-12,52980,2025081205009178,HIDCL,South Asian Bulls Pvt. Ltd.,Market Securities & Exchange (PVT) Ltd.,20,287.6,5752.0,2025-08-12 12:20:05.631008
2025-08-12,52838,2025081205009203,HIDCL,Sani Securities Company Ltd.,Premier Securities Company Ltd.,1,285.0,285.0,2025-08-12 12:20:40.530487
2025-08-12,52747,2025081205009228,HIDCL,Asian Securities Private Ltd.,Agrawal Securities (PVT) Ltd.,16,287.5,4600.0,2025-08-12 12:21:04.724865
2025-08-12,52567,2025081205009280,HIDCL,Pragyan Securities (PVT) Ltd.,Asian Securities Private Ltd.,700,288.0,201600.0,2025-08-12 12:21:45.830976
2025-08-12,52022,2025081205009429,HIDCL,Asian Securities Private Ltd.,Siprabi Securities Pvt. Ltd.,24,287.5,6900.0,2025-08-12 12:23:41.352674
2025-08-12,51627,2025081205009547,HIDCL,Asian Securities Private Ltd.,Midas Stock Broking Company Private Limited,60,287.5,17250.0,2025-08-12 12:25:05.165007
2025-08-12,51626,2025081205009548,HIDCL,Asian Securities Private Ltd.,Midas Stock Broking Company Private Limited,940,287.5,270250.0,2025-08-12 12:25:05.165396
2025-08-12,51507,2025081205009589,HIDCL,Asian Securities Private Ltd.,Midas Stock Broking Company Private Limited,60,287.5,17250.0,2025-08-12 12:25:26.350435
2025-08-12,51506,2025081205009590,HIDCL,Thrive Brokerage House Pvt. Ltd,Midas Stock Broking Company Private Limited,940,287.5,270250.0,2025-08-12 12:25:26.350749
2025-08-12,51337,2025081205009660,HIDCL,Thrive Brokerage House Pvt. Ltd,Investment Management Nepal Pvt. Ltd.,20,287.5,5750.0,2025-08-12 12:26:04.956531
2025-08-12,51210,2025081205009703,HIDCL,Thrive Brokerage House Pvt. Ltd,Midas Stock Broking Company Private Limited,40,287.5,11500.0,2025-08-12 12:26:28.440877
2025-08-12,51209,2025081205009704,HIDCL,SHUBHAKAMANA SECURITIES PVT. LTD,Midas Stock Broking Company Private Limited,100,287.5,28750.0,2025-08-12 12:26:28.441548
2025-08-12,51208,2025081205009705,HIDCL,Aryatara Investment & Securities,Midas Stock Broking Company Private Limited,860,287.4,247164.0,2025-08-12 12:26:28.441988
2025-08-12,51170,2025081205009714,HIDCL,Aryatara Investment & Securities,Midas Stock Broking Company Private Limited,1000,287.4,287400.0,2025-08-12 12:26:41.482580
2025-08-12,51118,2025081205009733,HIDCL,Aryatara Investment & Securities,Midas Stock Broking Company Private Limited,1000,287.4,287400.0,2025-08-12 12:26:56.551894
2025-08-12,51112,2025081205009736,HIDCL,Roadshow securities limited,Asian Securities Private Ltd.,509,288.0,146592.0,2025-08-12 12:26:59.128339
2025-08-12,51111,2025081205009737,HIDCL,Roadshow securities limited,Opal Securities Investment (PVT) Ltd.,140,288.0,40320.0,2025-08-12 12:26:59.128382
2025-08-12,51110,2025081205009738,HIDCL,Roadshow securities limited,Malla & Malla Stock Broking Company Pvt. Limited,10,288.0,2880.0,2025-08-12 12:26:59.128410
2025-08-12,51109,2025081205009739,HIDCL,Roadshow securities limited,Naasa Securities Co. Ltd.,441,288.0,127008.0,2025-08-12 12:26:59.128433
2025-08-12,50661,2025081205009886,HIDCL,Vision Securities Pvt. Ltd,Naasa Securities Co. Ltd.,50,288.0,14400.0,2025-08-12 12:28:31.058566
2025-08-12,49969,2025081205010063,HIDCL,Aryatara Investment & Securities,Dakshinkali Investment & Securities Pvt. Ltd.,30,287.7,8631.0,2025-08-12 12:30:56.034590
2025-08-12,49956,2025081205010069,HIDCL,Aryatara Investment & Securities,Neev Securities Pvt. Ltd.,300,287.7,86310.0,2025-08-12 12:31:03.564379
2025-08-12,49472,2025081205010199,HIDCL,Imperial Securities Company Pvt. Ltd.,Secured Securities Ltd.,50,288.0,14400.0,2025-08-12 12:33:05.149722
2025-08-12,49387,2025081205010237,HIDCL,Oxford Securities Pvt. Ltd.,Midas Stock Broking Company Private Limited,174,287.8,50077.2,2025-08-12 12:33:29.103266
2025-08-12,49386,2025081205010238,HIDCL,SHUBHAKAMANA SECURITIES PVT. LTD,Midas Stock Broking Company Private Limited,50,287.8,14390.0,2025-08-12 12:33:29.103978
2025-08-12,49385,2025081205010239,HIDCL,Aryatara Investment & Securities,Midas Stock Broking Company Private Limited,776,287.7,223255.2,2025-08-12 12:33:29.104486
2025-08-12,49158,2025081205010314,HIDCL,Secured Securities Ltd.,Secured Securities Ltd.,33,288.0,9504.0,2025-08-12 12:34:16.792811
2025-08-12,48739,2025081205010424,HIDCL,Vision Securities Pvt. Ltd,Secured Securities Ltd.,130,288.0,37440.0,2025-08-12 12:35:35.325045
2025-08-12,48607,2025081205010467,HIDCL,SHUBHAKAMANA SECURITIES PVT. LTD,J.F. Securites (PVT) Ltd.,11,287.8,3165.8,2025-08-12 12:36:10.474470
2025-08-12,48375,2025081205010517,HIDCL,SHUBHAKAMANA SECURITIES PVT. LTD,ABC Securities Private Limited,10,287.8,2878.0,2025-08-12 12:37:05.617714
2025-08-12,48374,2025081205010518,HIDCL,Aryatara Investment & Securities,ABC Securities Private Limited,1034,287.7,297481.8,2025-08-12 12:37:05.617795
2025-08-12,48373,2025081205010519,HIDCL,Imperial Securities Company Pvt. Ltd.,ABC Securities Private Limited,500,287.6,143800.0,2025-08-12 12:37:05.617824
2025-08-12,48372,2025081205010520,HIDCL,J.F. Securites (PVT) Ltd.,ABC Securities Private Limited,20,287.5,5750.0,2025-08-12 12:37:05.617855
2025-08-12,48371,2025081205010521,HIDCL,S.P.S.A. Securities Limited,ABC Securities Private Limited,500,287.5,143750.0,2025-08-12 12:37:05.617882
2025-08-12,48370,2025081205010522,HIDCL,Investment Management Nepal Pvt. Ltd.,ABC Securities Private Limited,40,287.5,11500.0,2025-08-12 12:37:05.617917
2025-08-12,48369,2025081205010523,HIDCL,Kumari Securities Private Limited,ABC Securities Private Limited,32,287.5,9200.0,2025-08-12 12:37:05.617944
2025-08-12,48368,2025081205010524,HIDCL,Malla & Malla Stock Broking Company Pvt. Limited,ABC Securities Private Limited,990,287.4,284526.0,2025-08-12 12:37:05.617969
2025-08-12,48367,2025081205010525,HIDCL,Sani Securities Company Ltd.,ABC Securities Private Limited,700,287.4,201180.0,2025-08-12 12:37:05.617998
2025-08-12,48366,2025081205010526,HIDCL,Sri Hari Securities Pvt. Ltd.,ABC Securities Private Limited,174,287.3,49990.2,2025-08-12 12:37:05.618023
2025-08-12,48272,2025081205010570,HIDCL,Vision Securities Pvt. Ltd,Secured Securities Ltd.,130,288.0,37440.0,2025-08-12 12:37:21.799567
2025-08-12,48208,2025081205010586,HIDCL,Sri Hari Securities Pvt. Ltd.,ABC Securities Private Limited,26,287.3,7469.8,2025-08-12 12:37:37.835660
2025-08-12,48207,2025081205010587,HIDCL,Dipshikha Dhitopatra Karobar Co. Pvt Ltd.,ABC Securities Private Limited,100,287.3,28730.0,2025-08-12 12:37:37.835870
2025-08-12,48206,2025081205010588,HIDCL,Opal Securities Investment (PVT) Ltd.,ABC Securities Private Limited,74,287.3,21260.2,2025-08-12 12:37:37.835949
2025-08-12,48029,2025081205010650,HIDCL,Blue Chip Securities Ltd,Opal Securities Investment (PVT) Ltd.,15,287.2,4308.0,2025-08-12 12:38:19.860980
2025-08-12,47945,2025081205010678,HIDCL,Blue Chip Securities Ltd,J.F. Securites (PVT) Ltd.,10,287.2,2872.0,2025-08-12 12:38:36.149292
2025-08-12,47842,2025081205010699,HIDCL,Ashutosh Brokerage & Securities (PVT) Ltd.,Kumari Securities Private Limited,200,287.3,57460.0,2025-08-12 12:39:05.797679
2025-08-12,47753,2025081205010735,HIDCL,Blue Chip Securities Ltd,J.F. Securites (PVT) Ltd.,80,287.2,22976.0,2025-08-12 12:39:24.414718
2025-08-12,47752,2025081205010736,HIDCL,Property Wiard Limited,J.F. Securites (PVT) Ltd.,20,287.2,5744.0,2025-08-12 12:39:24.415218
2025-08-12,47603,2025081205010792,HIDCL,Nepal Stock House (PVT) Ltd.,Secured Securities Ltd.,21,288.0,6048.0,2025-08-12 12:39:58.609618
2025-08-12,47602,2025081205010793,HIDCL,Nepal Stock House (PVT) Ltd.,Sagarmatha Securities Private Limited,100,288.0,28800.0,2025-08-12 12:39:58.610369
2025-08-12,47601,2025081205010794,HIDCL,Nepal Stock House (PVT) Ltd.,Capital Max Securities Ltd,379,288.0,109152.0,2025-08-12 12:39:58.610846
2025-08-12,47532,2025081205010816,HIDCL,Opal Securities Investment (PVT) Ltd.,Trisul Securities & Invt. Ltd.,1,287.3,287.3,2025-08-12 12:40:13.460133
2025-08-12,47529,2025081205010818,HIDCL,Secured Securities Ltd.,Miyo Securities Pvt Ltd,100,287.3,28730.0,2025-08-12 12:40:14.670668
2025-08-12,47528,2025081205010819,HIDCL,Oxford Securities Pvt. Ltd.,Miyo Securities Pvt Ltd,117,287.3,33614.1,2025-08-12 12:40:14.671054
2025-08-12,46695,2025081205011100,HIDCL,Oxford Securities Pvt. Ltd.,Naasa Securities Co. Ltd.,383,287.3,110035.9,2025-08-12 12:42:50.033910
2025-08-12,46694,2025081205011101,HIDCL,Sundhara Securities Limited,Naasa Securities Co. Ltd.,100,287.3,28730.0,2025-08-12 12:42:50.034020
2025-08-12,46693,2025081205011102,HIDCL,Malla & Malla Stock Broking Company Pvt. Limited,Naasa Securities Co. Ltd.,990,287.3,284427.0,2025-08-12 12:42:50.034094
2025-08-12,46692,2025081205011103,HIDCL,Property Wiard Limited,Naasa Securities Co. Ltd.,980,287.2,281456.0,2025-08-12 12:42:50.034174
2025-08-12,46691,2025081205011104,HIDCL,Secured Securities Ltd.,Naasa Securities Co. Ltd.,50,287.2,14360.0,2025-08-12 12:42:50.034249
2025-08-12,46690,2025081205011105,HIDCL,Roadshow securities limited,Naasa Securities Co. Ltd.,497,287.1,142688.7,2025-08-12 12:42:50.034345
2025-08-12,46310,2025081205011204,HIDCL,Roadshow securities limited,Naasa Securities Co. Ltd.,85,287.1,24403.5,2025-08-12 12:43:52.618477
2025-08-12,45889,2025081205011361,HIDCL,Roadshow securities limited,Malla & Malla Stock Broking Company Pvt. Limited,418,287.1,120007.8,2025-08-12 12:45:03.456712
2025-08-12,45888,2025081205011362,HIDCL,Property Wiard Limited,Malla & Malla Stock Broking Company Pvt. Limited,382,287.1,109672.2,2025-08-12 12:45:03.457555
2025-08-12,45396,2025081205011561,HIDCL,Aryatara Investment & Securities,Dipshikha Dhitopatra Karobar Co. Pvt Ltd.,190,287.3,54587.0,2025-08-12 12:46:52.427979
2025-08-12,45087,2025081205011671,HIDCL,Trisul Securities & Invt. Ltd.,Capital Max Securities Ltd,121,288.0,34848.0,2025-08-12 12:47:56.878941
2025-08-12,45086,2025081205011672,HIDCL,Trisul Securities & Invt. Ltd.,Vision Securities Pvt. Ltd,379,288.0,109152.0,2025-08-12 12:47:56.879288
2025-08-12,44963,2025081205011722,HIDCL,Naasa Securities Co. Ltd.,Vision Securities Pvt. Ltd,50,288.0,14400.0,2025-08-12 12:48:24.410842
2025-08-12,44945,2025081205011727,HIDCL,Ashutosh Brokerage & Securities (PVT) Ltd.,Vision Securities Pvt. Ltd,71,288.0,20448.0,2025-08-12 12:48:27.730324
2025-08-12,44944,2025081205011728,HIDCL,Ashutosh Brokerage & Securities (PVT) Ltd.,Imperial Securities Company Pvt. Ltd.,130,288.0,37440.0,2025-08-12 12:48:27.730723
2025-08-12,44048,2025081205012073,HIDCL,Naasa Securities Co. Ltd.,Pragyan Securities (PVT) Ltd.,10,288.0,2880.0,2025-08-12 12:51:47.938203
2025-08-12,44047,2025081205012074,HIDCL,Naasa Securities Co. Ltd.,Pragyan Securities (PVT) Ltd.,38,288.0,10944.0,2025-08-12 12:51:47.938623
2025-08-12,44025,2025081205012081,HIDCL,Naasa Securities Co. Ltd.,Pragyan Securities (PVT) Ltd.,10,288.0,2880.0,2025-08-12 12:51:54.177740
2025-08-12,43942,2025081205012106,HIDCL,Roadshow securities limited,Midas Stock Broking Company Private Limited,1000,288.9,288900.0,2025-08-12 12:52:17.689355
2025-08-12,43320,2025081205012281,HIDCL,Naasa Securities Co. Ltd.,Investment Management Nepal Pvt. Ltd.,10,289.0,2890.0,2025-08-12 12:54:38.635396
2025-08-12,42830,2025081205012458,HIDCL,Global IME Securities Limited,Investment Management Nepal Pvt. Ltd.,70,289.0,20230.0,2025-08-12 12:56:42.396406
2025-08-12,42829,2025081205012459,HIDCL,Global IME Securities Limited,Siprabi Securities Pvt. Ltd.,100,289.0,28900.0,2025-08-12 12:56:42.397122
2025-08-12,42631,2025081205012541,HIDCL,Sani Securities Company Ltd.,Sani Securities Company Ltd.,1,284.0,284.0,2025-08-12 12:57:47.726233
2025-08-12,42526,2025081205012583,HIDCL,Sani Securities Company Ltd.,Bhrikuti Stock Broking Co. Pvt. Ltd.,480,289.0,138720.0,2025-08-12 12:58:12.956143
2025-08-12,42241,2025081205012697,HIDCL,Sani Securities Company Ltd.,Dipshikha Dhitopatra Karobar Co. Pvt Ltd.,29,289.0,8381.0,2025-08-12 12:59:44.718839
2025-08-12,42181,2025081205012715,HIDCL,Sani Securities Company Ltd.,Dipshikha Dhitopatra Karobar Co. Pvt Ltd.,10,289.0,2890.0,2025-08-12 12:59:56.881462
2025-08-12,41994,2025081205012800,HIDCL,Sani Securities Company Ltd.,Miyo Securities Pvt Ltd,500,289.2,144600.0,2025-08-12 13:00:38.401675
2025-08-12,41993,2025081205012801,HIDCL,Sani Securities Company Ltd.,Miyo Securities Pvt Ltd,81,289.0,23409.0,2025-08-12 13:00:38.402091
2025-08-12,41992,2025081205012802,HIDCL,Naasa Securities Co. Ltd.,Miyo Securities Pvt Ltd,10,289.0,2890.0,2025-08-12 13:00:38.402268
2025-08-12,41991,2025081205012803,HIDCL,Vision Securities Pvt. Ltd,Miyo Securities Pvt Ltd,20,289.0,5780.0,2025-08-12 13:00:38.402553
2025-08-12,41990,2025081205012804,HIDCL,Siprabi Securities Pvt. Ltd.,Miyo Securities Pvt Ltd,103,289.0,29767.0,2025-08-12 13:00:38.402844
2025-08-12,41989,2025081205012805,HIDCL,Midas Stock Broking Company Private Limited,Miyo Securities Pvt Ltd,207,288.8,59781.6,2025-08-12 13:00:38.403076
2025-08-12,41988,2025081205012806,HIDCL,Naasa Securities Co. Ltd.,Miyo Securities Pvt Ltd,10,288.7,2887.0,2025-08-12 13:00:38.403389
2025-08-12,41987,2025081205012807,HIDCL,Naasa Securities Co. Ltd.,Miyo Securities Pvt Ltd,200,288.5,57700.0,2025-08-12 13:00:38.403709
2025-08-12,41986,2025081205012808,HIDCL,Naasa Securities Co. Ltd.,Miyo Securities Pvt Ltd,20,288.4,5768.0,2025-08-12 13:00:38.403937
2025-08-12,41985,2025081205012809,HIDCL,Sani Securities Company Ltd.,Miyo Securities Pvt Ltd,60,288.1,17286.0,2025-08-12 13:00:38.404228
2025-08-12,41984,2025081205012810,HIDCL,Naasa Securities Co. Ltd.,Miyo Securities Pvt Ltd,22,288.1,6338.2,2025-08-12 13:00:38.404557
2025-08-12,41983,2025081205012811,HIDCL,Naasa Securities Co. Ltd.,Miyo Securities Pvt Ltd,20,288.0,5760.0,2025-08-12 13:00:38.404802
2025-08-12,41982,2025081205012812,HIDCL,Sewa Securities Pvt. Ltd.,Miyo Securities Pvt Ltd,100,288.0,28800.0,2025-08-12 13:00:38.405049
2025-08-12,41981,2025081205012813,HIDCL,Dakshinkali Investment & Securities Pvt. Ltd.,Miyo Securities Pvt Ltd,70,288.0,20160.0,2025-08-12 13:00:38.405298
2025-08-12,41879,2025081205012848,HIDCL,Naasa Securities Co. Ltd.,Miyo Securities Pvt Ltd,10,288.0,2880.0,2025-08-12 13:01:04.213205
2025-08-12,41702,2025081205012902,HIDCL,Dakshinkali Investment & Securities Pvt. Ltd.,Miyo Securities Pvt Ltd,2,282.3,564.6,2025-08-12 13:01:44.659201
2025-08-12,41553,2025081205012952,HIDCL,Roadshow securities limited,Ashutosh Brokerage & Securities (PVT) Ltd.,200,287.6,57520.0,2025-08-12 13:02:10.874273
2025-08-12,41550,2025081205012954,HIDCL,Sani Securities Company Ltd.,Sweta Securities Private Limited,1,285.0,285.0,2025-08-12 13:02:11.578305
2025-08-12,40919,2025081205013183,HIDCL,Sani Securities Company Ltd.,Miyo Securities Pvt Ltd,1,285.0,285.0,2025-08-12 13:04:36.468939
2025-08-12,40426,2025081205013297,HIDCL,Dipshikha Dhitopatra Karobar Co. Pvt Ltd.,Naasa Securities Co. Ltd.,100,287.8,28780.0,2025-08-12 13:06:44.633831
2025-08-12,40425,2025081205013298,HIDCL,Naasa Securities Co. Ltd.,Naasa Securities Co. Ltd.,10,287.8,2878.0,2025-08-12 13:06:44.634609
2025-08-12,40424,2025081205013299,HIDCL,Naasa Securities Co. Ltd.,Naasa Securities Co. Ltd.,10,287.7,2877.0,2025-08-12 13:06:44.635135
2025-08-12,40423,2025081205013300,HIDCL,Sani Securities Company Ltd.,Naasa Securities Co. Ltd.,380,287.7,109326.0,2025-08-12 13:06:44.635691
2025-08-12,40241,2025081205013331,HIDCL,Naasa Securities Co. Ltd.,Opal Securities Investment (PVT) Ltd.,50,288.0,14400.0,2025-08-12 13:07:35.444767
2025-08-12,40224,2025081205013333,HIDCL,Sani Securities Company Ltd.,Opal Securities Investment (PVT) Ltd.,20,288.0,5760.0,2025-08-12 13:07:39.362524
2025-08-12,40126,2025081205013357,HIDCL,Sagarmatha Securities Private Limited,Opal Securities Investment (PVT) Ltd.,100,288.0,28800.0,2025-08-12 13:08:05.481108
2025-08-12,40027,2025081205013390,HIDCL,Vision Securities Pvt. Ltd,Opal Securities Investment (PVT) Ltd.,30,288.0,8640.0,2025-08-12 13:08:30.857519
2025-08-12,40026,2025081205013391,HIDCL,Vision Securities Pvt. Ltd,Secured Securities Ltd.,10,288.0,2880.0,2025-08-12 13:08:30.858271
2025-08-12,39892,2025081205013437,HIDCL,Sani Securities Company Ltd.,Naasa Securities Co. Ltd.,20,287.7,5754.0,2025-08-12 13:09:19.641144
2025-08-12,39891,2025081205013438,HIDCL,Naasa Securities Co. Ltd.,Naasa Securities Co. Ltd.,10,287.7,2877.0,2025-08-12 13:09:19.641915
2025-08-12,39699,2025081205013500,HIDCL,Malla & Malla Stock Broking Company Pvt. Limited,Naasa Securities Co. Ltd.,50,287.7,14385.0,2025-08-12 13:10:14.148350
2025-08-12,39526,2025081205013553,HIDCL,Naasa Securities Co. Ltd.,Dipshikha Dhitopatra Karobar Co. Pvt Ltd.,10,287.7,2877.0,2025-08-12 13:11:08.454178
2025-08-12,39525,2025081205013554,HIDCL,Roadshow securities limited,Dipshikha Dhitopatra Karobar Co. Pvt Ltd.,90,287.6,25884.0,2025-08-12 13:11:08.454627
2025-08-12,39301,2025081205013621,HIDCL,Aryatara Investment & Securities,Vision Securities Pvt. Ltd,20,289.0,5780.0,2025-08-12 13:12:12.716367
2025-08-12,39216,2025081205013654,HIDCL,Aryatara Investment & Securities,Vision Securities Pvt. Ltd,490,289.0,141610.0,2025-08-12 13:12:31.004395
2025-08-12,39215,2025081205013655,HIDCL,Aryatara Investment & Securities,Nepal Investment And Securities Trading Private Limited,67,289.0,19363.0,2025-08-12 13:12:31.005175
2025-08-12,38942,2025081205013756,HIDCL,Aryatara Investment & Securities,Sweta Securities Private Limited,801,289.0,231489.0,2025-08-12 13:13:37.641483
2025-08-12,38554,2025081205013861,HIDCL,Roadshow securities limited,Dynamic Money Managers Securities Pvt. Ltd.,200,289.8,57960.0,2025-08-12 13:14:51.740671
2025-08-12,38553,2025081205013862,HIDCL,Roadshow securities limited,Roadshow securities limited,30000,289.8,8694000.0,2025-08-12 13:14:51.740774
2025-08-12,38552,2025081205013863,HIDCL,Roadshow securities limited,Dipshikha Dhitopatra Karobar Co. Pvt Ltd.,140,289.9,40586.0,2025-08-12 13:14:51.740878
2025-08-12,38551,2025081205013864,HIDCL,Roadshow securities limited,Naasa Securities Co. Ltd.,500,289.9,144950.0,2025-08-12 13:14:51.740947
2025-08-12,38550,2025081205013865,HIDCL,Roadshow securities limited,MILKY WAY SHARE BROKER COMPANY LTD ,660,289.9,191334.0,2025-08-12 13:14:51.741011
2025-08-12,38474,2025081205013892,HIDCL,Aryatara Investment & Securities,MILKY WAY SHARE BROKER COMPANY LTD ,340,289.9,98566.0,2025-08-12 13:15:11.670338
2025-08-12,38473,2025081205013893,HIDCL,Aryatara Investment & Securities,Sweta Securities Private Limited,74,290.0,21460.0,2025-08-12 13:15:11.670721
2025-08-12,38472,2025081205013894,HIDCL,Aryatara Investment & Securities,Naasa Securities Co. Ltd.,10,290.0,2900.0,2025-08-12 13:15:11.670905
2025-08-12,38471,2025081205013895,HIDCL,Aryatara Investment & Securities,Kohinoor Investment & Securities Pvt. Ltd.,400,290.0,116000.0,2025-08-12 13:15:11.671091
2025-08-12,38470,2025081205013896,HIDCL,Aryatara Investment & Securities,Naasa Securities Co. Ltd.,20,290.0,5800.0,2025-08-12 13:15:11.671272
2025-08-12,38469,2025081205013897,HIDCL,Aryatara Investment & Securities,SUN SECURITIES PVT LTD,200,290.0,58000.0,2025-08-12 13:15:11.671460
2025-08-12,38468,2025081205013898,HIDCL,Aryatara Investment & Securities,Naasa Securities Co. Ltd.,602,290.0,174580.0,2025-08-12 13:15:11.671638
2025-08-12,38467,2025081205013899,HIDCL,Aryatara Investment & Securities,Capital Max Securities Ltd,20,290.0,5800.0,2025-08-12 13:15:11.671813
2025-08-12,38466,2025081205013900,HIDCL,Aryatara Investment & Securities,Online Securities Pvt. Ltd.,140,290.0,40600.0,2025-08-12 13:15:11.671991
2025-08-12,38465,2025081205013901,HIDCL,Aryatara Investment & Securities,Nepal Investment And Securities Trading Private Limited,605,290.0,175450.0,2025-08-12 13:15:11.672167
2025-08-12,38464,2025081205013902,HIDCL,Aryatara Investment & Securities,Online Securities Pvt. Ltd.,140,290.0,40600.0,2025-08-12 13:15:11.672348
2025-08-12,38317,2025081205013951,HIDCL,Aryatara Investment & Securities,Naasa Securities Co. Ltd.,47,290.1,13634.7,2025-08-12 13:15:41.893765
2025-08-12,38316,2025081205013952,HIDCL,Aryatara Investment & Securities,Online Securities Pvt. Ltd.,44,291.0,12804.0,2025-08-12 13:15:41.894144
2025-08-12,38213,2025081205013987,HIDCL,Trademow Securities Private Limited,Kumari Securities Private Limited,144,289.0,41616.0,2025-08-12 13:16:16.158044
2025-08-12,37455,2025081205014261,HIDCL,Deevyaa Securities & Stock House Pvt. Ltd,MILKY WAY SHARE BROKER COMPANY LTD ,400,289.9,115960.0,2025-08-12 13:20:10.345879
2025-08-12,37451,2025081205014262,HIDCL,Vision Securities Pvt. Ltd,MILKY WAY SHARE BROKER COMPANY LTD ,100,289.9,28990.0,2025-08-12 13:20:12.460276
2025-08-12,36988,2025081205014386,HIDCL,Imperial Securities Company Pvt. Ltd.,MILKY WAY SHARE BROKER COMPANY LTD ,500,289.9,144950.0,2025-08-12 13:22:16.558636
2025-08-12,36903,2025081205014412,HIDCL,Investment Management Nepal Pvt. Ltd.,Nepal Stock House (PVT) Ltd.,63,289.9,18263.7,2025-08-12 13:22:42.548773
2025-08-12,36777,2025081205014454,HIDCL,Aryatara Investment & Securities,Nepal Stock House (PVT) Ltd.,35,289.9,10146.5,2025-08-12 13:23:16.562134
2025-08-12,36764,2025081205014463,HIDCL,Imperial Securities Company Pvt. Ltd.,Market Securities & Exchange (PVT) Ltd.,1,285.0,285.0,2025-08-12 13:23:21.263328
2025-08-12,36308,2025081205014627,HIDCL,Sagarmatha Securities Private Limited,Sagarmatha Securities Private Limited,11,289.1,3180.1,2025-08-12 13:25:24.677256
2025-08-12,36136,2025081205014690,HIDCL,Sagarmatha Securities Private Limited,Trishakti Securities Public Limited,989,289.1,285919.9,2025-08-12 13:26:01.838890
2025-08-12,36135,2025081205014691,HIDCL,Linch Stock Market Ltd.,Trishakti Securities Public Limited,11,289.1,3180.1,2025-08-12 13:26:01.839746
2025-08-12,36026,2025081205014729,HIDCL,Linch Stock Market Ltd.,Nepal Stock House (PVT) Ltd.,89,289.1,25729.9,2025-08-12 13:26:34.248481
2025-08-12,36025,2025081205014730,HIDCL,ABC Securities Private Limited,Nepal Stock House (PVT) Ltd.,100,289.1,28910.0,2025-08-12 13:26:34.249269
2025-08-12,36024,2025081205014731,HIDCL,Trademow Securities Private Limited,Nepal Stock House (PVT) Ltd.,280,289.0,80920.0,2025-08-12 13:26:34.249833
2025-08-12,35483,2025081205014950,HIDCL,Trademow Securities Private Limited,Nepal Stock House (PVT) Ltd.,500,289.0,144500.0,2025-08-12 13:28:58.015389
2025-08-12,35430,2025081205014967,HIDCL,Trademow Securities Private Limited,Kalika Securities Pvt. Ltd.,40,289.0,11560.0,2025-08-12 13:29:11.807889
2025-08-12,35192,2025081205015068,HIDCL,Trademow Securities Private Limited,Nepal Stock House (PVT) Ltd.,36,289.0,10404.0,2025-08-12 13:30:16.898454
2025-08-12,35191,2025081205015069,HIDCL,Naasa Securities Co. Ltd.,Nepal Stock House (PVT) Ltd.,10,289.0,2890.0,2025-08-12 13:30:16.899350
2025-08-12,35190,2025081205015070,HIDCL,Online Securities Pvt. Ltd.,Nepal Stock House (PVT) Ltd.,454,289.0,131206.0,2025-08-12 13:30:16.899978
2025-08-12,34972,2025081205015156,HIDCL,Naasa Securities Co. Ltd.,Trisul Securities & Invt. Ltd.,150,290.0,43500.0,2025-08-12 13:31:20.266868
2025-08-12,34854,2025081205015197,HIDCL,Imperial Securities Company Pvt. Ltd.,Trisul Securities & Invt. Ltd.,500,290.0,145000.0,2025-08-12 13:31:50.277539
2025-08-12,34852,2025081205015199,HIDCL,Online Securities Pvt. Ltd.,Premier Securities Company Ltd.,28,289.0,8092.0,2025-08-12 13:31:51.212893
2025-08-12,34742,2025081205015239,HIDCL,Sani Securities Company Ltd.,Dakshinkali Investment & Securities Pvt. Ltd.,7,284.0,1988.0,2025-08-12 13:32:31.511063
2025-08-12,34527,2025081205015314,HIDCL,Naasa Securities Co. Ltd.,Trisul Securities & Invt. Ltd.,547,290.0,158630.0,2025-08-12 13:33:16.961067
2025-08-12,34526,2025081205015315,HIDCL,Naasa Securities Co. Ltd.,SUN SECURITIES PVT LTD,130,290.0,37700.0,2025-08-12 13:33:16.961941
2025-08-12,34525,2025081205015316,HIDCL,Naasa Securities Co. Ltd.,Midas Stock Broking Company Private Limited,23,290.0,6670.0,2025-08-12 13:33:16.962552
2025-08-12,34326,2025081205015396,HIDCL,Kumari Securities Private Limited,Midas Stock Broking Company Private Limited,30,290.0,8700.0,2025-08-12 13:34:22.059434
2025-08-12,34127,2025081205015486,HIDCL,Imperial Securities Company Pvt. Ltd.,Naasa Securities Co. Ltd.,9,287.0,2583.0,2025-08-12 13:35:16.626302
2025-08-12,33853,2025081205015577,HIDCL,J.F. Securites (PVT) Ltd.,Midas Stock Broking Company Private Limited,500,290.0,145000.0,2025-08-12 13:36:25.780840
2025-08-12,33639,2025081205015640,HIDCL,Online Securities Pvt. Ltd.,Sani Securities Company Ltd.,18,289.0,5202.0,2025-08-12 13:37:28.930747
2025-08-12,33638,2025081205015641,HIDCL,Shree Krishna Securities Ltd.,Sani Securities Company Ltd.,42,289.0,12138.0,2025-08-12 13:37:28.931647
2025-08-12,33433,2025081205015711,HIDCL,Shree Krishna Securities Ltd.,Kohinoor Investment & Securities Pvt. Ltd.,10,289.0,2890.0,2025-08-12 13:38:19.506376
2025-08-12,33346,2025081205015730,HIDCL,Sani Securities Company Ltd.,Sani Securities Company Ltd.,1,284.0,284.0,2025-08-12 13:38:51.809019
2025-08-12,33037,2025081205015847,HIDCL,Sweta Securities Private Limited,Kohinoor Investment & Securities Pvt. Ltd.,32,289.5,9264.0,2025-08-12 13:40:23.276987
2025-08-12,32814,2025081205015929,HIDCL,Sweta Securities Private Limited,Kumari Securities Private Limited,18,289.9,5218.2,2025-08-12 13:41:20.585951
2025-08-12,32433,2025081205016088,HIDCL,South Asian Bulls Pvt. Ltd.,Kumari Securities Private Limited,82,289.9,23771.8,2025-08-12 13:43:02.607674
2025-08-12,32432,2025081205016089,HIDCL,South Asian Bulls Pvt. Ltd.,Aryatara Investment & Securities,100,289.9,28990.0,2025-08-12 13:43:02.608103
2025-08-12,32431,2025081205016090,HIDCL,South Asian Bulls Pvt. Ltd.,Kumari Securities Private Limited,318,289.9,92188.2,2025-08-12 13:43:02.608303
2025-08-12,32417,2025081205016096,HIDCL,Sri Hari Securities Pvt. Ltd.,Kumari Securities Private Limited,79,289.9,22902.1,2025-08-12 13:43:08.176058
2025-08-12,32260,2025081205016138,HIDCL,Naasa Securities Co. Ltd.,Primo Securities (PVT) Ltd.,40,289.1,11564.0,2025-08-12 13:43:58.013773
2025-08-12,32259,2025081205016139,HIDCL,Naasa Securities Co. Ltd.,Sewa Securities Pvt. Ltd.,6,289.1,1734.6,2025-08-12 13:43:58.013924
2025-08-12,32173,2025081205016185,HIDCL,Imperial Securities Company Pvt. Ltd.,Linch Stock Market Ltd.,1,285.0,285.0,2025-08-12 13:44:21.368852
2025-08-12,32169,2025081205016186,HIDCL,Kohinoor Investment & Securities Pvt. Ltd.,Kumari Securities Private Limited,103,289.9,29859.7,2025-08-12 13:44:21.776373
2025-08-12,32168,2025081205016187,HIDCL,Kohinoor Investment & Securities Pvt. Ltd.,Aryatara Investment & Securities,21,289.9,6087.9,2025-08-12 13:44:21.776826
2025-08-12,32126,2025081205016197,HIDCL,Sweta Securities Private Limited,Aryatara Investment & Securities,79,289.9,22902.1,2025-08-12 13:44:35.321957
2025-08-12,32016,2025081205016215,HIDCL,Sweta Securities Private Limited,Midas Stock Broking Company Private Limited,71,290.0,20590.0,2025-08-12 13:45:04.427647
2025-08-12,31886,2025081205016248,HIDCL,Nepal Stock House (PVT) Ltd.,Midas Stock Broking Company Private Limited,376,290.0,109040.0,2025-08-12 13:45:28.933499
2025-08-12,31885,2025081205016249,HIDCL,Nepal Stock House (PVT) Ltd.,Vision Securities Pvt. Ltd,110,290.0,31900.0,2025-08-12 13:45:28.933948
2025-08-12,31884,2025081205016250,HIDCL,Nepal Stock House (PVT) Ltd.,Infinity Securities Limited,514,290.0,149060.0,2025-08-12 13:45:28.934149
2025-08-12,31546,2025081205016327,HIDCL,Online Securities Pvt. Ltd.,Infinity Securities Limited,60,290.0,17400.0,2025-08-12 13:46:29.932182
2025-08-12,31341,2025081205016375,HIDCL,Sweta Securities Private Limited,Infinity Securities Limited,426,290.0,123540.0,2025-08-12 13:47:07.059377
2025-08-12,31340,2025081205016376,HIDCL,Sweta Securities Private Limited,Naasa Securities Co. Ltd.,1000,290.0,290000.0,2025-08-12 13:47:07.059789
2025-08-12,31339,2025081205016377,HIDCL,Sweta Securities Private Limited,Sweta Securities Private Limited,10,290.0,2900.0,2025-08-12 13:47:07.060020
2025-08-12,31325,2025081205016381,HIDCL,Sweta Securities Private Limited,Nepal Stock House (PVT) Ltd.,36,290.0,10440.0,2025-08-12 13:47:11.181060
2025-08-12,30279,2025081205016771,HIDCL,J.F. Securites (PVT) Ltd.,Kumari Securities Private Limited,144,290.0,41760.0,2025-08-12 13:50:39.074281
2025-08-12,29952,2025081205016865,HIDCL,J.F. Securites (PVT) Ltd.,Trishakti Securities Public Limited,356,290.0,103240.0,2025-08-12 13:51:42.462024
2025-08-12,29951,2025081205016866,HIDCL,Aryatara Investment & Securities,Trishakti Securities Public Limited,144,290.0,41760.0,2025-08-12 13:51:42.462559
2025-08-12,29823,2025081205016896,HIDCL,Sundhara Securities Limited,South Asian Bulls Pvt. Ltd.,10,290.8,2908.0,2025-08-12 13:52:13.747084
2025-08-12,28768,2025081205017148,HIDCL,Shree Krishna Securities Ltd.,South Asian Bulls Pvt. Ltd.,90,290.8,26172.0,2025-08-12 13:55:29.360567
2025-08-12,28767,2025081205017149,HIDCL,Shree Krishna Securities Ltd.,Aryatara Investment & Securities,90,290.8,26172.0,2025-08-12 13:55:29.360617
2025-08-12,28750,2025081205017154,HIDCL,Agrawal Securities (PVT) Ltd.,Aryatara Investment & Securities,10,290.8,2908.0,2025-08-12 13:55:33.873386
2025-08-12,28612,2025081205017192,HIDCL,Shree Krishna Securities Ltd.,Dynamic Money Managers Securities Pvt. Ltd.,20,290.9,5818.0,2025-08-12 13:56:00.507982
2025-08-12,28596,2025081205017198,HIDCL,Imperial Securities Company Pvt. Ltd.,Naasa Securities Co. Ltd.,3,287.7,863.1,2025-08-12 13:56:02.944993
2025-08-12,28364,2025081205017281,HIDCL,Agrawal Securities (PVT) Ltd.,Dynamic Money Managers Securities Pvt. Ltd.,20,290.8,5816.0,2025-08-12 13:56:45.918446
2025-08-12,28277,2025081205017299,HIDCL,Aryatara Investment & Securities,Dynamic Money Managers Securities Pvt. Ltd.,180,290.9,52362.0,2025-08-12 13:56:57.841916
2025-08-12,28276,2025081205017300,HIDCL,Aryatara Investment & Securities,Aryatara Investment & Securities,20,290.9,5818.0,2025-08-12 13:56:57.842353
2025-08-12,27799,2025081205017474,HIDCL,Nabil Stock Dealer Ltd.,Online Securities Pvt. Ltd.,956,291.0,278196.0,2025-08-12 13:58:06.324936
2025-08-12,27798,2025081205017475,HIDCL,Nabil Stock Dealer Ltd.,Dynamic Money Managers Securities Pvt. Ltd.,44,291.0,12804.0,2025-08-12 13:58:06.325890
2025-08-12,27628,2025081205017570,HIDCL,Aryatara Investment & Securities,Dynamic Money Managers Securities Pvt. Ltd.,64,291.0,18624.0,2025-08-12 13:58:32.246353
2025-08-12,27627,2025081205017571,HIDCL,Aryatara Investment & Securities,Siprabi Securities Pvt. Ltd.,100,291.0,29100.0,2025-08-12 13:58:32.246754
2025-08-12,27626,2025081205017572,HIDCL,Aryatara Investment & Securities,Sumeru Securities Pvt. Ltd.,100,291.0,29100.0,2025-08-12 13:58:32.246961
2025-08-12,27344,2025081205017664,HIDCL,Aryatara Investment & Securities,Sharepro Securities Private Limited,100,291.0,29100.0,2025-08-12 13:59:31.291029
2025-08-12,26992,2025081205017772,HIDCL,Aryatara Investment & Securities,Blue Chip Securities Ltd,500,291.0,145500.0,2025-08-12 14:00:33.520401
2025-08-12,26692,2025081205017869,HIDCL,Nepal Stock House (PVT) Ltd.,Dynamic Money Managers Securities Pvt. Ltd.,200,291.8,58360.0,2025-08-12 14:01:31.430166
2025-08-12,26691,2025081205017870,HIDCL,Nepal Stock House (PVT) Ltd.,Arun Securities (PVT) Ltd.,200,291.8,58360.0,2025-08-12 14:01:31.431148
2025-08-12,26690,2025081205017871,HIDCL,Nepal Stock House (PVT) Ltd.,Aryatara Investment & Securities,80,291.8,23344.0,2025-08-12 14:01:31.431899
2025-08-12,26570,2025081205017909,HIDCL,Linch Stock Market Ltd.,Dynamic Money Managers Securities Pvt. Ltd.,200,291.9,58380.0,2025-08-12 14:01:55.366214
2025-08-12,26450,2025081205017932,HIDCL,Dipshikha Dhitopatra Karobar Co. Pvt Ltd.,Dynamic Money Managers Securities Pvt. Ltd.,100,291.9,29190.0,2025-08-12 14:02:16.608564
2025-08-12,26449,2025081205017933,HIDCL,Dipshikha Dhitopatra Karobar Co. Pvt Ltd.,ABC Securities Private Limited,50,291.9,14595.0,2025-08-12 14:02:16.608681
2025-08-12,26448,2025081205017934,HIDCL,Dipshikha Dhitopatra Karobar Co. Pvt Ltd.,Kohinoor Investment & Securities Pvt. Ltd.,500,291.9,145950.0,2025-08-12 14:02:16.608711
2025-08-12,26447,2025081205017935,HIDCL,Dipshikha Dhitopatra Karobar Co. Pvt Ltd.,Vision Securities Pvt. Ltd,200,291.9,58380.0,2025-08-12 14:02:16.608733
2025-08-12,26446,2025081205017936,HIDCL,Dipshikha Dhitopatra Karobar Co. Pvt Ltd.,Garima Securities Limited,1981,291.9,578253.9,2025-08-12 14:02:16.608757
2025-08-12,26445,2025081205017937,HIDCL,Dipshikha Dhitopatra Karobar Co. Pvt Ltd.,J.F. Securites (PVT) Ltd.,1169,291.9,341231.1,2025-08-12 14:02:16.608782
2025-08-12,26254,2025081205017999,HIDCL,Aryatara Investment & Securities,Asian Securities Private Ltd.,100,291.0,29100.0,2025-08-12 14:02:50.533547
2025-08-12,25935,2025081205018071,HIDCL,Aryatara Investment & Securities,South Asian Bulls Pvt. Ltd.,36,291.0,10476.0,2025-08-12 14:03:35.447361
2025-08-12,25934,2025081205018072,HIDCL,Kumari Securities Private Limited,South Asian Bulls Pvt. Ltd.,100,291.0,29100.0,2025-08-12 14:03:35.447849
2025-08-12,25933,2025081205018073,HIDCL,Arun Securities (PVT) Ltd.,South Asian Bulls Pvt. Ltd.,64,291.0,18624.0,2025-08-12 14:03:35.448067
2025-08-12,25634,2025081205018167,HIDCL,Kohinoor Investment & Securities Pvt. Ltd.,Online Securities Pvt. Ltd.,10,291.5,2915.0,2025-08-12 14:04:28.374929
2025-08-12,25633,2025081205018168,HIDCL,Kohinoor Investment & Securities Pvt. Ltd.,South Asian Bulls Pvt. Ltd.,90,291.6,26244.0,2025-08-12 14:04:28.375393
2025-08-12,25458,2025081205018218,HIDCL,Arun Securities (PVT) Ltd.,J.F. Securites (PVT) Ltd.,11,291.0,3201.0,2025-08-12 14:05:01.829482
2025-08-12,25457,2025081205018219,HIDCL,Agrawal Securities (PVT) Ltd.,J.F. Securites (PVT) Ltd.,70,290.8,20356.0,2025-08-12 14:05:01.829601
2025-08-12,25456,2025081205018220,HIDCL,Citizens Share Broker Limited,J.F. Securites (PVT) Ltd.,800,290.1,232080.0,2025-08-12 14:05:01.829684
2025-08-12,25455,2025081205018221,HIDCL,Secured Securities Ltd.,J.F. Securites (PVT) Ltd.,50,290.1,14505.0,2025-08-12 14:05:01.829783
2025-08-12,25454,2025081205018222,HIDCL,Thrive Brokerage House Pvt. Ltd,J.F. Securites (PVT) Ltd.,69,290.0,20010.0,2025-08-12 14:05:01.829848
2025-08-12,25423,2025081205018228,HIDCL,Thrive Brokerage House Pvt. Ltd,Sumeru Securities Pvt. Ltd.,31,290.0,8990.0,2025-08-12 14:05:06.349513
2025-08-12,25422,2025081205018229,HIDCL,Premier Securities Company Ltd.,Sumeru Securities Pvt. Ltd.,100,290.0,29000.0,2025-08-12 14:05:06.349977
2025-08-12,25421,2025081205018230,HIDCL,Sri Hari Securities Pvt. Ltd.,Sumeru Securities Pvt. Ltd.,240,290.0,69600.0,2025-08-12 14:05:06.350180
2025-08-12,25420,2025081205018231,HIDCL,Capital Max Securities Ltd,Sumeru Securities Pvt. Ltd.,10,290.0,2900.0,2025-08-12 14:05:06.350390
2025-08-12,25419,2025081205018232,HIDCL,Linch Stock Market Ltd.,Sumeru Securities Pvt. Ltd.,344,290.0,99760.0,2025-08-12 14:05:06.350587
2025-08-12,25418,2025081205018233,HIDCL,Naasa Securities Co. Ltd.,Sumeru Securities Pvt. Ltd.,1000,290.0,290000.0,2025-08-12 14:05:06.350779
2025-08-12,25417,2025081205018234,HIDCL,Asian Securities Private Ltd.,Sumeru Securities Pvt. Ltd.,275,290.0,79750.0,2025-08-12 14:05:06.350977
2025-08-12,25200,2025081205018294,HIDCL,Asian Securities Private Ltd.,Secured Securities Ltd.,725,290.0,210250.0,2025-08-12 14:05:46.322045
2025-08-12,24693,2025081205018475,HIDCL,Sundhara Securities Limited,Sri Hari Securities Pvt. Ltd.,100,289.5,28950.0,2025-08-12 14:07:45.857153
2025-08-12,24578,2025081205018513,HIDCL,Deevyaa Securities & Stock House Pvt. Ltd,Linch Stock Market Ltd.,100,290.0,29000.0,2025-08-12 14:08:03.777934
2025-08-12,24566,2025081205018517,HIDCL,Deevyaa Securities & Stock House Pvt. Ltd,Online Securities Pvt. Ltd.,125,290.0,36250.0,2025-08-12 14:08:07.796997
2025-08-12,24404,2025081205018579,HIDCL,Deevyaa Securities & Stock House Pvt. Ltd,Trishakti Securities Public Limited,300,290.0,87000.0,2025-08-12 14:08:36.984112
2025-08-12,24111,2025081205018692,HIDCL,Roadshow securities limited,Midas Stock Broking Company Private Limited,26,290.6,7555.6,2025-08-12 14:09:32.260673
2025-08-12,24110,2025081205018693,HIDCL,Roadshow securities limited,Secured Securities Ltd.,25,290.9,7272.5,2025-08-12 14:09:32.260772
2025-08-12,24109,2025081205018694,HIDCL,Roadshow securities limited,South Asian Bulls Pvt. Ltd.,10,291.6,2916.0,2025-08-12 14:09:32.260850
2025-08-12,24108,2025081205018695,HIDCL,Roadshow securities limited,J.F. Securites (PVT) Ltd.,239,291.9,69764.1,2025-08-12 14:09:32.260928
2025-08-12,24094,2025081205018701,HIDCL,Secured Securities Ltd.,Naasa Securities Co. Ltd.,163,290.1,47286.3,2025-08-12 14:09:34.190114
2025-08-12,23959,2025081205018751,HIDCL,Sundhara Securities Limited,Kohinoor Investment & Securities Pvt. Ltd.,400,290.2,116080.0,2025-08-12 14:09:58.918568
2025-08-12,23958,2025081205018752,HIDCL,Secured Securities Ltd.,Kohinoor Investment & Securities Pvt. Ltd.,600,290.1,174060.0,2025-08-12 14:09:58.919019
2025-08-12,23751,2025081205018794,HIDCL,Secured Securities Ltd.,Roadshow securities limited,657,290.1,190595.7,2025-08-12 14:10:33.466158
2025-08-12,23750,2025081205018795,HIDCL,Premier Securities Company Ltd.,Roadshow securities limited,143,290.1,41484.3,2025-08-12 14:10:33.466232
2025-08-12,23688,2025081205018812,HIDCL,Vision Securities Pvt. Ltd,J.F. Securites (PVT) Ltd.,10,291.9,2919.0,2025-08-12 14:10:45.653755
2025-08-12,23504,2025081205018903,HIDCL,Nepal Stock House (PVT) Ltd.,Ashutosh Brokerage & Securities (PVT) Ltd.,56,291.8,16340.8,2025-08-12 14:11:19.957364
2025-08-12,23503,2025081205018904,HIDCL,Nepal Stock House (PVT) Ltd.,J.F. Securites (PVT) Ltd.,444,291.9,129603.6,2025-08-12 14:11:19.957870
2025-08-12,23374,2025081205019009,HIDCL,Sewa Securities Pvt. Ltd.,J.F. Securites (PVT) Ltd.,100,291.9,29190.0,2025-08-12 14:11:27.960861
2025-08-12,22885,2025081205019183,HIDCL,Premier Securities Company Ltd.,Sumeru Securities Pvt. Ltd.,57,290.1,16535.7,2025-08-12 14:13:18.528995
2025-08-12,22884,2025081205019184,HIDCL,Deevyaa Securities & Stock House Pvt. Ltd,Sumeru Securities Pvt. Ltd.,143,290.0,41470.0,2025-08-12 14:13:18.529465
2025-08-12,22705,2025081205019238,HIDCL,Naasa Securities Co. Ltd.,Creative Securities Pvt Ltd,138,290.1,40033.8,2025-08-12 14:14:03.017828
2025-08-12,22589,2025081205019274,HIDCL,Naasa Securities Co. Ltd.,Investment Management Nepal Pvt. Ltd.,10,290.1,2901.0,2025-08-12 14:14:26.940386
2025-08-12,22185,2025081205019354,HIDCL,Naasa Securities Co. Ltd.,Roadshow securities limited,27,290.1,7832.7,2025-08-12 14:15:44.196546
2025-08-12,22184,2025081205019355,HIDCL,Deevyaa Securities & Stock House Pvt. Ltd,Roadshow securities limited,332,290.0,96280.0,2025-08-12 14:15:44.196648
2025-08-12,22183,2025081205019356,HIDCL,Malla & Malla Stock Broking Company Pvt. Limited,Roadshow securities limited,500,290.0,145000.0,2025-08-12 14:15:44.196677
2025-08-12,22182,2025081205019357,HIDCL,Oxford Securities Pvt. Ltd.,Roadshow securities limited,141,290.0,40890.0,2025-08-12 14:15:44.196705
2025-08-12,22024,2025081205019413,HIDCL,Dakshinkali Investment & Securities Pvt. Ltd.,Cristal Kanchanjanga Securites Pvt. Ltd.,10,290.1,2901.0,2025-08-12 14:16:07.631880
2025-08-12,21484,2025081205019620,HIDCL,Premier Securities Company Ltd.,Dipshikha Dhitopatra Karobar Co. Pvt Ltd.,57,291.5,16615.5,2025-08-12 14:18:03.856108
2025-08-12,21429,2025081205019633,HIDCL,Premier Securities Company Ltd.,Trishakti Securities Public Limited,200,291.7,58340.0,2025-08-12 14:18:17.382559
2025-08-12,21380,2025081205019650,HIDCL,Premier Securities Company Ltd.,ABC Securities Private Limited,30,291.7,8751.0,2025-08-12 14:18:30.094104
2025-08-12,21378,2025081205019651,HIDCL,Premier Securities Company Ltd.,Naasa Securities Co. Ltd.,713,291.7,207982.1,2025-08-12 14:18:30.131764
2025-08-12,21072,2025081205019751,HIDCL,Oxford Securities Pvt. Ltd.,Trishakti Securities Public Limited,49,290.0,14210.0,2025-08-12 14:19:28.782491
2025-08-12,21071,2025081205019752,HIDCL,Nepal Stock House (PVT) Ltd.,Trishakti Securities Public Limited,100,290.0,29000.0,2025-08-12 14:19:28.782978
2025-08-12,21066,2025081205019753,HIDCL,Aryatara Investment & Securities,Trishakti Securities Public Limited,51,290.0,14790.0,2025-08-12 14:19:30.317837
2025-08-12,20798,2025081205019856,HIDCL,South Asian Bulls Pvt. Ltd.,Deevyaa Securities & Stock House Pvt. Ltd,200,291.0,58200.0,2025-08-12 14:20:26.533975
2025-08-12,20775,2025081205019866,HIDCL,Aryatara Investment & Securities,Bhrikuti Stock Broking Co. Pvt. Ltd.,49,290.4,14229.6,2025-08-12 14:20:30.067172
2025-08-12,20539,2025081205019924,HIDCL,Imperial Securities Company Pvt. Ltd.,Sundhara Securities Limited,2,285.2,570.4,2025-08-12 14:21:10.750040
2025-08-12,20205,2025081205020036,HIDCL,Opal Securities Investment (PVT) Ltd.,Bhrikuti Stock Broking Co. Pvt. Ltd.,21,290.0,6090.0,2025-08-12 14:22:06.542723
2025-08-12,20204,2025081205020037,HIDCL,Opal Securities Investment (PVT) Ltd.,Sweta Securities Private Limited,179,290.0,51910.0,2025-08-12 14:22:06.543198
2025-08-12,19901,2025081205020171,HIDCL,Sundhara Securities Limited,Sweta Securities Private Limited,100,290.0,29000.0,2025-08-12 14:23:07.941506
2025-08-12,19883,2025081205020181,HIDCL,Naasa Securities Co. Ltd.,Imperial Securities Company Pvt. Ltd.,104,289.9,30149.6,2025-08-12 14:23:10.181648
2025-08-12,19882,2025081205020182,HIDCL,Online Securities Pvt. Ltd.,Imperial Securities Company Pvt. Ltd.,600,289.5,173700.0,2025-08-12 14:23:10.182136
2025-08-12,19881,2025081205020183,HIDCL,Deevyaa Securities & Stock House Pvt. Ltd,Imperial Securities Company Pvt. Ltd.,500,289.4,144700.0,2025-08-12 14:23:10.182369
2025-08-12,19880,2025081205020184,HIDCL,Ashutosh Brokerage & Securities (PVT) Ltd.,Imperial Securities Company Pvt. Ltd.,83,289.4,24020.2,2025-08-12 14:23:10.182597
2025-08-12,19879,2025081205020185,HIDCL,Premier Securities Company Ltd.,Imperial Securities Company Pvt. Ltd.,200,289.3,57860.0,2025-08-12 14:23:10.182822
2025-08-12,19878,2025081205020186,HIDCL,Sweta Securities Private Limited,Imperial Securities Company Pvt. Ltd.,1013,289.2,292959.6,2025-08-12 14:23:10.183031
2025-08-12,18977,2025081205020432,HIDCL,Sani Securities Company Ltd.,Trishakti Securities Public Limited,3,292.0,876.0,2025-08-12 14:25:31.009834
2025-08-12,18870,2025081205020467,HIDCL,Premier Securities Company Ltd.,Investment Management Nepal Pvt. Ltd.,30,289.4,8682.0,2025-08-12 14:25:53.256463
2025-08-12,17871,2025081205020826,HIDCL,Sewa Securities Pvt. Ltd.,Sweta Securities Private Limited,21,290.0,6090.0,2025-08-12 14:29:13.074979
2025-08-12,17870,2025081205020827,HIDCL,Sewa Securities Pvt. Ltd.,Vision Securities Pvt. Ltd,29,290.0,8410.0,2025-08-12 14:29:13.075846
2025-08-12,16818,2025081205021170,HIDCL,Premier Securities Company Ltd.,Online Securities Pvt. Ltd.,70,289.4,20258.0,2025-08-12 14:33:35.764572
2025-08-12,16817,2025081205021171,HIDCL,Naasa Securities Co. Ltd.,Online Securities Pvt. Ltd.,10,289.4,2894.0,2025-08-12 14:33:35.765087
2025-08-12,16816,2025081205021172,HIDCL,Premier Securities Company Ltd.,Online Securities Pvt. Ltd.,200,289.4,57880.0,2025-08-12 14:33:35.765307
2025-08-12,16815,2025081205021173,HIDCL,Premier Securities Company Ltd.,Online Securities Pvt. Ltd.,100,289.3,28930.0,2025-08-12 14:33:35.765535
2025-08-12,16814,2025081205021174,HIDCL,Capital Max Securities Ltd,Online Securities Pvt. Ltd.,120,289.3,34716.0,2025-08-12 14:33:35.765752
2025-08-12,16623,2025081205021210,HIDCL,Naasa Securities Co. Ltd.,Sumeru Securities Pvt. Ltd.,10,289.1,2891.0,2025-08-12 14:34:15.420016
2025-08-12,16622,2025081205021211,HIDCL,Capital Max Securities Ltd,Sumeru Securities Pvt. Ltd.,40,289.1,11564.0,2025-08-12 14:34:15.420506
2025-08-12,16533,2025081205021243,HIDCL,Aryatara Investment & Securities,Vision Securities Pvt. Ltd,50,290.0,14500.0,2025-08-12 14:34:31.840440
2025-08-12,16418,2025081205021272,HIDCL,Dakshinkali Investment & Securities Pvt. Ltd.,Secured Securities Ltd.,3,288.0,864.0,2025-08-12 14:34:56.523723
2025-08-12,16364,2025081205021289,HIDCL,Dakshinkali Investment & Securities Pvt. Ltd.,Cristal Kanchanjanga Securites Pvt. Ltd.,2,288.0,576.0,2025-08-12 14:35:09.678047
2025-08-12,16281,2025081205021300,HIDCL,Dakshinkali Investment & Securities Pvt. Ltd.,Malla & Malla Stock Broking Company Pvt. Limited,6,288.0,1728.0,2025-08-12 14:35:19.754501
2025-08-12,16198,2025081205021326,HIDCL,J.F. Securites (PVT) Ltd.,Sumeru Securities Pvt. Ltd.,10,289.2,2892.0,2025-08-12 14:35:30.777180
2025-08-12,15870,2025081205021429,HIDCL,Online Securities Pvt. Ltd.,Kumari Securities Private Limited,250,290.0,72500.0,2025-08-12 14:36:24.514609
2025-08-12,15869,2025081205021430,HIDCL,Online Securities Pvt. Ltd.,Nepal Investment And Securities Trading Private Limited,100,290.0,29000.0,2025-08-12 14:36:24.515096
2025-08-12,15868,2025081205021431,HIDCL,Online Securities Pvt. Ltd.,South Asian Bulls Pvt. Ltd.,400,290.0,116000.0,2025-08-12 14:36:24.515328
2025-08-12,15867,2025081205021432,HIDCL,Online Securities Pvt. Ltd.,Kumari Securities Private Limited,250,290.0,72500.0,2025-08-12 14:36:24.515536
2025-08-12,15805,2025081205021472,HIDCL,Hatemalo Financial Services Private Limited,Kalika Securities Pvt. Ltd.,200,289.6,57920.0,2025-08-12 14:36:36.130260
2025-08-12,15770,2025081205021488,HIDCL,Online Securities Pvt. Ltd.,Kalika Securities Pvt. Ltd.,235,289.6,68056.0,2025-08-12 14:36:47.835327
2025-08-12,15759,2025081205021495,HIDCL,Online Securities Pvt. Ltd.,Asian Securities Private Ltd.,50,289.5,14475.0,2025-08-12 14:36:48.303593
2025-08-12,15658,2025081205021531,HIDCL,Aryatara Investment & Securities,Kumari Securities Private Limited,10,290.0,2900.0,2025-08-12 14:37:07.062470
2025-08-12,14820,2025081205021884,HIDCL,Online Securities Pvt. Ltd.,Dynamic Money Managers Securities Pvt. Ltd.,500,289.6,144800.0,2025-08-12 14:39:10.701834
2025-08-12,14653,2025081205021933,HIDCL,Online Securities Pvt. Ltd.,Premier Securities Company Ltd.,150,289.5,43425.0,2025-08-12 14:39:31.924298
2025-08-12,14652,2025081205021934,HIDCL,Online Securities Pvt. Ltd.,Premier Securities Company Ltd.,350,289.5,101325.0,2025-08-12 14:39:31.924824
2025-08-12,14181,2025081205022109,HIDCL,Online Securities Pvt. Ltd.,Opal Securities Investment (PVT) Ltd.,140,289.5,40530.0,2025-08-12 14:40:34.667290
2025-08-12,13877,2025081205022175,HIDCL,Online Securities Pvt. Ltd.,Linch Stock Market Ltd.,10,289.5,2895.0,2025-08-12 14:41:17.377650
2025-08-12,13876,2025081205022176,HIDCL,Sumeru Securities Pvt. Ltd.,Linch Stock Market Ltd.,100,289.5,28950.0,2025-08-12 14:41:17.378647
2025-08-12,13731,2025081205022216,HIDCL,Nepal Stock House (PVT) Ltd.,Sani Securities Company Ltd.,100,289.2,28920.0,2025-08-12 14:41:37.529191
2025-08-12,13664,2025081205022235,HIDCL,Capital Max Securities Ltd,Linch Stock Market Ltd.,260,289.1,75166.0,2025-08-12 14:41:48.603107
2025-08-12,13499,2025081205022274,HIDCL,Online Securities Pvt. Ltd.,Sani Securities Company Ltd.,96,289.2,27763.2,2025-08-12 14:42:03.306942
2025-08-12,13420,2025081205022312,HIDCL,Linch Stock Market Ltd.,Investment Management Nepal Pvt. Ltd.,1500,289.9,434850.0,2025-08-12 14:42:10.758064
2025-08-12,13348,2025081205022323,HIDCL,Capital Max Securities Ltd,Aryatara Investment & Securities,700,289.1,202370.0,2025-08-12 14:42:17.295582
2025-08-12,13212,2025081205022356,HIDCL,Premier Securities Company Ltd.,Kumari Securities Private Limited,100,289.1,28910.0,2025-08-12 14:42:32.781195
2025-08-12,13211,2025081205022357,HIDCL,Shree Krishna Securities Ltd.,Kumari Securities Private Limited,148,289.0,42772.0,2025-08-12 14:42:32.781651
2025-08-12,13210,2025081205022358,HIDCL,Primo Securities (PVT) Ltd.,Kumari Securities Private Limited,92,289.0,26588.0,2025-08-12 14:42:32.781869
2025-08-12,13098,2025081205022395,HIDCL,Malla & Malla Stock Broking Company Pvt. Limited,Creative Securities Pvt Ltd,100,289.0,28900.0,2025-08-12 14:42:40.921416
2025-08-12,13097,2025081205022396,HIDCL,Kalika Securities Pvt. Ltd.,Creative Securities Pvt Ltd,10,289.0,2890.0,2025-08-12 14:42:40.922393
2025-08-12,13096,2025081205022397,HIDCL,Kumari Securities Private Limited,Creative Securities Pvt Ltd,45,289.0,13005.0,2025-08-12 14:42:40.923121
2025-08-12,13095,2025081205022398,HIDCL,Midas Stock Broking Company Private Limited,Creative Securities Pvt Ltd,20,289.0,5780.0,2025-08-12 14:42:40.923824
2025-08-12,13094,2025081205022399,HIDCL,Online Securities Pvt. Ltd.,Creative Securities Pvt Ltd,425,289.0,122825.0,2025-08-12 14:42:40.924542
2025-08-12,12912,2025081205022436,HIDCL,Online Securities Pvt. Ltd.,Agrawal Securities (PVT) Ltd.,75,289.0,21675.0,2025-08-12 14:43:03.966122
2025-08-12,12911,2025081205022437,HIDCL,Dipshikha Dhitopatra Karobar Co. Pvt Ltd.,Agrawal Securities (PVT) Ltd.,100,289.0,28900.0,2025-08-12 14:43:03.967021
2025-08-12,12910,2025081205022438,HIDCL,Dynamic Money Managers Securities Pvt. Ltd.,Agrawal Securities (PVT) Ltd.,25,289.0,7225.0,2025-08-12 14:43:03.967650
2025-08-12,12909,2025081205022439,HIDCL,Sumeru Securities Pvt. Ltd.,Agrawal Securities (PVT) Ltd.,100,289.0,28900.0,2025-08-12 14:43:03.968243
2025-08-12,12908,2025081205022440,HIDCL,Online Securities Pvt. Ltd.,Agrawal Securities (PVT) Ltd.,10,289.0,2890.0,2025-08-12 14:43:03.968860
2025-08-12,12907,2025081205022441,HIDCL,Kohinoor Investment & Securities Pvt. Ltd.,Agrawal Securities (PVT) Ltd.,190,289.0,54910.0,2025-08-12 14:43:03.969469
2025-08-12,12880,2025081205022447,HIDCL,Kohinoor Investment & Securities Pvt. Ltd.,Sundhara Securities Limited,10,289.0,2890.0,2025-08-12 14:43:07.722626
2025-08-12,12879,2025081205022448,HIDCL,Sumeru Securities Pvt. Ltd.,Sundhara Securities Limited,10,289.0,2890.0,2025-08-12 14:43:07.723098
2025-08-12,12820,2025081205022471,HIDCL,Sumeru Securities Pvt. Ltd.,Sweta Securities Private Limited,40,289.0,11560.0,2025-08-12 14:43:16.734044
2025-08-12,12819,2025081205022472,HIDCL,Primo Securities (PVT) Ltd.,Sweta Securities Private Limited,100,289.0,28900.0,2025-08-12 14:43:16.734549
2025-08-12,12818,2025081205022473,HIDCL,Siprabi Securities Pvt. Ltd.,Sweta Securities Private Limited,17,289.0,4913.0,2025-08-12 14:43:16.734757
2025-08-12,12700,2025081205022530,HIDCL,Naasa Securities Co. Ltd.,Sweta Securities Private Limited,204,288.7,58894.8,2025-08-12 14:43:27.849476
2025-08-12,12699,2025081205022531,HIDCL,Aryatara Investment & Securities,Sweta Securities Private Limited,4810,288.7,1388647.0,2025-08-12 14:43:27.849933
2025-08-12,12698,2025081205022532,HIDCL,Online Securities Pvt. Ltd.,Sweta Securities Private Limited,500,288.7,144350.0,2025-08-12 14:43:27.850140
2025-08-12,12697,2025081205022533,HIDCL,Online Securities Pvt. Ltd.,Sweta Securities Private Limited,28,288.5,8078.0,2025-08-12 14:43:27.850351
2025-08-12,12696,2025081205022534,HIDCL,Online Securities Pvt. Ltd.,Sweta Securities Private Limited,1000,288.5,288500.0,2025-08-12 14:43:27.850554
2025-08-12,12695,2025081205022535,HIDCL,Naasa Securities Co. Ltd.,Sweta Securities Private Limited,10,288.3,2883.0,2025-08-12 14:43:27.850753
2025-08-12,12694,2025081205022536,HIDCL,Online Securities Pvt. Ltd.,Sweta Securities Private Limited,500,288.3,144150.0,2025-08-12 14:43:27.850953
2025-08-12,12693,2025081205022537,HIDCL,Online Securities Pvt. Ltd.,Sweta Securities Private Limited,1000,288.3,288300.0,2025-08-12 14:43:27.851147
2025-08-12,12692,2025081205022538,HIDCL,Naasa Securities Co. Ltd.,Sweta Securities Private Limited,10,288.2,2882.0,2025-08-12 14:43:27.851353
2025-08-12,12691,2025081205022539,HIDCL,Online Securities Pvt. Ltd.,Sweta Securities Private Limited,500,288.1,144050.0,2025-08-12 14:43:27.851556
2025-08-12,12690,2025081205022540,HIDCL,Naasa Securities Co. Ltd.,Sweta Securities Private Limited,10,288.0,2880.0,2025-08-12 14:43:27.851757
2025-08-12,12689,2025081205022541,HIDCL,Sani Securities Company Ltd.,Sweta Securities Private Limited,100,288.0,28800.0,2025-08-12 14:43:27.851955
2025-08-12,12688,2025081205022542,HIDCL,Sundhara Securities Limited,Sweta Securities Private Limited,21,288.0,6048.0,2025-08-12 14:43:27.852152
2025-08-12,12687,2025081205022543,HIDCL,Online Securities Pvt. Ltd.,Sweta Securities Private Limited,500,288.0,144000.0,2025-08-12 14:43:27.852358
2025-08-12,12686,2025081205022544,HIDCL,Primo Securities (PVT) Ltd.,Sweta Securities Private Limited,200,288.0,57600.0,2025-08-12 14:43:27.852556
2025-08-12,12685,2025081205022545,HIDCL,Linch Stock Market Ltd.,Sweta Securities Private Limited,100,288.0,28800.0,2025-08-12 14:43:27.852748
2025-08-12,12684,2025081205022546,HIDCL,Kalika Securities Pvt. Ltd.,Sweta Securities Private Limited,30,288.0,8640.0,2025-08-12 14:43:27.852944
2025-08-12,12683,2025081205022547,HIDCL,Aryatara Investment & Securities,Sweta Securities Private Limited,100,288.0,28800.0,2025-08-12 14:43:27.853133
2025-08-12,12682,2025081205022548,HIDCL,Nepal Stock House (PVT) Ltd.,Sweta Securities Private Limited,10,288.0,2880.0,2025-08-12 14:43:27.853333
2025-08-12,12681,2025081205022549,HIDCL,Opal Securities Investment (PVT) Ltd.,Sweta Securities Private Limited,210,288.0,60480.0,2025-08-12 14:43:27.853532
2025-08-12,12348,2025081205022649,HIDCL,Opal Securities Investment (PVT) Ltd.,Dipshikha Dhitopatra Karobar Co. Pvt Ltd.,105,288.0,30240.0,2025-08-12 14:44:04.323982
2025-08-12,12347,2025081205022650,HIDCL,Naasa Securities Co. Ltd.,Dipshikha Dhitopatra Karobar Co. Pvt Ltd.,65,288.0,18720.0,2025-08-12 14:44:04.324846
2025-08-12,12346,2025081205022651,HIDCL,Dakshinkali Investment & Securities Pvt. Ltd.,Dipshikha Dhitopatra Karobar Co. Pvt Ltd.,100,288.0,28800.0,2025-08-12 14:44:04.325446
2025-08-12,12345,2025081205022652,HIDCL,Naasa Securities Co. Ltd.,Dipshikha Dhitopatra Karobar Co. Pvt Ltd.,100,288.0,28800.0,2025-08-12 14:44:04.326014
2025-08-12,12343,2025081205022653,HIDCL,Linch Stock Market Ltd.,Dipshikha Dhitopatra Karobar Co. Pvt Ltd.,630,288.0,181440.0,2025-08-12 14:44:04.326582
2025-08-12,12315,2025081205022656,HIDCL,Linch Stock Market Ltd.,Midas Stock Broking Company Private Limited,90,288.0,25920.0,2025-08-12 14:44:09.098138
2025-08-12,11278,2025081205023037,HIDCL,Linch Stock Market Ltd.,Trishakti Securities Public Limited,280,288.0,80640.0,2025-08-12 14:45:49.703304
2025-08-12,11277,2025081205023038,HIDCL,Aakashbhairab Securities Ltd.,Trishakti Securities Public Limited,200,288.0,57600.0,2025-08-12 14:45:49.703797
2025-08-12,11276,2025081205023039,HIDCL,Agrawal Securities (PVT) Ltd.,Trishakti Securities Public Limited,100,288.0,28800.0,2025-08-12 14:45:49.704055
2025-08-12,11275,2025081205023040,HIDCL,Premier Securities Company Ltd.,Trishakti Securities Public Limited,100,288.0,28800.0,2025-08-12 14:45:49.704270
2025-08-12,11109,2025081205023076,HIDCL,Nepal Stock House (PVT) Ltd.,Trishakti Securities Public Limited,145,288.0,41760.0,2025-08-12 14:46:02.602157
2025-08-12,10928,2025081205023139,HIDCL,Vision Securities Pvt. Ltd,Vision Securities Pvt. Ltd,1,282.3,282.3,2025-08-12 14:46:20.481042
2025-08-12,10674,2025081205023208,HIDCL,Siprabi Securities Pvt. Ltd.,Thrive Brokerage House Pvt. Ltd,150,288.0,43200.0,2025-08-12 14:46:44.820550
2025-08-12,9900,2025081205023433,HIDCL,Siprabi Securities Pvt. Ltd.,Vision Securities Pvt. Ltd,250,288.0,72000.0,2025-08-12 14:48:01.845809
2025-08-12,9733,2025081205023489,HIDCL,Siprabi Securities Pvt. Ltd.,Imperial Securities Company Pvt. Ltd.,100,288.0,28800.0,2025-08-12 14:48:23.170130
2025-08-12,9732,2025081205023490,HIDCL,Premier Securities Company Ltd.,Imperial Securities Company Pvt. Ltd.,100,288.0,28800.0,2025-08-12 14:48:23.170581
2025-08-12,9731,2025081205023491,HIDCL,Agrawal Securities (PVT) Ltd.,Imperial Securities Company Pvt. Ltd.,60,288.0,17280.0,2025-08-12 14:48:23.170804
2025-08-12,9730,2025081205023492,HIDCL,Capital Max Securities Ltd,Imperial Securities Company Pvt. Ltd.,32,288.0,9216.0,2025-08-12 14:48:23.171020
2025-08-12,9609,2025081205023520,HIDCL,Sani Securities Company Ltd.,Imperial Securities Company Pvt. Ltd.,208,288.0,59904.0,2025-08-12 14:48:35.062027
2025-08-12,9537,2025081205023531,HIDCL,Imperial Securities Company Pvt. Ltd.,Trishakti Securities Public Limited,1,283.0,283.0,2025-08-12 14:48:46.630270
2025-08-12,8061,2025081205024023,HIDCL,Online Securities Pvt. Ltd.,Capital Max Securities Ltd,69,288.1,19878.9,2025-08-12 14:51:15.317872
2025-08-12,7622,2025081205024142,HIDCL,Online Securities Pvt. Ltd.,Online Securities Pvt. Ltd.,31,288.1,8931.1,2025-08-12 14:51:58.979102
2025-08-12,7621,2025081205024143,HIDCL,Deevyaa Securities & Stock House Pvt. Ltd,Online Securities Pvt. Ltd.,59,288.1,16997.9,2025-08-12 14:51:58.980415
2025-08-12,7422,2025081205024211,HIDCL,Sani Securities Company Ltd.,Trisul Securities & Invt. Ltd.,500,288.5,144250.0,2025-08-12 14:52:19.067043
2025-08-12,7291,2025081205024250,HIDCL,Deevyaa Securities & Stock House Pvt. Ltd,Indira securities pvt. ltd,430,288.1,123883.0,2025-08-12 14:52:29.197395
2025-08-12,7174,2025081205024276,HIDCL,Imperial Securities Company Pvt. Ltd.,Trisul Securities & Invt. Ltd.,250,288.5,72125.0,2025-08-12 14:52:36.499047
2025-08-12,7099,2025081205024301,HIDCL,Online Securities Pvt. Ltd.,Trisul Securities & Invt. Ltd.,69,288.5,19906.5,2025-08-12 14:52:43.623514
2025-08-12,7009,2025081205024316,HIDCL,Naasa Securities Co. Ltd.,Trisul Securities & Invt. Ltd.,10,288.5,2885.0,2025-08-12 14:52:49.167254
2025-08-12,6683,2025081205024437,HIDCL,Investment Management Nepal Pvt. Ltd.,Trisul Securities & Invt. Ltd.,200,288.5,57700.0,2025-08-12 14:53:19.278948
2025-08-12,5868,2025081205024693,HIDCL,Kumari Securities Private Limited,Sweta Securities Private Limited,2000,288.4,576800.0,2025-08-12 14:54:27.093320
2025-08-12,5867,2025081205024694,HIDCL,Sani Securities Company Ltd.,Sweta Securities Private Limited,500,288.3,144150.0,2025-08-12 14:54:27.093796
2025-08-12,5866,2025081205024695,HIDCL,Sumeru Securities Pvt. Ltd.,Sweta Securities Private Limited,1000,288.2,288200.0,2025-08-12 14:54:27.094057
2025-08-12,5865,2025081205024696,HIDCL,Deevyaa Securities & Stock House Pvt. Ltd,Sweta Securities Private Limited,11,288.1,3169.1,2025-08-12 14:54:27.094309
2025-08-12,5864,2025081205024697,HIDCL,Sani Securities Company Ltd.,Sweta Securities Private Limited,812,288.0,233856.0,2025-08-12 14:54:27.094609
2025-08-12,5863,2025081205024698,HIDCL,Kumari Securities Private Limited,Sweta Securities Private Limited,100,288.0,28800.0,2025-08-12 14:54:27.094883
2025-08-12,5862,2025081205024699,HIDCL,Kumari Securities Private Limited,Sweta Securities Private Limited,100,288.0,28800.0,2025-08-12 14:54:27.095146
2025-08-12,5861,2025081205024700,HIDCL,Sipla Securities Private Limited,Sweta Securities Private Limited,50,288.0,14400.0,2025-08-12 14:54:27.095437
2025-08-12,5860,2025081205024701,HIDCL,Aryatara Investment & Securities,Sweta Securities Private Limited,30,288.0,8640.0,2025-08-12 14:54:27.095667
2025-08-12,5859,2025081205024702,HIDCL,Imperial Securities Company Pvt. Ltd.,Sweta Securities Private Limited,50,288.0,14400.0,2025-08-12 14:54:27.095892
2025-08-12,5858,2025081205024703,HIDCL,Premier Securities Company Ltd.,Sweta Securities Private Limited,200,288.0,57600.0,2025-08-12 14:54:27.096125
2025-08-12,5857,2025081205024704,HIDCL,Cristal Kanchanjanga Securites Pvt. Ltd.,Sweta Securities Private Limited,500,288.0,144000.0,2025-08-12 14:54:27.096363
2025-08-12,5856,2025081205024705,HIDCL,Premier Securities Company Ltd.,Sweta Securities Private Limited,100,288.0,28800.0,2025-08-12 14:54:27.096625
2025-08-12,5855,2025081205024706,HIDCL,Kohinoor Investment & Securities Pvt. Ltd.,Sweta Securities Private Limited,100,288.0,28800.0,2025-08-12 14:54:27.096918
2025-08-12,5854,2025081205024707,HIDCL,Bhrikuti Stock Broking Co. Pvt. Ltd.,Sweta Securities Private Limited,1000,288.0,288000.0,2025-08-12 14:54:27.097202
2025-08-12,5727,2025081205024745,HIDCL,Nagarik Stock Dealer ,Sweta Securities Private Limited,450,288.0,129600.0,2025-08-12 14:54:38.402024
2025-08-12,5613,2025081205024778,HIDCL,Vision Securities Pvt. Ltd,Sweta Securities Private Limited,210,288.0,60480.0,2025-08-12 14:54:48.523268
2025-08-12,5418,2025081205024836,HIDCL,Naasa Securities Co. Ltd.,Sweta Securities Private Limited,305,288.0,87840.0,2025-08-12 14:55:03.648429
2025-08-12,5235,2025081205024904,HIDCL,Online Securities Pvt. Ltd.,Imperial Securities Company Pvt. Ltd.,50,287.8,14390.0,2025-08-12 14:55:18.284642
2025-08-12,5113,2025081205024975,HIDCL,Online Securities Pvt. Ltd.,Sagarmatha Securities Private Limited,450,287.8,129510.0,2025-08-12 14:55:27.213568
2025-08-12,5112,2025081205024976,HIDCL,Primo Securities (PVT) Ltd.,Sagarmatha Securities Private Limited,900,287.7,258930.0,2025-08-12 14:55:27.213642
2025-08-12,5016,2025081205025019,HIDCL,Roadshow securities limited,Sweta Securities Private Limited,2482,288.0,714816.0,2025-08-12 14:55:33.912695
2025-08-12,4907,2025081205025056,HIDCL,Trishakti Securities Public Limited,South Asian Bulls Pvt. Ltd.,36,287.8,10360.8,2025-08-12 14:55:42.168974
2025-08-12,4885,2025081205025067,HIDCL,Trishakti Securities Public Limited,Deevyaa Securities & Stock House Pvt. Ltd,80,287.8,23024.0,2025-08-12 14:55:43.765046
2025-08-12,4782,2025081205025094,HIDCL,Secured Securities Ltd.,Infinity Securities Limited,350,288.0,100800.0,2025-08-12 14:55:51.961227
2025-08-12,4751,2025081205025098,HIDCL,Sewa Securities Pvt. Ltd.,Infinity Securities Limited,100,288.0,28800.0,2025-08-12 14:55:53.303579
2025-08-12,4350,2025081205025200,HIDCL,Roadshow securities limited,Infinity Securities Limited,550,288.0,158400.0,2025-08-12 14:56:25.031550
2025-08-12,4349,2025081205025201,HIDCL,Roadshow securities limited,Trishakti Securities Public Limited,500,288.0,144000.0,2025-08-12 14:56:25.031619
2025-08-12,4348,2025081205025202,HIDCL,Roadshow securities limited,Trisul Securities & Invt. Ltd.,11,288.5,3173.5,2025-08-12 14:56:25.031643
2025-08-12,4347,2025081205025203,HIDCL,Roadshow securities limited,Arun Securities (PVT) Ltd.,200,289.8,57960.0,2025-08-12 14:56:25.031676
2025-08-12,4346,2025081205025204,HIDCL,Roadshow securities limited,Aakashbhairab Securities Ltd.,239,289.9,69286.1,2025-08-12 14:56:25.031705
2025-08-12,4331,2025081205025207,HIDCL,Deevyaa Securities & Stock House Pvt. Ltd,Sri Hari Securities Pvt. Ltd.,500,288.0,144000.0,2025-08-12 14:56:26.590567
2025-08-12,4218,2025081205025242,HIDCL,Naasa Securities Co. Ltd.,Sri Hari Securities Pvt. Ltd.,20,288.0,5760.0,2025-08-12 14:56:34.621220
2025-08-12,4078,2025081205025269,HIDCL,Sumeru Securities Pvt. Ltd.,Sri Hari Securities Pvt. Ltd.,50,288.0,14400.0,2025-08-12 14:56:44.192138
2025-08-12,4034,2025081205025289,HIDCL,Nagarik Stock Dealer ,Sri Hari Securities Pvt. Ltd.,400,288.0,115200.0,2025-08-12 14:56:47.986728
2025-08-12,3791,2025081205025352,HIDCL,Agrawal Securities (PVT) Ltd.,Sri Hari Securities Pvt. Ltd.,30,288.0,8640.0,2025-08-12 14:57:06.266874
2025-08-12,3790,2025081205025353,HIDCL,Agrawal Securities (PVT) Ltd.,Himalayan Brokerage Company Limited,470,288.0,135360.0,2025-08-12 14:57:06.267342
2025-08-12,3688,2025081205025381,HIDCL,Siprabi Securities Pvt. Ltd.,Himalayan Brokerage Company Limited,30,288.0,8640.0,2025-08-12 14:57:12.094222
2025-08-12,3599,2025081205025400,HIDCL,Nagarik Stock Dealer ,Himalayan Brokerage Company Limited,500,288.0,144000.0,2025-08-12 14:57:16.426975
2025-08-12,2794,2025081205025626,HIDCL,Aryatara Investment & Securities,Kohinoor Investment & Securities Pvt. Ltd.,30,288.0,8640.0,2025-08-12 14:58:15.434119
2025-08-12,2793,2025081205025627,HIDCL,Kohinoor Investment & Securities Pvt. Ltd.,Kohinoor Investment & Securities Pvt. Ltd.,100,288.0,28800.0,2025-08-12 14:58:15.434562
2025-08-12,2792,2025081205025628,HIDCL,Thrive Brokerage House Pvt. Ltd,Kohinoor Investment & Securities Pvt. Ltd.,800,288.0,230400.0,2025-08-12 14:58:15.435065
2025-08-12,2791,2025081205025629,HIDCL,Linch Stock Market Ltd.,Kohinoor Investment & Securities Pvt. Ltd.,50,288.0,14400.0,2025-08-12 14:58:15.435665
2025-08-12,2790,2025081205025630,HIDCL,Premier Securities Company Ltd.,Kohinoor Investment & Securities Pvt. Ltd.,20,288.0,5760.0,2025-08-12 14:58:15.436265
2025-08-12,2602,2025081205025714,HIDCL,Thrive Brokerage House Pvt. Ltd,Ashutosh Brokerage & Securities (PVT) Ltd.,20,289.0,5780.0,2025-08-12 14:58:22.813161
2025-08-12,2409,2025081205025781,HIDCL,Oxford Securities Pvt. Ltd.,Premier Securities Company Ltd.,200,288.1,57620.0,2025-08-12 14:58:31.801960
2025-08-12,2408,2025081205025782,HIDCL,Premier Securities Company Ltd.,Premier Securities Company Ltd.,80,288.0,23040.0,2025-08-12 14:58:31.802500
2025-08-12,2407,2025081205025783,HIDCL,Deevyaa Securities & Stock House Pvt. Ltd,Premier Securities Company Ltd.,60,288.0,17280.0,2025-08-12 14:58:31.802810
2025-08-12,2279,2025081205025832,HIDCL,Deevyaa Securities & Stock House Pvt. Ltd,Roadshow securities limited,200,288.0,57600.0,2025-08-12 14:58:39.377028
2025-08-12,2061,2025081205025914,HIDCL,Deevyaa Securities & Stock House Pvt. Ltd,Roadshow securities limited,40,288.0,11520.0,2025-08-12 14:58:52.415905
2025-08-12,2060,2025081205025915,HIDCL,Aryatara Investment & Securities,Roadshow securities limited,20,288.0,5760.0,2025-08-12 14:58:52.415983
2025-08-12,2059,2025081205025916,HIDCL,Primo Securities (PVT) Ltd.,Roadshow securities limited,340,288.0,97920.0,2025-08-12 14:58:52.416011
2025-08-12,1988,2025081205025930,HIDCL,Primo Securities (PVT) Ltd.,Agrawal Securities (PVT) Ltd.,45,288.0,12960.0,2025-08-12 14:58:56.311188
2025-08-12,1423,2025081205026126,HIDCL,Primo Securities (PVT) Ltd.,Premier Securities Company Ltd.,15,288.0,4320.0,2025-08-12 14:59:17.207221
2025-08-12,1422,2025081205026127,HIDCL,Primo Securities (PVT) Ltd.,Premier Securities Company Ltd.,1500,288.0,432000.0,2025-08-12 14:59:17.207734
2025-08-12,999,2025081205026293,HIDCL,Aryatara Investment & Securities,Premier Securities Company Ltd.,24,288.0,6912.0,2025-08-12 14:59:27.868934
2025-08-12,984,2025081205026296,HIDCL,Trishakti Securities Public Limited,Sundhara Securities Limited,84,287.8,24175.2,2025-08-12 14:59:28.538158
2025-08-12,983,2025081205026297,HIDCL,Imperial Securities Company Pvt. Ltd.,Sundhara Securities Limited,30,287.8,8634.0,2025-08-12 14:59:28.538212
2025-08-12,982,2025081205026298,HIDCL,ABC Securities Private Limited,Sundhara Securities Limited,26,287.8,7482.8,2025-08-12 14:59:28.538251
2025-08-12,874,2025081205026332,HIDCL,Premier Securities Company Ltd.,Aakashbhairab Securities Ltd.,100,287.8,28780.0,2025-08-12 14:59:33.867508
2025-08-12,873,2025081205026333,HIDCL,J.F. Securites (PVT) Ltd.,Aakashbhairab Securities Ltd.,100,287.8,28780.0,2025-08-12 14:59:33.867963
2025-08-12,872,2025081205026334,HIDCL,Primo Securities (PVT) Ltd.,Aakashbhairab Securities Ltd.,600,287.7,172620.0,2025-08-12 14:59:33.868233
2025-08-12,871,2025081205026335,HIDCL,ABC Securities Private Limited,Aakashbhairab Securities Ltd.,30,287.7,8631.0,2025-08-12 14:59:33.868522
2025-08-12,870,2025081205026336,HIDCL,Sumeru Securities Pvt. Ltd.,Aakashbhairab Securities Ltd.,100,287.7,28770.0,2025-08-12 14:59:33.868799
2025-08-12,869,2025081205026337,HIDCL,Roadshow securities limited,Aakashbhairab Securities Ltd.,1500,287.7,431550.0,2025-08-12 14:59:33.869034
2025-08-12,868,2025081205026338,HIDCL,Online Securities Pvt. Ltd.,Aakashbhairab Securities Ltd.,200,287.7,57540.0,2025-08-12 14:59:33.869236
2025-08-12,867,2025081205026339,HIDCL,ABC Securities Private Limited,Aakashbhairab Securities Ltd.,40,287.7,11508.0,2025-08-12 14:59:33.869471
2025-08-12,652,2025081205026393,HIDCL,Dipshikha Dhitopatra Karobar Co. Pvt Ltd.,Aakashbhairab Securities Ltd.,20,287.7,5754.0,2025-08-12 14:59:41.189798
2025-08-12,542,2025081205026426,HIDCL,Premier Securities Company Ltd.,Aakashbhairab Securities Ltd.,482,287.7,138671.4,2025-08-12 14:59:45.572804
2025-08-12,541,2025081205026427,HIDCL,Premier Securities Company Ltd.,Premier Securities Company Ltd.,18,288.0,5184.0,2025-08-12 14:59:45.573645
