Date,S.N.,Contract ID,Symbol,Buyer Broker,Seller Broker,volume,rate,amount,transaction_time
2025-08-12,78199,2025081203000004,JBBL,Beni Securities Pvt.Ltd.,Trishakti Securities Public Limited,10,362.1,3621.0,2025-08-12 10:46:00.034967
2025-08-12,77676,2025081203000039,JBBL,K.B.L. Securities Limited ,Imperial Securities Company Pvt. Ltd.,15,358.9,5383.5,2025-08-12 11:02:18.821746
2025-08-12,77133,2025081203000076,JBBL,Dipshikha Dhitopatra Karobar Co. Pvt Ltd.,Pragyan Securities (PVT) Ltd.,20,352.0,7040.0,2025-08-12 11:04:26.969737
2025-08-12,77132,2025081203000077,JBBL,Aryatara Investment & Securities,Pragyan Securities (PVT) Ltd.,200,352.0,70400.0,2025-08-12 11:04:26.969819
2025-08-12,77053,2025081203000093,JBBL,Agrawal Securities (PVT) Ltd.,Aryatara Investment & Securities,233,351.8,81969.4,2025-08-12 11:04:42.872120
2025-08-12,76891,2025081203000108,JBBL,Kohinoor Investment & Securities Pvt. Ltd.,Pragyan Securities (PVT) Ltd.,120,352.0,42240.0,2025-08-12 11:05:17.118505
2025-08-12,76695,2025081203000132,JBBL,Sumeru Securities Pvt. Ltd.,Imperial Securities Company Pvt. Ltd.,2,352.0,704.0,2025-08-12 11:06:20.382780
2025-08-12,75923,2025081203000218,JBBL,Beni Securities Pvt.Ltd.,Online Securities Pvt. Ltd.,10,354.9,3549.0,2025-08-12 11:09:08.400615
2025-08-12,75884,2025081203000226,JBBL,ABC Securities Private Limited,Primo Securities (PVT) Ltd.,10,352.6,3526.0,2025-08-12 11:09:19.372356
2025-08-12,75883,2025081203000227,JBBL,Trishakti Securities Public Limited,Primo Securities (PVT) Ltd.,490,352.5,172725.0,2025-08-12 11:09:19.372451
2025-08-12,75344,2025081203000301,JBBL,Bhrikuti Stock Broking Co. Pvt. Ltd.,Siprabi Securities Pvt. Ltd.,500,354.5,177250.0,2025-08-12 11:11:14.710565
2025-08-12,74692,2025081203000381,JBBL,Thrive Brokerage House Pvt. Ltd,Primo Securities (PVT) Ltd.,15,354.0,5310.0,2025-08-12 11:13:50.866770
2025-08-12,74691,2025081203000382,JBBL,Kalika Securities Pvt. Ltd.,Primo Securities (PVT) Ltd.,400,353.1,141240.0,2025-08-12 11:13:50.866950
2025-08-12,74690,2025081203000383,JBBL,Sumeru Securities Pvt. Ltd.,Primo Securities (PVT) Ltd.,50,353.1,17655.0,2025-08-12 11:13:50.867088
2025-08-12,74689,2025081203000384,JBBL,Imperial Securities Company Pvt. Ltd.,Primo Securities (PVT) Ltd.,35,353.0,12355.0,2025-08-12 11:13:50.867206
2025-08-12,74402,2025081203000431,JBBL,Imperial Securities Company Pvt. Ltd.,Vision Securities Pvt. Ltd,19,353.0,6707.0,2025-08-12 11:15:05.366520
2025-08-12,74401,2025081203000432,JBBL,Dipshikha Dhitopatra Karobar Co. Pvt Ltd.,Vision Securities Pvt. Ltd,100,352.5,35250.0,2025-08-12 11:15:05.366631
2025-08-12,74400,2025081203000433,JBBL,Trishakti Securities Public Limited,Vision Securities Pvt. Ltd,100,352.5,35250.0,2025-08-12 11:15:05.366673
2025-08-12,74399,2025081203000434,JBBL,KALASH STOCK MARKET PVT. LTD.,Vision Securities Pvt. Ltd,281,352.1,98940.1,2025-08-12 11:15:05.366714
2025-08-12,74076,2025081203000497,JBBL,KALASH STOCK MARKET PVT. LTD.,Primo Securities (PVT) Ltd.,219,352.1,77109.9,2025-08-12 11:16:14.461384
2025-08-12,74075,2025081203000498,JBBL,Opal Securities Investment (PVT) Ltd.,Primo Securities (PVT) Ltd.,281,352.1,98940.1,2025-08-12 11:16:14.461469
2025-08-12,73524,2025081203000610,JBBL,Sumeru Securities Pvt. Ltd.,Trisul Securities & Invt. Ltd.,30,353.0,10590.0,2025-08-12 11:18:12.147998
2025-08-12,73523,2025081203000611,JBBL,Opal Securities Investment (PVT) Ltd.,Trisul Securities & Invt. Ltd.,120,352.1,42252.0,2025-08-12 11:18:12.148099
2025-08-12,72429,2025081203000820,JBBL,Beni Securities Pvt.Ltd.,Opal Securities Investment (PVT) Ltd.,10,353.9,3539.0,2025-08-12 11:21:16.127070
2025-08-12,72110,2025081203000874,JBBL,Blue Chip Securities Ltd,Online Securities Pvt. Ltd.,2990,353.8,1057862.0,2025-08-12 11:22:15.516387
2025-08-12,72109,2025081203000875,JBBL,Blue Chip Securities Ltd,Opal Securities Investment (PVT) Ltd.,10,353.9,3539.0,2025-08-12 11:22:15.516493
2025-08-12,71889,2025081203000884,JBBL,Blue Chip Securities Ltd,KALASH STOCK MARKET PVT. LTD.,100,352.3,35230.0,2025-08-12 11:22:56.121961
2025-08-12,71709,2025081203000937,JBBL,Blue Chip Securities Ltd,Kohinoor Investment & Securities Pvt. Ltd.,200,352.3,70460.0,2025-08-12 11:23:26.150361
2025-08-12,71708,2025081203000938,JBBL,Blue Chip Securities Ltd,Kohinoor Investment & Securities Pvt. Ltd.,200,352.2,70440.0,2025-08-12 11:23:26.150507
2025-08-12,71707,2025081203000939,JBBL,Ashutosh Brokerage & Securities (PVT) Ltd.,Kohinoor Investment & Securities Pvt. Ltd.,25,352.2,8805.0,2025-08-12 11:23:26.150557
2025-08-12,71706,2025081203000940,JBBL,Opal Securities Investment (PVT) Ltd.,Kohinoor Investment & Securities Pvt. Ltd.,99,352.1,34857.9,2025-08-12 11:23:26.150625
2025-08-12,71705,2025081203000941,JBBL,Asian Securities Private Ltd.,Kohinoor Investment & Securities Pvt. Ltd.,50,352.1,17605.0,2025-08-12 11:23:26.150680
2025-08-12,71704,2025081203000942,JBBL,Blue Chip Securities Ltd,Kohinoor Investment & Securities Pvt. Ltd.,100,352.1,35210.0,2025-08-12 11:23:26.150725
2025-08-12,71703,2025081203000943,JBBL,ABC Securities Private Limited,Kohinoor Investment & Securities Pvt. Ltd.,100,352.0,35200.0,2025-08-12 11:23:26.150771
2025-08-12,71702,2025081203000944,JBBL,Shree Krishna Securities Ltd.,Kohinoor Investment & Securities Pvt. Ltd.,50,352.0,17600.0,2025-08-12 11:23:26.150813
2025-08-12,71701,2025081203000945,JBBL,Siprabi Securities Pvt. Ltd.,Kohinoor Investment & Securities Pvt. Ltd.,100,352.0,35200.0,2025-08-12 11:23:26.150855
2025-08-12,71700,2025081203000946,JBBL,Kumari Securities Private Limited,Kohinoor Investment & Securities Pvt. Ltd.,10,351.9,3519.0,2025-08-12 11:23:26.150900
2025-08-12,71699,2025081203000947,JBBL,Blue Chip Securities Ltd,Kohinoor Investment & Securities Pvt. Ltd.,300,351.9,105570.0,2025-08-12 11:23:26.150944
2025-08-12,71698,2025081203000948,JBBL,Trishakti Securities Public Limited,Kohinoor Investment & Securities Pvt. Ltd.,1000,351.9,351900.0,2025-08-12 11:23:26.150985
2025-08-12,71697,2025081203000949,JBBL,Agrawal Securities (PVT) Ltd.,Kohinoor Investment & Securities Pvt. Ltd.,67,351.8,23570.6,2025-08-12 11:23:26.151036
2025-08-12,71696,2025081203000950,JBBL,Primo Securities (PVT) Ltd.,Kohinoor Investment & Securities Pvt. Ltd.,1000,351.8,351800.0,2025-08-12 11:23:26.151079
2025-08-12,71695,2025081203000951,JBBL,Vision Securities Pvt. Ltd,Kohinoor Investment & Securities Pvt. Ltd.,100,351.8,35180.0,2025-08-12 11:23:26.151134
2025-08-12,71694,2025081203000952,JBBL,Midas Stock Broking Company Private Limited,Kohinoor Investment & Securities Pvt. Ltd.,152,351.6,53443.2,2025-08-12 11:23:26.151214
2025-08-12,71693,2025081203000953,JBBL,Aryatara Investment & Securities,Kohinoor Investment & Securities Pvt. Ltd.,500,351.0,175500.0,2025-08-12 11:23:26.151259
2025-08-12,71692,2025081203000954,JBBL,Sani Securities Company Ltd.,Kohinoor Investment & Securities Pvt. Ltd.,1000,351.0,351000.0,2025-08-12 11:23:26.151302
2025-08-12,71691,2025081203000955,JBBL,Midas Stock Broking Company Private Limited,Kohinoor Investment & Securities Pvt. Ltd.,290,350.0,101500.0,2025-08-12 11:23:26.151360
2025-08-12,71690,2025081203000956,JBBL,Oxford Securities Pvt. Ltd.,Kohinoor Investment & Securities Pvt. Ltd.,100,350.0,35000.0,2025-08-12 11:23:26.151403
2025-08-12,71689,2025081203000957,JBBL,Vision Securities Pvt. Ltd,Kohinoor Investment & Securities Pvt. Ltd.,150,350.0,52500.0,2025-08-12 11:23:26.151449
2025-08-12,71688,2025081203000958,JBBL,Trishakti Securities Public Limited,Kohinoor Investment & Securities Pvt. Ltd.,200,350.0,70000.0,2025-08-12 11:23:26.151499
2025-08-12,71687,2025081203000959,JBBL,Nepal Stock House (PVT) Ltd.,Kohinoor Investment & Securities Pvt. Ltd.,207,350.0,72450.0,2025-08-12 11:23:26.151549
2025-08-12,70901,2025081203001087,JBBL,Kumari Securities Private Limited,Dakshinkali Investment & Securities Pvt. Ltd.,10,350.4,3504.0,2025-08-12 11:25:29.417991
2025-08-12,70900,2025081203001088,JBBL,Blue Chip Securities Ltd,Dakshinkali Investment & Securities Pvt. Ltd.,200,350.3,70060.0,2025-08-12 11:25:29.418102
2025-08-12,70899,2025081203001089,JBBL,Blue Chip Securities Ltd,Dakshinkali Investment & Securities Pvt. Ltd.,132,350.2,46226.4,2025-08-12 11:25:29.418155
2025-08-12,70166,2025081203001264,JBBL,Kumari Securities Private Limited,Miyo Securities Pvt Ltd,50,351.0,17550.0,2025-08-12 11:27:15.463299
2025-08-12,69593,2025081203001361,JBBL,Kumari Securities Private Limited,Miyo Securities Pvt Ltd,50,351.0,17550.0,2025-08-12 11:28:48.116677
2025-08-12,69588,2025081203001363,JBBL,Trishakti Securities Public Limited,Nepal Investment And Securities Trading Private Limited,300,350.5,105150.0,2025-08-12 11:28:48.298237
2025-08-12,69587,2025081203001364,JBBL,Blue Chip Securities Ltd,Nepal Investment And Securities Trading Private Limited,68,350.2,23813.6,2025-08-12 11:28:48.298463
2025-08-12,69586,2025081203001365,JBBL,Sweta Securities Private Limited,Nepal Investment And Securities Trading Private Limited,180,350.1,63018.0,2025-08-12 11:28:48.298592
2025-08-12,69585,2025081203001366,JBBL,Nepal Stock House (PVT) Ltd.,Nepal Investment And Securities Trading Private Limited,93,350.0,32550.0,2025-08-12 11:28:48.298721
2025-08-12,69584,2025081203001367,JBBL,Siprabi Securities Pvt. Ltd.,Nepal Investment And Securities Trading Private Limited,300,350.0,105000.0,2025-08-12 11:28:48.298847
2025-08-12,69583,2025081203001368,JBBL,Sumeru Securities Pvt. Ltd.,Nepal Investment And Securities Trading Private Limited,300,350.0,105000.0,2025-08-12 11:28:48.298997
2025-08-12,69582,2025081203001369,JBBL,Aryatara Investment & Securities,Nepal Investment And Securities Trading Private Limited,100,350.0,35000.0,2025-08-12 11:28:48.299128
2025-08-12,69581,2025081203001370,JBBL,Opal Securities Investment (PVT) Ltd.,Nepal Investment And Securities Trading Private Limited,170,350.0,59500.0,2025-08-12 11:28:48.299250
2025-08-12,69580,2025081203001371,JBBL,Imperial Securities Company Pvt. Ltd.,Nepal Investment And Securities Trading Private Limited,1000,350.0,350000.0,2025-08-12 11:28:48.299391
2025-08-12,69579,2025081203001372,JBBL,Sumeru Securities Pvt. Ltd.,Nepal Investment And Securities Trading Private Limited,10,350.0,3500.0,2025-08-12 11:28:48.299528
2025-08-12,69578,2025081203001373,JBBL,Dipshikha Dhitopatra Karobar Co. Pvt Ltd.,Nepal Investment And Securities Trading Private Limited,100,350.0,35000.0,2025-08-12 11:28:48.299645
2025-08-12,69577,2025081203001374,JBBL,KALASH STOCK MARKET PVT. LTD.,Nepal Investment And Securities Trading Private Limited,100,350.0,35000.0,2025-08-12 11:28:48.299761
2025-08-12,68912,2025081203001538,JBBL,Trishakti Securities Public Limited,Sani Securities Company Ltd.,500,349.1,174550.0,2025-08-12 11:30:20.696722
2025-08-12,68911,2025081203001539,JBBL,Agrawal Securities (PVT) Ltd.,Sani Securities Company Ltd.,500,349.0,174500.0,2025-08-12 11:30:20.696763
2025-08-12,68910,2025081203001540,JBBL,Sri Hari Securities Pvt. Ltd.,Sani Securities Company Ltd.,125,349.0,43625.0,2025-08-12 11:30:20.696792
2025-08-12,68909,2025081203001541,JBBL,Aryatara Investment & Securities,Sani Securities Company Ltd.,18,348.3,6269.4,2025-08-12 11:30:20.696815
2025-08-12,68804,2025081203001573,JBBL,Aryatara Investment & Securities,Online Securities Pvt. Ltd.,182,348.3,63390.6,2025-08-12 11:30:37.149429
2025-08-12,68803,2025081203001574,JBBL,Blue Chip Securities Ltd,Online Securities Pvt. Ltd.,300,348.2,104460.0,2025-08-12 11:30:37.149524
2025-08-12,68802,2025081203001575,JBBL,Bhrikuti Stock Broking Co. Pvt. Ltd.,Online Securities Pvt. Ltd.,2000,348.1,696200.0,2025-08-12 11:30:37.149573
2025-08-12,68801,2025081203001576,JBBL,Kohinoor Investment & Securities Pvt. Ltd.,Online Securities Pvt. Ltd.,1000,348.0,348000.0,2025-08-12 11:30:37.149617
2025-08-12,68800,2025081203001577,JBBL,Sani Securities Company Ltd.,Online Securities Pvt. Ltd.,350,348.0,121800.0,2025-08-12 11:30:37.149662
2025-08-12,68799,2025081203001578,JBBL,Naasa Securities Co. Ltd.,Online Securities Pvt. Ltd.,50,348.0,17400.0,2025-08-12 11:30:37.149709
2025-08-12,68798,2025081203001579,JBBL,Malla & Malla Stock Broking Company Pvt. Limited,Online Securities Pvt. Ltd.,10,348.0,3480.0,2025-08-12 11:30:37.149754
2025-08-12,68797,2025081203001580,JBBL,Vision Securities Pvt. Ltd,Online Securities Pvt. Ltd.,100,348.0,34800.0,2025-08-12 11:30:37.149796
2025-08-12,68788,2025081203001581,JBBL,Vision Securities Pvt. Ltd,Miyo Securities Pvt Ltd,100,348.0,34800.0,2025-08-12 11:30:40.526067
2025-08-12,68787,2025081203001582,JBBL,Dipshikha Dhitopatra Karobar Co. Pvt Ltd.,Miyo Securities Pvt Ltd,203,348.0,70644.0,2025-08-12 11:30:40.526170
2025-08-12,68749,2025081203001593,JBBL,Trishakti Securities Public Limited,Miyo Securities Pvt Ltd,197,348.0,68556.0,2025-08-12 11:30:48.056691
2025-08-12,68600,2025081203001624,JBBL,Blue Chip Securities Ltd,Asian Securities Private Ltd.,50,348.3,17415.0,2025-08-12 11:31:14.882406
2025-08-12,68576,2025081203001626,JBBL,Trishakti Securities Public Limited,Online Securities Pvt. Ltd.,100,348.0,34800.0,2025-08-12 11:31:17.780862
2025-08-12,68469,2025081203001647,JBBL,Trishakti Securities Public Limited,Online Securities Pvt. Ltd.,417,348.0,145116.0,2025-08-12 11:31:35.332600
2025-08-12,68106,2025081203001714,JBBL,Ashutosh Brokerage & Securities (PVT) Ltd.,Online Securities Pvt. Ltd.,8,348.0,2784.0,2025-08-12 11:32:38.241188
2025-08-12,67674,2025081203001797,JBBL,Kumari Securities Private Limited,Asian Securities Private Ltd.,10,348.1,3481.0,2025-08-12 11:33:44.170317
2025-08-12,67673,2025081203001798,JBBL,Blue Chip Securities Ltd,Asian Securities Private Ltd.,200,348.1,69620.0,2025-08-12 11:33:44.170461
2025-08-12,67672,2025081203001799,JBBL,Online Securities Pvt. Ltd.,Asian Securities Private Ltd.,90,348.0,31320.0,2025-08-12 11:33:44.170512
2025-08-12,67577,2025081203001813,JBBL,Online Securities Pvt. Ltd.,Naasa Securities Co. Ltd.,50,348.1,17405.0,2025-08-12 11:34:01.573632
2025-08-12,67514,2025081203001826,JBBL,Kumari Securities Private Limited,Naasa Securities Co. Ltd.,14,349.0,4886.0,2025-08-12 11:34:09.180072
2025-08-12,67446,2025081203001838,JBBL,Blue Chip Securities Ltd,Opal Securities Investment (PVT) Ltd.,37,349.9,12946.3,2025-08-12 11:34:25.403758
2025-08-12,67445,2025081203001839,JBBL,Blue Chip Securities Ltd,Nepal Investment And Securities Trading Private Limited,1779,350.0,622650.0,2025-08-12 11:34:25.403975
2025-08-12,67444,2025081203001840,JBBL,Blue Chip Securities Ltd,Imperial Securities Company Pvt. Ltd.,184,350.0,64400.0,2025-08-12 11:34:25.404138
2025-08-12,67443,2025081203001841,JBBL,Elite Stock House Limited,Imperial Securities Company Pvt. Ltd.,56,350.0,19600.0,2025-08-12 11:34:25.686486
2025-08-12,67442,2025081203001842,JBBL,Elite Stock House Limited,Agrawal Securities (PVT) Ltd.,144,350.0,50400.0,2025-08-12 11:34:25.686706
2025-08-12,67368,2025081203001877,JBBL,Blue Chip Securities Ltd,Agrawal Securities (PVT) Ltd.,56,350.0,19600.0,2025-08-12 11:34:38.440828
2025-08-12,67367,2025081203001878,JBBL,Blue Chip Securities Ltd,Premier Securities Company Ltd.,10,354.0,3540.0,2025-08-12 11:34:38.440914
2025-08-12,65057,2025081203002332,JBBL,South Asian Bulls Pvt. Ltd.,Malla & Malla Stock Broking Company Pvt. Limited,10,353.0,3530.0,2025-08-12 11:41:12.212141
2025-08-12,65056,2025081203002333,JBBL,South Asian Bulls Pvt. Ltd.,Premier Securities Company Ltd.,42,354.0,14868.0,2025-08-12 11:41:12.212402
2025-08-12,65055,2025081203002334,JBBL,South Asian Bulls Pvt. Ltd.,Investment Management Nepal Pvt. Ltd.,50,354.6,17730.0,2025-08-12 11:41:12.212562
2025-08-12,65054,2025081203002335,JBBL,South Asian Bulls Pvt. Ltd.,Oxford Securities Pvt. Ltd.,148,354.8,52510.4,2025-08-12 11:41:12.212721
2025-08-12,63754,2025081203002498,JBBL,Sani Securities Company Ltd.,S.P.S.A. Securities Limited,20,352.0,7040.0,2025-08-12 11:44:56.623806
2025-08-12,63753,2025081203002499,JBBL,Sani Securities Company Ltd.,Oxford Securities Pvt. Ltd.,480,354.8,170304.0,2025-08-12 11:44:56.623978
2025-08-12,63303,2025081203002557,JBBL,Blue Chip Securities Ltd,Agrawal Securities (PVT) Ltd.,10,355.0,3550.0,2025-08-12 11:46:17.219879
2025-08-12,63219,2025081203002575,JBBL,Sani Securities Company Ltd.,Agrawal Securities (PVT) Ltd.,25,355.0,8875.0,2025-08-12 11:46:34.898227
2025-08-12,63074,2025081203002593,JBBL,Linch Stock Market Ltd.,Agrawal Securities (PVT) Ltd.,100,355.0,35500.0,2025-08-12 11:46:56.496711
2025-08-12,61375,2025081203002902,JBBL,Opal Securities Investment (PVT) Ltd.,Agrawal Securities (PVT) Ltd.,254,355.0,90170.0,2025-08-12 11:51:46.341270
2025-08-12,61374,2025081203002903,JBBL,Opal Securities Investment (PVT) Ltd.,Imperial Securities Company Pvt. Ltd.,40,355.0,14200.0,2025-08-12 11:51:46.341551
2025-08-12,61373,2025081203002904,JBBL,Opal Securities Investment (PVT) Ltd.,Creative Securities Pvt Ltd,64,355.0,22720.0,2025-08-12 11:51:46.341716
2025-08-12,60747,2025081203003011,JBBL,Blue Chip Securities Ltd,Oxford Securities Pvt. Ltd.,10,354.9,3549.0,2025-08-12 11:53:57.416939
2025-08-12,60688,2025081203003050,JBBL,Naasa Securities Co. Ltd.,Opal Securities Investment (PVT) Ltd.,15,353.0,5295.0,2025-08-12 11:54:06.038032
2025-08-12,60684,2025081203003051,JBBL,South Asian Bulls Pvt. Ltd.,KALASH STOCK MARKET PVT. LTD.,50,353.0,17650.0,2025-08-12 11:54:06.909824
2025-08-12,59643,2025081203003221,JBBL,South Asian Bulls Pvt. Ltd.,Oxford Securities Pvt. Ltd.,50,353.0,17650.0,2025-08-12 11:57:49.546164
2025-08-12,59642,2025081203003222,JBBL,Midas Stock Broking Company Private Limited,Oxford Securities Pvt. Ltd.,50,353.0,17650.0,2025-08-12 11:57:49.546324
2025-08-12,59355,2025081203003264,JBBL,Sharepro Securities Private Limited,Oxford Securities Pvt. Ltd.,264,353.0,93192.0,2025-08-12 11:58:33.084717
2025-08-12,59229,2025081203003290,JBBL,BHOLE GANESH SECURITIES LTD,Kohinoor Investment & Securities Pvt. Ltd.,45,354.0,15930.0,2025-08-12 11:59:00.394857
2025-08-12,59209,2025081203003297,JBBL,BHOLE GANESH SECURITIES LTD,ABC Securities Private Limited,500,354.0,177000.0,2025-08-12 11:59:05.210055
2025-08-12,59057,2025081203003322,JBBL,Sharepro Securities Private Limited,Creative Securities Pvt Ltd,186,355.0,66030.0,2025-08-12 11:59:41.384716
2025-08-12,59056,2025081203003323,JBBL,Sharepro Securities Private Limited,Trisul Securities & Invt. Ltd.,114,355.0,40470.0,2025-08-12 11:59:41.384858
2025-08-12,58742,2025081203003393,JBBL,Kumari Securities Private Limited,Trisul Securities & Invt. Ltd.,50,355.0,17750.0,2025-08-12 12:00:52.468511
2025-08-12,57588,2025081203003592,JBBL,BHOLE GANESH SECURITIES LTD,Midas Stock Broking Company Private Limited,18,354.0,6372.0,2025-08-12 12:04:54.529715
2025-08-12,56829,2025081203003764,JBBL,BHOLE GANESH SECURITIES LTD,Premier Securities Company Ltd.,737,354.0,260898.0,2025-08-12 12:07:10.704221
2025-08-12,56828,2025081203003765,JBBL,Secured Securities Ltd.,Premier Securities Company Ltd.,100,353.1,35310.0,2025-08-12 12:07:10.704512
2025-08-12,56827,2025081203003766,JBBL,Imperial Securities Company Pvt. Ltd.,Premier Securities Company Ltd.,438,353.0,154614.0,2025-08-12 12:07:10.704705
2025-08-12,56633,2025081203003810,JBBL,Imperial Securities Company Pvt. Ltd.,Imperial Securities Company Pvt. Ltd.,500,353.0,176500.0,2025-08-12 12:07:44.057088
2025-08-12,56586,2025081203003819,JBBL,Imperial Securities Company Pvt. Ltd.,Sharepro Securities Private Limited,562,353.0,198386.0,2025-08-12 12:07:52.625648
2025-08-12,56585,2025081203003820,JBBL,Sani Securities Company Ltd.,Sharepro Securities Private Limited,50,353.0,17650.0,2025-08-12 12:07:52.625938
2025-08-12,56529,2025081203003827,JBBL,Blue Chip Securities Ltd,Sharepro Securities Private Limited,10,353.0,3530.0,2025-08-12 12:07:59.613621
2025-08-12,56486,2025081203003848,JBBL,Sumeru Securities Pvt. Ltd.,Opal Securities Investment (PVT) Ltd.,2,353.0,706.0,2025-08-12 12:08:08.274888
2025-08-12,56343,2025081203003886,JBBL,Investment Management Nepal Pvt. Ltd.,Pragyan Securities (PVT) Ltd.,100,352.1,35210.0,2025-08-12 12:08:27.282441
2025-08-12,56180,2025081203003915,JBBL,Imperial Securities Company Pvt. Ltd.,Imperial Securities Company Pvt. Ltd.,100,352.0,35200.0,2025-08-12 12:08:57.013700
2025-08-12,55325,2025081203004067,JBBL,Sani Securities Company Ltd.,Sundhara Securities Limited,10,351.0,3510.0,2025-08-12 12:11:34.212568
2025-08-12,55324,2025081203004068,JBBL,Sewa Securities Pvt. Ltd.,Sundhara Securities Limited,300,350.4,105120.0,2025-08-12 12:11:34.212615
2025-08-12,55323,2025081203004069,JBBL,Vision Securities Pvt. Ltd,Sundhara Securities Limited,50,350.2,17510.0,2025-08-12 12:11:34.212662
2025-08-12,55322,2025081203004070,JBBL,Neev Securities Pvt. Ltd.,Sundhara Securities Limited,1000,350.1,350100.0,2025-08-12 12:11:34.212690
2025-08-12,55321,2025081203004071,JBBL,Naasa Securities Co. Ltd.,Sundhara Securities Limited,10,350.0,3500.0,2025-08-12 12:11:34.212715
2025-08-12,55320,2025081203004072,JBBL,Premier Securities Company Ltd.,Sundhara Securities Limited,500,350.0,175000.0,2025-08-12 12:11:34.212738
2025-08-12,55319,2025081203004073,JBBL,Sanima Securities Limited,Sundhara Securities Limited,130,350.0,45500.0,2025-08-12 12:11:34.212763
2025-08-12,54163,2025081203004305,JBBL,Kumari Securities Private Limited,Naasa Securities Co. Ltd.,20,350.6,7012.0,2025-08-12 12:15:30.157688
2025-08-12,54123,2025081203004312,JBBL,Online Securities Pvt. Ltd.,Naasa Securities Co. Ltd.,10,350.6,3506.0,2025-08-12 12:15:38.289629
2025-08-12,53744,2025081203004368,JBBL,Naasa Securities Co. Ltd.,Imperial Securities Company Pvt. Ltd.,100,352.0,35200.0,2025-08-12 12:17:11.218775
2025-08-12,53649,2025081203004383,JBBL,Naasa Securities Co. Ltd.,Sharepro Securities Private Limited,140,353.0,49420.0,2025-08-12 12:17:34.614647
2025-08-12,52357,2025081203004636,JBBL,Online Securities Pvt. Ltd.,Vision Securities Pvt. Ltd,90,351.0,31590.0,2025-08-12 12:22:29.422456
2025-08-12,52356,2025081203004637,JBBL,Midas Stock Broking Company Private Limited,Vision Securities Pvt. Ltd,14,351.0,4914.0,2025-08-12 12:22:29.422773
2025-08-12,52355,2025081203004638,JBBL,Malla & Malla Stock Broking Company Pvt. Limited,Vision Securities Pvt. Ltd,500,351.0,175500.0,2025-08-12 12:22:29.422966
2025-08-12,52354,2025081203004639,JBBL,Kumari Securities Private Limited,Vision Securities Pvt. Ltd,10,350.1,3501.0,2025-08-12 12:22:29.423183
2025-08-12,52353,2025081203004640,JBBL,Secured Securities Ltd.,Vision Securities Pvt. Ltd,100,350.1,35010.0,2025-08-12 12:22:29.423376
2025-08-12,52352,2025081203004641,JBBL,Sanima Securities Limited,Vision Securities Pvt. Ltd,370,350.0,129500.0,2025-08-12 12:22:29.423569
2025-08-12,52351,2025081203004642,JBBL,Trishakti Securities Public Limited,Vision Securities Pvt. Ltd,200,350.0,70000.0,2025-08-12 12:22:29.423763
2025-08-12,52350,2025081203004643,JBBL,Secured Securities Ltd.,Vision Securities Pvt. Ltd,100,350.0,35000.0,2025-08-12 12:22:29.423950
2025-08-12,52349,2025081203004644,JBBL,Online Securities Pvt. Ltd.,Vision Securities Pvt. Ltd,200,350.0,70000.0,2025-08-12 12:22:29.424188
2025-08-12,52348,2025081203004645,JBBL,Imperial Securities Company Pvt. Ltd.,Vision Securities Pvt. Ltd,150,350.0,52500.0,2025-08-12 12:22:29.424269
2025-08-12,52347,2025081203004646,JBBL,Deevyaa Securities & Stock House Pvt. Ltd,Vision Securities Pvt. Ltd,500,350.0,175000.0,2025-08-12 12:22:29.424341
2025-08-12,52346,2025081203004647,JBBL,Kohinoor Investment & Securities Pvt. Ltd.,Vision Securities Pvt. Ltd,140,350.0,49000.0,2025-08-12 12:22:29.424424
2025-08-12,52345,2025081203004648,JBBL,Kumari Securities Private Limited,Vision Securities Pvt. Ltd,20,349.1,6982.0,2025-08-12 12:22:29.424497
2025-08-12,52344,2025081203004649,JBBL,Secured Securities Ltd.,Vision Securities Pvt. Ltd,100,349.0,34900.0,2025-08-12 12:22:29.424618
2025-08-12,52343,2025081203004650,JBBL,Dipshikha Dhitopatra Karobar Co. Pvt Ltd.,Vision Securities Pvt. Ltd,50,349.0,17450.0,2025-08-12 12:22:29.424682
2025-08-12,52342,2025081203004651,JBBL,Thrive Brokerage House Pvt. Ltd,Vision Securities Pvt. Ltd,1000,349.0,349000.0,2025-08-12 12:22:29.424744
2025-08-12,52341,2025081203004652,JBBL,Agrawal Securities (PVT) Ltd.,Vision Securities Pvt. Ltd,250,349.0,87250.0,2025-08-12 12:22:29.424807
2025-08-12,52200,2025081203004689,JBBL,Dipshikha Dhitopatra Karobar Co. Pvt Ltd.,Vision Securities Pvt. Ltd,50,348.5,17425.0,2025-08-12 12:23:00.862185
2025-08-12,52199,2025081203004690,JBBL,Naasa Securities Co. Ltd.,Vision Securities Pvt. Ltd,50,348.3,17415.0,2025-08-12 12:23:00.862376
2025-08-12,52198,2025081203004691,JBBL,Aryatara Investment & Securities,Vision Securities Pvt. Ltd,800,348.2,278560.0,2025-08-12 12:23:00.862466
2025-08-12,52197,2025081203004692,JBBL,Naasa Securities Co. Ltd.,Vision Securities Pvt. Ltd,50,348.2,17410.0,2025-08-12 12:23:00.862530
2025-08-12,52196,2025081203004693,JBBL,Online Securities Pvt. Ltd.,Vision Securities Pvt. Ltd,110,348.0,38280.0,2025-08-12 12:23:00.862593
2025-08-12,52195,2025081203004694,JBBL,Sundhara Securities Limited,Vision Securities Pvt. Ltd,20,348.0,6960.0,2025-08-12 12:23:00.862656
2025-08-12,52194,2025081203004695,JBBL,Imperial Securities Company Pvt. Ltd.,Vision Securities Pvt. Ltd,100,348.0,34800.0,2025-08-12 12:23:00.862722
2025-08-12,52193,2025081203004696,JBBL,Online Securities Pvt. Ltd.,Vision Securities Pvt. Ltd,26,348.0,9048.0,2025-08-12 12:23:00.862784
2025-08-12,51795,2025081203004747,JBBL,Sani Securities Company Ltd.,South Asian Bulls Pvt. Ltd.,25,349.0,8725.0,2025-08-12 12:24:28.831973
2025-08-12,51409,2025081203004798,JBBL,Neev Securities Pvt. Ltd.,Vision Securities Pvt. Ltd,100,348.2,34820.0,2025-08-12 12:25:47.688174
2025-08-12,51408,2025081203004799,JBBL,Linch Stock Market Ltd.,Vision Securities Pvt. Ltd,100,348.1,34810.0,2025-08-12 12:25:47.688534
2025-08-12,51407,2025081203004800,JBBL,Naasa Securities Co. Ltd.,Vision Securities Pvt. Ltd,100,348.1,34810.0,2025-08-12 12:25:47.688734
2025-08-12,51406,2025081203004801,JBBL,Kohinoor Investment & Securities Pvt. Ltd.,Vision Securities Pvt. Ltd,1000,348.1,348100.0,2025-08-12 12:25:47.688920
2025-08-12,51405,2025081203004802,JBBL,Online Securities Pvt. Ltd.,Vision Securities Pvt. Ltd,200,348.0,69600.0,2025-08-12 12:25:47.689124
2025-08-12,51255,2025081203004826,JBBL,Sanima Securities Limited,Vision Securities Pvt. Ltd,1550,350.0,542500.0,2025-08-12 12:26:20.178549
2025-08-12,50515,2025081203004987,JBBL,Neev Securities Pvt. Ltd.,Nagarik Stock Dealer ,100,349.0,34900.0,2025-08-12 12:29:10.819784
2025-08-12,50514,2025081203004988,JBBL,Online Securities Pvt. Ltd.,Nagarik Stock Dealer ,154,349.0,53746.0,2025-08-12 12:29:10.820126
2025-08-12,50308,2025081203005030,JBBL,Naasa Securities Co. Ltd.,Ashutosh Brokerage & Securities (PVT) Ltd.,115,350.0,40250.0,2025-08-12 12:29:55.464414
2025-08-12,50202,2025081203005045,JBBL,Online Securities Pvt. Ltd.,Shree Krishna Securities Ltd.,146,349.0,50954.0,2025-08-12 12:30:23.648239
2025-08-12,50201,2025081203005046,JBBL,Kumari Securities Private Limited,Shree Krishna Securities Ltd.,20,348.3,6966.0,2025-08-12 12:30:23.648462
2025-08-12,50200,2025081203005047,JBBL,Aryatara Investment & Securities,Shree Krishna Securities Ltd.,500,348.3,174150.0,2025-08-12 12:30:23.648533
2025-08-12,50199,2025081203005048,JBBL,Vision Securities Pvt. Ltd,Shree Krishna Securities Ltd.,200,348.2,69640.0,2025-08-12 12:30:23.648598
2025-08-12,50198,2025081203005049,JBBL,Kumari Securities Private Limited,Shree Krishna Securities Ltd.,10,348.2,3482.0,2025-08-12 12:30:23.648663
2025-08-12,50197,2025081203005050,JBBL,Online Securities Pvt. Ltd.,Shree Krishna Securities Ltd.,274,348.0,95352.0,2025-08-12 12:30:23.648725
2025-08-12,50196,2025081203005051,JBBL,Opal Securities Investment (PVT) Ltd.,Shree Krishna Securities Ltd.,50,348.0,17400.0,2025-08-12 12:30:23.648789
2025-08-12,50195,2025081203005052,JBBL,Sewa Securities Pvt. Ltd.,Shree Krishna Securities Ltd.,700,348.0,243600.0,2025-08-12 12:30:23.648852
2025-08-12,50194,2025081203005053,JBBL,Creative Securities Pvt Ltd,Shree Krishna Securities Ltd.,500,348.0,174000.0,2025-08-12 12:30:23.648914
2025-08-12,50193,2025081203005054,JBBL,Linch Stock Market Ltd.,Shree Krishna Securities Ltd.,500,348.0,174000.0,2025-08-12 12:30:23.648975
2025-08-12,50192,2025081203005055,JBBL,Dipshikha Dhitopatra Karobar Co. Pvt Ltd.,Shree Krishna Securities Ltd.,200,348.0,69600.0,2025-08-12 12:30:23.649070
2025-08-12,50191,2025081203005056,JBBL,J.F. Securites (PVT) Ltd.,Shree Krishna Securities Ltd.,150,348.0,52200.0,2025-08-12 12:30:23.649157
2025-08-12,50190,2025081203005057,JBBL,Naasa Securities Co. Ltd.,Shree Krishna Securities Ltd.,200,348.0,69600.0,2025-08-12 12:30:23.649240
2025-08-12,50189,2025081203005058,JBBL,Sundhara Securities Limited,Shree Krishna Securities Ltd.,100,348.0,34800.0,2025-08-12 12:30:23.649300
2025-08-12,50188,2025081203005059,JBBL,Opal Securities Investment (PVT) Ltd.,Shree Krishna Securities Ltd.,50,348.0,17400.0,2025-08-12 12:30:23.649356
2025-08-12,50187,2025081203005060,JBBL,Midas Stock Broking Company Private Limited,Shree Krishna Securities Ltd.,50,348.0,17400.0,2025-08-12 12:30:23.649416
2025-08-12,50186,2025081203005061,JBBL,Primo Securities (PVT) Ltd.,Shree Krishna Securities Ltd.,200,348.0,69600.0,2025-08-12 12:30:23.649474
2025-08-12,50185,2025081203005062,JBBL,Vision Securities Pvt. Ltd,Shree Krishna Securities Ltd.,200,348.0,69600.0,2025-08-12 12:30:23.649534
2025-08-12,50184,2025081203005063,JBBL,Online Securities Pvt. Ltd.,Shree Krishna Securities Ltd.,100,348.0,34800.0,2025-08-12 12:30:23.649590
2025-08-12,50183,2025081203005064,JBBL,Sagarmatha Securities Private Limited,Shree Krishna Securities Ltd.,850,348.0,295800.0,2025-08-12 12:30:23.649676
2025-08-12,49970,2025081203005077,JBBL,Sagarmatha Securities Private Limited,Naasa Securities Co. Ltd.,140,348.0,48720.0,2025-08-12 12:30:55.971947
2025-08-12,49867,2025081203005090,JBBL,Blue Chip Securities Ltd,Sri Hari Securities Pvt. Ltd.,10,350.0,3500.0,2025-08-12 12:31:32.669954
2025-08-12,49865,2025081203005091,JBBL,Sanima Securities Limited,Ashutosh Brokerage & Securities (PVT) Ltd.,1000,348.5,348500.0,2025-08-12 12:31:34.042634
2025-08-12,49623,2025081203005158,JBBL,Sagarmatha Securities Private Limited,Naasa Securities Co. Ltd.,10,348.0,3480.0,2025-08-12 12:32:22.752490
2025-08-12,49544,2025081203005177,JBBL,Kumari Securities Private Limited,Naasa Securities Co. Ltd.,10,348.1,3481.0,2025-08-12 12:32:43.912896
2025-08-12,49543,2025081203005178,JBBL,Linch Stock Market Ltd.,Naasa Securities Co. Ltd.,20,348.0,6960.0,2025-08-12 12:32:43.913238
2025-08-12,49542,2025081203005179,JBBL,Trisul Securities & Invt. Ltd.,Naasa Securities Co. Ltd.,30,348.0,10440.0,2025-08-12 12:32:43.913435
2025-08-12,49212,2025081203005241,JBBL,Sumeru Securities Pvt. Ltd.,South Asian Bulls Pvt. Ltd.,5,345.0,1725.0,2025-08-12 12:34:07.254354
2025-08-12,47656,2025081203005586,JBBL,ABC Securities Private Limited,Sri Hari Securities Pvt. Ltd.,70,350.0,24500.0,2025-08-12 12:39:47.808214
2025-08-12,47304,2025081203005643,JBBL,Kumari Securities Private Limited,Kohinoor Investment & Securities Pvt. Ltd.,10,348.5,3485.0,2025-08-12 12:41:02.549097
2025-08-12,47303,2025081203005644,JBBL,Agrawal Securities (PVT) Ltd.,Kohinoor Investment & Securities Pvt. Ltd.,100,348.3,34830.0,2025-08-12 12:41:02.549444
2025-08-12,47302,2025081203005645,JBBL,Secured Securities Ltd.,Kohinoor Investment & Securities Pvt. Ltd.,90,348.2,31338.0,2025-08-12 12:41:02.549730
2025-08-12,47189,2025081203005665,JBBL,Trishakti Securities Public Limited,Agrawal Securities (PVT) Ltd.,25,348.5,8712.5,2025-08-12 12:41:18.731641
2025-08-12,46175,2025081203005873,JBBL,Aryatara Investment & Securities,Deevyaa Securities & Stock House Pvt. Ltd,50,349.5,17475.0,2025-08-12 12:44:12.882939
2025-08-12,45993,2025081203005900,JBBL,Aryatara Investment & Securities,Deevyaa Securities & Stock House Pvt. Ltd,20,349.5,6990.0,2025-08-12 12:44:49.238732
2025-08-12,45748,2025081203005923,JBBL,Trisul Securities & Invt. Ltd.,Deevyaa Securities & Stock House Pvt. Ltd,11,349.5,3844.5,2025-08-12 12:45:29.215794
2025-08-12,45676,2025081203005937,JBBL,Trisul Securities & Invt. Ltd.,Naasa Securities Co. Ltd.,189,349.5,66055.5,2025-08-12 12:45:47.140672
2025-08-12,45135,2025081203006022,JBBL,Arun Securities (PVT) Ltd.,Naasa Securities Co. Ltd.,101,349.0,35249.0,2025-08-12 12:47:46.101915
2025-08-12,44390,2025081203006127,JBBL,Sumeru Securities Pvt. Ltd.,Naasa Securities Co. Ltd.,5,348.0,1740.0,2025-08-12 12:50:30.309043
2025-08-12,44021,2025081203006179,JBBL,Sumeru Securities Pvt. Ltd.,Kohinoor Investment & Securities Pvt. Ltd.,1,345.0,345.0,2025-08-12 12:51:57.699612
2025-08-12,43977,2025081203006188,JBBL,Kumari Securities Private Limited,Sri Hari Securities Pvt. Ltd.,20,350.0,7000.0,2025-08-12 12:52:08.136910
2025-08-12,43689,2025081203006241,JBBL,Nepal Stock House (PVT) Ltd.,Sri Hari Securities Pvt. Ltd.,70,350.0,24500.0,2025-08-12 12:53:13.197055
2025-08-12,43688,2025081203006242,JBBL,Nepal Stock House (PVT) Ltd.,Secured Securities Ltd.,200,350.0,70000.0,2025-08-12 12:53:13.197373
2025-08-12,43687,2025081203006243,JBBL,Nepal Stock House (PVT) Ltd.,Deevyaa Securities & Stock House Pvt. Ltd,196,350.0,68600.0,2025-08-12 12:53:13.197650
2025-08-12,43443,2025081203006310,JBBL,Nepal Stock House (PVT) Ltd.,Bhrikuti Stock Broking Co. Pvt. Ltd.,500,350.0,175000.0,2025-08-12 12:54:12.153380
2025-08-12,43090,2025081203006358,JBBL,Cristal Kanchanjanga Securites Pvt. Ltd.,Opal Securities Investment (PVT) Ltd.,100,351.0,35100.0,2025-08-12 12:55:37.005431
2025-08-12,43065,2025081203006366,JBBL,Cristal Kanchanjanga Securites Pvt. Ltd.,Sweta Securities Private Limited,93,352.0,32736.0,2025-08-12 12:55:45.027346
2025-08-12,43064,2025081203006367,JBBL,Cristal Kanchanjanga Securites Pvt. Ltd.,Aryatara Investment & Securities,107,352.0,37664.0,2025-08-12 12:55:45.027570
2025-08-12,42734,2025081203006419,JBBL,Nepal Stock House (PVT) Ltd.,Sani Securities Company Ltd.,24,350.0,8400.0,2025-08-12 12:57:14.389376
2025-08-12,42605,2025081203006446,JBBL,Ashutosh Brokerage & Securities (PVT) Ltd.,Aryatara Investment & Securities,1093,352.0,384736.0,2025-08-12 12:57:54.529963
2025-08-12,42604,2025081203006447,JBBL,Ashutosh Brokerage & Securities (PVT) Ltd.,Sharepro Securities Private Limited,22,353.0,7766.0,2025-08-12 12:57:54.530096
2025-08-12,41850,2025081203006550,JBBL,Aryatara Investment & Securities,Imperial Securities Company Pvt. Ltd.,100,351.0,35100.0,2025-08-12 13:01:15.052540
2025-08-12,41849,2025081203006551,JBBL,Kohinoor Investment & Securities Pvt. Ltd.,Imperial Securities Company Pvt. Ltd.,1121,351.0,393471.0,2025-08-12 13:01:15.052886
2025-08-12,41449,2025081203006620,JBBL,Kohinoor Investment & Securities Pvt. Ltd.,Online Securities Pvt. Ltd.,35,351.0,12285.0,2025-08-12 13:02:44.186053
2025-08-12,41431,2025081203006625,JBBL,Sewa Securities Pvt. Ltd.,Imperial Securities Company Pvt. Ltd.,50,352.0,17600.0,2025-08-12 13:02:47.844719
2025-08-12,41351,2025081203006635,JBBL,Naasa Securities Co. Ltd.,Imperial Securities Company Pvt. Ltd.,50,352.0,17600.0,2025-08-12 13:02:55.557229
2025-08-12,40671,2025081203006749,JBBL,Sanima Securities Limited,Sharepro Securities Private Limited,716,353.0,252748.0,2025-08-12 13:05:47.880190
2025-08-12,40670,2025081203006750,JBBL,Sanima Securities Limited,Aryatara Investment & Securities,110,353.0,38830.0,2025-08-12 13:05:47.880389
2025-08-12,40669,2025081203006751,JBBL,Sanima Securities Limited,Dipshikha Dhitopatra Karobar Co. Pvt Ltd.,500,353.0,176500.0,2025-08-12 13:05:47.880465
2025-08-12,40668,2025081203006752,JBBL,Sanima Securities Limited,Online Securities Pvt. Ltd.,1200,353.0,423600.0,2025-08-12 13:05:47.880552
2025-08-12,39654,2025081203006917,JBBL,pahiinvestment,Imperial Securities Company Pvt. Ltd.,56,353.0,19768.0,2025-08-12 13:10:27.295158
2025-08-12,37944,2025081203007157,JBBL,Ashutosh Brokerage & Securities (PVT) Ltd.,Imperial Securities Company Pvt. Ltd.,52,353.0,18356.0,2025-08-12 13:17:26.111832
2025-08-12,37943,2025081203007158,JBBL,Ashutosh Brokerage & Securities (PVT) Ltd.,Imperial Securities Company Pvt. Ltd.,50,353.0,17650.0,2025-08-12 13:17:26.111902
2025-08-12,37942,2025081203007159,JBBL,Ashutosh Brokerage & Securities (PVT) Ltd.,Opal Securities Investment (PVT) Ltd.,125,354.0,44250.0,2025-08-12 13:17:26.111958
2025-08-12,37941,2025081203007160,JBBL,Ashutosh Brokerage & Securities (PVT) Ltd.,Dipshikha Dhitopatra Karobar Co. Pvt Ltd.,30,354.0,10620.0,2025-08-12 13:17:26.111983
2025-08-12,37940,2025081203007161,JBBL,Ashutosh Brokerage & Securities (PVT) Ltd.,Sumeru Securities Pvt. Ltd.,23,354.9,8162.7,2025-08-12 13:17:26.112008
2025-08-12,37506,2025081203007240,JBBL,Kumari Securities Private Limited,Sumeru Securities Pvt. Ltd.,10,354.9,3549.0,2025-08-12 13:19:46.200757
2025-08-12,36653,2025081203007456,JBBL,Bhrikuti Stock Broking Co. Pvt. Ltd.,Thrive Brokerage House Pvt. Ltd,300,353.0,105900.0,2025-08-12 13:23:52.607246
2025-08-12,36309,2025081203007518,JBBL,Linch Stock Market Ltd.,Naasa Securities Co. Ltd.,1000,354.8,354800.0,2025-08-12 13:25:24.109139
2025-08-12,36057,2025081203007570,JBBL,Capital Max Securities Ltd,Ashutosh Brokerage & Securities (PVT) Ltd.,500,354.8,177400.0,2025-08-12 13:26:26.660201
2025-08-12,34826,2025081203007772,JBBL,Capital Max Securities Ltd,Dipshikha Dhitopatra Karobar Co. Pvt Ltd.,250,353.1,88275.0,2025-08-12 13:32:00.019019
2025-08-12,34729,2025081203007788,JBBL,Nepal Investment And Securities Trading Private Limited,Imperial Securities Company Pvt. Ltd.,100,353.0,35300.0,2025-08-12 13:32:34.755188
2025-08-12,34728,2025081203007789,JBBL,Asian Securities Private Ltd.,Imperial Securities Company Pvt. Ltd.,50,353.0,17650.0,2025-08-12 13:32:34.755254
2025-08-12,34727,2025081203007790,JBBL,Imperial Securities Company Pvt. Ltd.,Imperial Securities Company Pvt. Ltd.,20,352.2,7044.0,2025-08-12 13:32:34.755281
2025-08-12,34726,2025081203007791,JBBL,Ashutosh Brokerage & Securities (PVT) Ltd.,Imperial Securities Company Pvt. Ltd.,280,352.0,98560.0,2025-08-12 13:32:34.755304
2025-08-12,34725,2025081203007792,JBBL,Nepal Stock House (PVT) Ltd.,Imperial Securities Company Pvt. Ltd.,500,352.0,176000.0,2025-08-12 13:32:34.755327
2025-08-12,34724,2025081203007793,JBBL,Midas Stock Broking Company Private Limited,Imperial Securities Company Pvt. Ltd.,50,351.1,17555.0,2025-08-12 13:32:34.755351
2025-08-12,33029,2025081203008207,JBBL,Kohinoor Investment & Securities Pvt. Ltd.,Trishakti Securities Public Limited,200,351.3,70260.0,2025-08-12 13:40:26.164995
2025-08-12,33028,2025081203008208,JBBL,Thrive Brokerage House Pvt. Ltd,Trishakti Securities Public Limited,200,351.2,70240.0,2025-08-12 13:40:26.165415
2025-08-12,32757,2025081203008260,JBBL,Nepal Stock House (PVT) Ltd.,Asian Securities Private Ltd.,100,353.0,35300.0,2025-08-12 13:41:39.097100
2025-08-12,32685,2025081203008274,JBBL,Nepal Stock House (PVT) Ltd.,Kumari Securities Private Limited,400,353.0,141200.0,2025-08-12 13:41:55.688087
2025-08-12,32361,2025081203008363,JBBL,Trishakti Securities Public Limited,Trishakti Securities Public Limited,200,354.0,70800.0,2025-08-12 13:43:28.243711
2025-08-12,31585,2025081203008587,JBBL,Blue Chip Securities Ltd,Naasa Securities Co. Ltd.,10,354.2,3542.0,2025-08-12 13:46:23.269573
2025-08-12,30281,2025081203008822,JBBL,Dakshinkali Investment & Securities Pvt. Ltd.,Sipla Securities Private Limited,230,352.1,80983.0,2025-08-12 13:50:37.848684
2025-08-12,29336,2025081203009085,JBBL,Secured Securities Ltd.,Kumari Securities Private Limited,100,354.3,35430.0,2025-08-12 13:53:49.327480
2025-08-12,29313,2025081203009093,JBBL,SHUBHAKAMANA SECURITIES PVT. LTD,Kumari Securities Private Limited,400,354.3,141720.0,2025-08-12 13:53:56.482726
2025-08-12,29170,2025081203009123,JBBL,SHUBHAKAMANA SECURITIES PVT. LTD,Naasa Securities Co. Ltd.,100,354.3,35430.0,2025-08-12 13:54:30.282751
2025-08-12,28177,2025081203009333,JBBL,Naasa Securities Co. Ltd.,Kumari Securities Private Limited,15,354.4,5316.0,2025-08-12 13:57:25.345652
2025-08-12,27539,2025081203009431,JBBL,South Asian Bulls Pvt. Ltd.,Kumari Securities Private Limited,85,354.4,30124.0,2025-08-12 13:58:53.241721
2025-08-12,27538,2025081203009432,JBBL,South Asian Bulls Pvt. Ltd.,Shree Krishna Securities Ltd.,100,354.4,35440.0,2025-08-12 13:58:53.241950
2025-08-12,27265,2025081203009484,JBBL,Neev Securities Pvt. Ltd.,Kumari Securities Private Limited,200,354.0,70800.0,2025-08-12 13:59:44.365123
2025-08-12,27229,2025081203009499,JBBL,Beni Securities Pvt.Ltd.,Malla & Malla Stock Broking Company Pvt. Limited,10,354.5,3545.0,2025-08-12 13:59:52.931605
2025-08-12,27152,2025081203009512,JBBL,Siprabi Securities Pvt. Ltd.,Malla & Malla Stock Broking Company Pvt. Limited,40,354.5,14180.0,2025-08-12 14:00:04.285272
2025-08-12,27082,2025081203009524,JBBL,Sweta Securities Private Limited,Sumeru Securities Pvt. Ltd.,67,354.9,23778.3,2025-08-12 14:00:16.258940
2025-08-12,27081,2025081203009525,JBBL,Sweta Securities Private Limited,Sagarmatha Securities Private Limited,234,354.9,83046.6,2025-08-12 14:00:16.259352
2025-08-12,27068,2025081203009527,JBBL,Blue Chip Securities Ltd,Sagarmatha Securities Private Limited,10,354.9,3549.0,2025-08-12 14:00:18.483794
2025-08-12,26967,2025081203009556,JBBL,Siprabi Securities Pvt. Ltd.,Sagarmatha Securities Private Limited,60,354.9,21294.0,2025-08-12 14:00:37.582275
2025-08-12,26632,2025081203009597,JBBL,Himalayan Brokerage Company Limited,Oxford Securities Pvt. Ltd.,100,354.4,35440.0,2025-08-12 14:01:41.866527
2025-08-12,26468,2025081203009632,JBBL,Neev Securities Pvt. Ltd.,Investment Management Nepal Pvt. Ltd.,60,354.0,21240.0,2025-08-12 14:02:13.786798
2025-08-12,26467,2025081203009633,JBBL,Sundhara Securities Limited,Investment Management Nepal Pvt. Ltd.,40,353.0,14120.0,2025-08-12 14:02:13.787013
2025-08-12,26337,2025081203009656,JBBL,ABC Securities Private Limited,Beni Securities Pvt.Ltd.,500,353.0,176500.0,2025-08-12 14:02:37.371633
2025-08-12,26336,2025081203009657,JBBL,Trishakti Securities Public Limited,Beni Securities Pvt.Ltd.,1396,352.2,491671.2,2025-08-12 14:02:37.371779
2025-08-12,25842,2025081203009749,JBBL,Trishakti Securities Public Limited,Online Securities Pvt. Ltd.,500,352.2,176100.0,2025-08-12 14:03:55.340458
2025-08-12,25653,2025081203009783,JBBL,Arun Securities (PVT) Ltd.,Kumari Securities Private Limited,100,352.2,35220.0,2025-08-12 14:04:25.451993
2025-08-12,25534,2025081203009807,JBBL,Sumeru Securities Pvt. Ltd.,Oxford Securities Pvt. Ltd.,195,354.0,69030.0,2025-08-12 14:04:47.280047
2025-08-12,23756,2025081203010080,JBBL,Arun Securities (PVT) Ltd.,Imperial Securities Company Pvt. Ltd.,799,352.2,281407.8,2025-08-12 14:10:33.122578
2025-08-12,23755,2025081203010081,JBBL,Midas Stock Broking Company Private Limited,Imperial Securities Company Pvt. Ltd.,100,352.0,35200.0,2025-08-12 14:10:33.122971
2025-08-12,23754,2025081203010082,JBBL,Investment Management Nepal Pvt. Ltd.,Imperial Securities Company Pvt. Ltd.,190,352.0,66880.0,2025-08-12 14:10:33.123248
2025-08-12,23753,2025081203010083,JBBL,Opal Securities Investment (PVT) Ltd.,Imperial Securities Company Pvt. Ltd.,30,352.0,10560.0,2025-08-12 14:10:33.123642
2025-08-12,23740,2025081203010084,JBBL,Sumeru Securities Pvt. Ltd.,Imperial Securities Company Pvt. Ltd.,50,352.0,17600.0,2025-08-12 14:10:34.763794
2025-08-12,23225,2025081203010151,JBBL,Asian Securities Private Ltd.,Kumari Securities Private Limited,50,351.6,17580.0,2025-08-12 14:11:53.005352
2025-08-12,23224,2025081203010152,JBBL,Naasa Securities Co. Ltd.,Kumari Securities Private Limited,50,351.2,17560.0,2025-08-12 14:11:53.005590
2025-08-12,23036,2025081203010195,JBBL,Midas Stock Broking Company Private Limited,Aryatara Investment & Securities,150,351.1,52665.0,2025-08-12 14:12:42.494518
2025-08-12,22989,2025081203010203,JBBL,Kohinoor Investment & Securities Pvt. Ltd.,Naasa Securities Co. Ltd.,268,351.0,94068.0,2025-08-12 14:12:55.061757
2025-08-12,22988,2025081203010204,JBBL,Vision Securities Pvt. Ltd,Naasa Securities Co. Ltd.,122,351.0,42822.0,2025-08-12 14:12:55.061988
2025-08-12,22982,2025081203010205,JBBL,Vision Securities Pvt. Ltd,Aryatara Investment & Securities,78,351.0,27378.0,2025-08-12 14:12:56.621974
2025-08-12,22981,2025081203010206,JBBL,Market Securities & Exchange (PVT) Ltd.,Aryatara Investment & Securities,50,351.0,17550.0,2025-08-12 14:12:56.622176
2025-08-12,22942,2025081203010214,JBBL,Nepal Stock House (PVT) Ltd.,Aryatara Investment & Securities,10,350.0,3500.0,2025-08-12 14:13:08.733447
2025-08-12,22941,2025081203010215,JBBL,Online Securities Pvt. Ltd.,Aryatara Investment & Securities,100,350.0,35000.0,2025-08-12 14:13:08.733681
2025-08-12,22940,2025081203010216,JBBL,Midas Stock Broking Company Private Limited,Aryatara Investment & Securities,285,350.0,99750.0,2025-08-12 14:13:08.733796
2025-08-12,22939,2025081203010217,JBBL,Sani Securities Company Ltd.,Aryatara Investment & Securities,200,350.0,70000.0,2025-08-12 14:13:08.733872
2025-08-12,22938,2025081203010218,JBBL,Nepal Stock House (PVT) Ltd.,Aryatara Investment & Securities,1000,350.0,350000.0,2025-08-12 14:13:08.733948
2025-08-12,22937,2025081203010219,JBBL,Blue Chip Securities Ltd,Aryatara Investment & Securities,300,350.0,105000.0,2025-08-12 14:13:08.734033
2025-08-12,22936,2025081203010220,JBBL,Siprabi Securities Pvt. Ltd.,Aryatara Investment & Securities,300,350.0,105000.0,2025-08-12 14:13:08.734107
2025-08-12,22935,2025081203010221,JBBL,Sundhara Securities Limited,Aryatara Investment & Securities,60,350.0,21000.0,2025-08-12 14:13:08.734181
2025-08-12,22934,2025081203010222,JBBL,J.F. Securites (PVT) Ltd.,Aryatara Investment & Securities,100,350.0,35000.0,2025-08-12 14:13:08.734255
2025-08-12,22933,2025081203010223,JBBL,ABC Securities Private Limited,Aryatara Investment & Securities,285,350.0,99750.0,2025-08-12 14:13:08.734333
2025-08-12,22879,2025081203010231,JBBL,Aryatara Investment & Securities,Aryatara Investment & Securities,100,350.0,35000.0,2025-08-12 14:13:19.921985
2025-08-12,22619,2025081203010287,JBBL,Primo Securities (PVT) Ltd.,Aryatara Investment & Securities,1000,350.0,350000.0,2025-08-12 14:14:23.036427
2025-08-12,22017,2025081203010418,JBBL,Naasa Securities Co. Ltd.,Oxford Securities Pvt. Ltd.,105,349.5,36697.5,2025-08-12 14:16:09.488011
2025-08-12,21596,2025081203010488,JBBL,Naasa Securities Co. Ltd.,Vision Securities Pvt. Ltd,11,349.5,3844.5,2025-08-12 14:17:36.290185
2025-08-12,21034,2025081203010595,JBBL,Dipshikha Dhitopatra Karobar Co. Pvt Ltd.,Aryatara Investment & Securities,182,350.0,63700.0,2025-08-12 14:19:36.884797
2025-08-12,20456,2025081203010728,JBBL,Dipshikha Dhitopatra Karobar Co. Pvt Ltd.,Naasa Securities Co. Ltd.,18,350.0,6300.0,2025-08-12 14:21:24.991762
2025-08-12,20455,2025081203010729,JBBL,Primo Securities (PVT) Ltd.,Naasa Securities Co. Ltd.,82,350.0,28700.0,2025-08-12 14:21:24.991985
2025-08-12,17709,2025081203011336,JBBL,Primo Securities (PVT) Ltd.,Sunrise Securities Limited,16,350.0,5600.0,2025-08-12 14:29:53.844703
2025-08-12,16538,2025081203011587,JBBL,Dipshikha Dhitopatra Karobar Co. Pvt Ltd.,Primo Securities (PVT) Ltd.,18,350.1,6301.8,2025-08-12 14:34:30.738925
2025-08-12,16182,2025081203011649,JBBL,Primo Securities (PVT) Ltd.,Cristal Kanchanjanga Securites Pvt. Ltd.,2,350.0,700.0,2025-08-12 14:35:32.957564
2025-08-12,15773,2025081203011709,JBBL,Naasa Securities Co. Ltd.,Kumari Securities Private Limited,50,350.5,17525.0,2025-08-12 14:36:46.559549
2025-08-12,15672,2025081203011730,JBBL,Naasa Securities Co. Ltd.,Nepal Investment And Securities Trading Private Limited,1334,350.5,467567.0,2025-08-12 14:37:03.526097
2025-08-12,15615,2025081203011738,JBBL,Dipshikha Dhitopatra Karobar Co. Pvt Ltd.,Nepal Investment And Securities Trading Private Limited,282,350.1,98728.2,2025-08-12 14:37:14.592094
2025-08-12,15614,2025081203011739,JBBL,Sundhara Securities Limited,Nepal Investment And Securities Trading Private Limited,184,350.1,64418.4,2025-08-12 14:37:14.592330
2025-08-12,15467,2025081203011780,JBBL,Bhrikuti Stock Broking Co. Pvt. Ltd.,Bhrikuti Stock Broking Co. Pvt. Ltd.,300,351.8,105540.0,2025-08-12 14:37:40.894836
2025-08-12,15183,2025081203011817,JBBL,Sundhara Securities Limited,Sani Securities Company Ltd.,14,350.1,4901.4,2025-08-12 14:38:18.956791
2025-08-12,14810,2025081203011900,JBBL,Sundhara Securities Limited,Online Securities Pvt. Ltd.,302,350.1,105730.2,2025-08-12 14:39:15.253217
2025-08-12,14809,2025081203011901,JBBL,Cristal Kanchanjanga Securites Pvt. Ltd.,Online Securities Pvt. Ltd.,2000,350.1,700200.0,2025-08-12 14:39:15.253455
2025-08-12,14808,2025081203011902,JBBL,Primo Securities (PVT) Ltd.,Online Securities Pvt. Ltd.,50,350.1,17505.0,2025-08-12 14:39:15.253545
2025-08-12,14807,2025081203011903,JBBL,Aryatara Investment & Securities,Online Securities Pvt. Ltd.,160,350.1,56016.0,2025-08-12 14:39:15.253627
2025-08-12,14806,2025081203011904,JBBL,Linch Stock Market Ltd.,Online Securities Pvt. Ltd.,50,350.0,17500.0,2025-08-12 14:39:15.253749
2025-08-12,14805,2025081203011905,JBBL,Imperial Securities Company Pvt. Ltd.,Online Securities Pvt. Ltd.,50,350.0,17500.0,2025-08-12 14:39:15.253885
2025-08-12,14804,2025081203011906,JBBL,J.F. Securites (PVT) Ltd.,Online Securities Pvt. Ltd.,888,350.0,310800.0,2025-08-12 14:39:15.253997
2025-08-12,14463,2025081203011952,JBBL,J.F. Securites (PVT) Ltd.,Naasa Securities Co. Ltd.,112,350.0,39200.0,2025-08-12 14:39:59.748709
2025-08-12,14462,2025081203011953,JBBL,Nepal Stock House (PVT) Ltd.,Naasa Securities Co. Ltd.,50,350.0,17500.0,2025-08-12 14:39:59.749104
2025-08-12,14461,2025081203011954,JBBL,Dipshikha Dhitopatra Karobar Co. Pvt Ltd.,Naasa Securities Co. Ltd.,500,350.0,175000.0,2025-08-12 14:39:59.749343
2025-08-12,14460,2025081203011955,JBBL,Nepal Stock House (PVT) Ltd.,Naasa Securities Co. Ltd.,338,350.0,118300.0,2025-08-12 14:39:59.749569
2025-08-12,13059,2025081203012278,JBBL,Blue Chip Securities Ltd,Trisul Securities & Invt. Ltd.,10,351.9,3519.0,2025-08-12 14:42:47.523713
2025-08-12,10945,2025081203012769,JBBL,Naasa Securities Co. Ltd.,Property Wiard Limited,100,350.9,35090.0,2025-08-12 14:46:18.473148
2025-08-12,10908,2025081203012781,JBBL,Nepal Stock House (PVT) Ltd.,Imperial Securities Company Pvt. Ltd.,162,350.0,56700.0,2025-08-12 14:46:21.274750
2025-08-12,10907,2025081203012782,JBBL,Naasa Securities Co. Ltd.,Imperial Securities Company Pvt. Ltd.,169,350.0,59150.0,2025-08-12 14:46:21.275168
2025-08-12,10325,2025081203012894,JBBL,Naasa Securities Co. Ltd.,Property Wiard Limited,100,350.9,35090.0,2025-08-12 14:47:22.905263
2025-08-12,10324,2025081203012895,JBBL,Naasa Securities Co. Ltd.,Kohinoor Investment & Securities Pvt. Ltd.,400,351.0,140400.0,2025-08-12 14:47:22.905466
2025-08-12,9374,2025081203013119,JBBL,Naasa Securities Co. Ltd.,Dipshikha Dhitopatra Karobar Co. Pvt Ltd.,31,350.0,10850.0,2025-08-12 14:49:05.631284
2025-08-12,9373,2025081203013120,JBBL,Dipshikha Dhitopatra Karobar Co. Pvt Ltd.,Dipshikha Dhitopatra Karobar Co. Pvt Ltd.,50,350.0,17500.0,2025-08-12 14:49:05.631501
2025-08-12,9372,2025081203013121,JBBL,Sumeru Securities Pvt. Ltd.,Dipshikha Dhitopatra Karobar Co. Pvt Ltd.,100,350.0,35000.0,2025-08-12 14:49:05.631589
2025-08-12,9197,2025081203013145,JBBL,Imperial Securities Company Pvt. Ltd.,Dipshikha Dhitopatra Karobar Co. Pvt Ltd.,19,350.0,6650.0,2025-08-12 14:49:24.394126
2025-08-12,9071,2025081203013174,JBBL,Imperial Securities Company Pvt. Ltd.,Secured Securities Ltd.,290,350.0,101500.0,2025-08-12 14:49:35.750268
2025-08-12,8772,2025081203013227,JBBL,Imperial Securities Company Pvt. Ltd.,Naasa Securities Co. Ltd.,50,350.0,17500.0,2025-08-12 14:50:04.137729
2025-08-12,7864,2025081203013409,JBBL,Opal Securities Investment (PVT) Ltd.,Trisul Securities & Invt. Ltd.,190,350.5,66595.0,2025-08-12 14:51:38.407828
2025-08-12,7146,2025081203013522,JBBL,Naasa Securities Co. Ltd.,Kohinoor Investment & Securities Pvt. Ltd.,45,351.0,15795.0,2025-08-12 14:52:38.065494
2025-08-12,7078,2025081203013528,JBBL,Nepal Investment And Securities Trading Private Limited,Trisul Securities & Invt. Ltd.,50,350.9,17545.0,2025-08-12 14:52:45.725931
2025-08-12,6849,2025081203013565,JBBL,Blue Chip Securities Ltd,Kohinoor Investment & Securities Pvt. Ltd.,10,351.0,3510.0,2025-08-12 14:53:03.218662
2025-08-12,6768,2025081203013580,JBBL,Opal Securities Investment (PVT) Ltd.,Kohinoor Investment & Securities Pvt. Ltd.,379,351.0,133029.0,2025-08-12 14:53:11.510824
2025-08-12,6649,2025081203013604,JBBL,Asian Securities Private Ltd.,Kohinoor Investment & Securities Pvt. Ltd.,200,351.0,70200.0,2025-08-12 14:53:23.765139
2025-08-12,6253,2025081203013667,JBBL,Cristal Kanchanjanga Securites Pvt. Ltd.,Trisul Securities & Invt. Ltd.,50,350.9,17545.0,2025-08-12 14:53:56.122640
2025-08-12,6252,2025081203013668,JBBL,Cristal Kanchanjanga Securites Pvt. Ltd.,Kohinoor Investment & Securities Pvt. Ltd.,466,351.0,163566.0,2025-08-12 14:53:56.122920
2025-08-12,6251,2025081203013669,JBBL,Cristal Kanchanjanga Securites Pvt. Ltd.,Midas Stock Broking Company Private Limited,200,351.0,70200.0,2025-08-12 14:53:56.123200
2025-08-12,6250,2025081203013670,JBBL,Cristal Kanchanjanga Securites Pvt. Ltd.,Naasa Securities Co. Ltd.,10,351.0,3510.0,2025-08-12 14:53:56.123466
2025-08-12,5225,2025081203013866,JBBL,Cristal Kanchanjanga Securites Pvt. Ltd.,Trishakti Securities Public Limited,274,351.0,96174.0,2025-08-12 14:55:21.615972
2025-08-12,4789,2025081203013966,JBBL,Cristal Kanchanjanga Securites Pvt. Ltd.,Trishakti Securities Public Limited,126,351.0,44226.0,2025-08-12 14:55:50.879766
2025-08-12,4459,2025081203014049,JBBL,Cristal Kanchanjanga Securites Pvt. Ltd.,Capital Max Securities Ltd,100,351.0,35100.0,2025-08-12 14:56:16.498113
2025-08-12,4330,2025081203014078,JBBL,Arun Securities (PVT) Ltd.,Trisul Securities & Invt. Ltd.,50,351.9,17595.0,2025-08-12 14:56:26.704153
2025-08-12,4329,2025081203014079,JBBL,Arun Securities (PVT) Ltd.,Sagarmatha Securities Private Limited,246,352.0,86592.0,2025-08-12 14:56:26.704393
2025-08-12,4328,2025081203014080,JBBL,Arun Securities (PVT) Ltd.,Trishakti Securities Public Limited,250,352.0,88000.0,2025-08-12 14:56:26.704478
2025-08-12,3496,2025081203014286,JBBL,Blue Chip Securities Ltd,Nepal Investment And Securities Trading Private Limited,10,353.0,3530.0,2025-08-12 14:57:25.165554
2025-08-12,3291,2025081203014324,JBBL,Premier Securities Company Ltd.,Trishakti Securities Public Limited,50,352.5,17625.0,2025-08-12 14:57:42.078871
2025-08-12,3290,2025081203014325,JBBL,Nepal Stock House (PVT) Ltd.,Trishakti Securities Public Limited,40,352.5,14100.0,2025-08-12 14:57:42.079096
2025-08-12,3118,2025081203014371,JBBL,Imperial Securities Company Pvt. Ltd.,Sani Securities Company Ltd.,23,352.9,8116.7,2025-08-12 14:57:55.535429
2025-08-12,2921,2025081203014405,JBBL,Cristal Kanchanjanga Securites Pvt. Ltd.,Sani Securities Company Ltd.,70,352.9,24703.0,2025-08-12 14:58:08.739573
2025-08-12,2739,2025081203014468,JBBL,Nepal Stock House (PVT) Ltd.,Sani Securities Company Ltd.,60,352.9,21174.0,2025-08-12 14:58:17.078934
2025-08-12,2476,2025081203014513,JBBL,Investment Management Nepal Pvt. Ltd.,Sani Securities Company Ltd.,10,352.9,3529.0,2025-08-12 14:58:28.736716
2025-08-12,2469,2025081203014514,JBBL,Cristal Kanchanjanga Securites Pvt. Ltd.,Sani Securities Company Ltd.,937,352.9,330667.3,2025-08-12 14:58:28.875037
2025-08-12,2468,2025081203014515,JBBL,Cristal Kanchanjanga Securites Pvt. Ltd.,Nepal Investment And Securities Trading Private Limited,63,353.0,22239.0,2025-08-12 14:58:28.875219
2025-08-12,2348,2025081203014531,JBBL,Siprabi Securities Pvt. Ltd.,Nepal Investment And Securities Trading Private Limited,927,353.0,327231.0,2025-08-12 14:58:35.139020
2025-08-12,1895,2025081203014615,JBBL,Siprabi Securities Pvt. Ltd.,Trishakti Securities Public Limited,73,354.0,25842.0,2025-08-12 14:59:01.475841
2025-08-12,1393,2025081203014720,JBBL,Arun Securities (PVT) Ltd.,Creative Securities Pvt Ltd,54,352.0,19008.0,2025-08-12 14:59:18.207724
2025-08-12,1392,2025081203014721,JBBL,Midas Stock Broking Company Private Limited,Creative Securities Pvt Ltd,61,352.0,21472.0,2025-08-12 14:59:18.207944
