Date,S.N.,Contract ID,Symbol,Buyer Broker,Seller Broker,volume,rate,amount,transaction_time
2025-08-12,78204,2025081201000004,KBL,Beni Securities Pvt.Ltd.,Bhrikuti Stock Broking Co. Pvt. Ltd.,10,215.6,2156.0,2025-08-12 10:46:00.028352
2025-08-12,77942,2025081201000053,KBL,Oxford Securities Pvt. Ltd.,Bhrikuti Stock Broking Co. Pvt. Ltd.,50,213.0,10650.0,2025-08-12 11:01:08.971585
2025-08-12,77909,2025081201000057,KBL,Trishakti Securities Public Limited,Online Securities Pvt. Ltd.,300,211.5,63450.0,2025-08-12 11:01:23.439671
2025-08-12,77908,2025081201000058,KBL,Imperial Securities Company Pvt. Ltd.,Online Securities Pvt. Ltd.,100,211.5,21150.0,2025-08-12 11:01:23.439784
2025-08-12,77490,2025081201000130,KBL,Sani Securities Company Ltd.,Online Securities Pvt. Ltd.,100,211.5,21150.0,2025-08-12 11:02:57.671327
2025-08-12,77401,2025081201000154,KBL,Sewa Securities Pvt. Ltd.,Kalika Securities Pvt. Ltd.,50,210.1,10505.0,2025-08-12 11:03:23.913972
2025-08-12,77400,2025081201000155,KBL,Dipshikha Dhitopatra Karobar Co. Pvt Ltd.,Kalika Securities Pvt. Ltd.,60,210.0,12600.0,2025-08-12 11:03:23.914057
2025-08-12,77363,2025081201000165,KBL,Naasa Securities Co. Ltd.,Online Securities Pvt. Ltd.,30,212.9,6387.0,2025-08-12 11:03:36.358682
2025-08-12,77106,2025081201000209,KBL,Sewa Securities Pvt. Ltd.,Aryatara Investment & Securities,50,210.1,10505.0,2025-08-12 11:04:30.650391
2025-08-12,77105,2025081201000210,KBL,Capital Max Securities Ltd,Aryatara Investment & Securities,32,210.1,6723.2,2025-08-12 11:04:30.650482
2025-08-12,77078,2025081201000215,KBL,Capital Max Securities Ltd,Kalika Securities Pvt. Ltd.,18,210.1,3781.8,2025-08-12 11:04:35.108208
2025-08-12,76919,2025081201000256,KBL,Vision Securities Pvt. Ltd,Sani Securities Company Ltd.,10,211.0,2110.0,2025-08-12 11:05:13.463015
2025-08-12,76714,2025081201000288,KBL,Capital Max Securities Ltd,South Asian Bulls Pvt. Ltd.,50,210.1,10505.0,2025-08-12 11:06:15.646929
2025-08-12,76545,2025081201000323,KBL,Neev Securities Pvt. Ltd.,South Asian Bulls Pvt. Ltd.,57,210.1,11975.7,2025-08-12 11:06:54.142538
2025-08-12,76535,2025081201000324,KBL,Primo Securities (PVT) Ltd.,Agrawal Securities (PVT) Ltd.,57,210.1,11975.7,2025-08-12 11:06:56.156112
2025-08-12,76534,2025081201000325,KBL,Dipshikha Dhitopatra Karobar Co. Pvt Ltd.,Agrawal Securities (PVT) Ltd.,40,210.0,8400.0,2025-08-12 11:06:56.156264
2025-08-12,76301,2025081201000382,KBL,Beni Securities Pvt.Ltd.,Linch Stock Market Ltd.,10,212.8,2128.0,2025-08-12 11:07:48.190337
2025-08-12,76186,2025081201000402,KBL,Sani Securities Company Ltd.,Linch Stock Market Ltd.,21,212.8,4468.8,2025-08-12 11:08:09.849486
2025-08-12,75991,2025081201000448,KBL,Imperial Securities Company Pvt. Ltd.,Linch Stock Market Ltd.,500,212.0,106000.0,2025-08-12 11:08:58.821699
2025-08-12,75739,2025081201000495,KBL,Vision Securities Pvt. Ltd,Citizens Share Broker Limited,500,211.0,105500.0,2025-08-12 11:09:44.892761
2025-08-12,75543,2025081201000543,KBL,Vision Securities Pvt. Ltd,Naasa Securities Co. Ltd.,10,211.0,2110.0,2025-08-12 11:10:26.631097
2025-08-12,75391,2025081201000582,KBL,Vision Securities Pvt. Ltd,Capital Max Securities Ltd,20,211.0,4220.0,2025-08-12 11:11:03.521267
2025-08-12,75338,2025081201000599,KBL,Sumeru Securities Pvt. Ltd.,Online Securities Pvt. Ltd.,17,212.7,3615.9,2025-08-12 11:11:16.078790
2025-08-12,74992,2025081201000710,KBL,S.P.S.A. Securities Limited,Deevyaa Securities & Stock House Pvt. Ltd,200,211.5,42300.0,2025-08-12 11:12:38.781420
2025-08-12,74991,2025081201000711,KBL,Vision Securities Pvt. Ltd,Deevyaa Securities & Stock House Pvt. Ltd,87,211.0,18357.0,2025-08-12 11:12:38.781739
2025-08-12,74978,2025081201000715,KBL,Sri Hari Securities Pvt. Ltd.,Creative Securities Pvt Ltd,1040,212.6,221104.0,2025-08-12 11:12:43.949250
2025-08-12,74894,2025081201000735,KBL,Sri Hari Securities Pvt. Ltd.,Linch Stock Market Ltd.,960,212.6,204096.0,2025-08-12 11:12:59.626231
2025-08-12,74893,2025081201000736,KBL,South Asian Bulls Pvt. Ltd.,Linch Stock Market Ltd.,40,212.6,8504.0,2025-08-12 11:12:59.626537
2025-08-12,74795,2025081201000750,KBL,South Asian Bulls Pvt. Ltd.,Imperial Securities Company Pvt. Ltd.,50,212.6,10630.0,2025-08-12 11:13:24.033575
2025-08-12,74751,2025081201000771,KBL,South Asian Bulls Pvt. Ltd.,Linch Stock Market Ltd.,410,212.6,87166.0,2025-08-12 11:13:34.820836
2025-08-12,74668,2025081201000790,KBL,Imperial Securities Company Pvt. Ltd.,Imperial Securities Company Pvt. Ltd.,50,212.0,10600.0,2025-08-12 11:13:56.454627
2025-08-12,74664,2025081201000793,KBL,Nepal Investment And Securities Trading Private Limited,Linch Stock Market Ltd.,95,212.6,20197.0,2025-08-12 11:13:57.728739
2025-08-12,74627,2025081201000795,KBL,Investment Management Nepal Pvt. Ltd.,Linch Stock Market Ltd.,50,212.6,10630.0,2025-08-12 11:14:02.826621
2025-08-12,74486,2025081201000827,KBL,Imperial Securities Company Pvt. Ltd.,Linch Stock Market Ltd.,25,212.0,5300.0,2025-08-12 11:14:46.286419
2025-08-12,74485,2025081201000828,KBL,Opal Securities Investment (PVT) Ltd.,Linch Stock Market Ltd.,100,212.0,21200.0,2025-08-12 11:14:46.286582
2025-08-12,74468,2025081201000833,KBL,Cristal Kanchanjanga Securites Pvt. Ltd.,Dynamic Money Managers Securities Pvt. Ltd.,85,212.0,18020.0,2025-08-12 11:14:50.133737
2025-08-12,74444,2025081201000839,KBL,Cristal Kanchanjanga Securites Pvt. Ltd.,Online Securities Pvt. Ltd.,65,212.0,13780.0,2025-08-12 11:14:56.280837
2025-08-12,74309,2025081201000872,KBL,Cristal Kanchanjanga Securites Pvt. Ltd.,Online Securities Pvt. Ltd.,350,212.0,74200.0,2025-08-12 11:15:26.219121
2025-08-12,74308,2025081201000873,KBL,Sani Securities Company Ltd.,Online Securities Pvt. Ltd.,10,212.0,2120.0,2025-08-12 11:15:26.219288
2025-08-12,74225,2025081201000894,KBL,Naasa Securities Co. Ltd.,Linch Stock Market Ltd.,150,212.0,31800.0,2025-08-12 11:15:40.292690
2025-08-12,74165,2025081201000901,KBL,Sweta Securities Private Limited,Linch Stock Market Ltd.,210,212.0,44520.0,2025-08-12 11:15:51.351363
2025-08-12,74152,2025081201000904,KBL,Sweta Securities Private Limited,Online Securities Pvt. Ltd.,224,212.0,47488.0,2025-08-12 11:15:53.494806
2025-08-12,74119,2025081201000914,KBL,Sweta Securities Private Limited,Sumeru Securities Pvt. Ltd.,66,212.0,13992.0,2025-08-12 11:16:02.369398
2025-08-12,74118,2025081201000915,KBL,Creative Securities Pvt Ltd,Sumeru Securities Pvt. Ltd.,134,211.8,28381.2,2025-08-12 11:16:02.369709
2025-08-12,74015,2025081201000928,KBL,Online Securities Pvt. Ltd.,Sumeru Securities Pvt. Ltd.,5000,212.0,1060000.0,2025-08-12 11:16:25.844440
2025-08-12,73942,2025081201000939,KBL,Dipshikha Dhitopatra Karobar Co. Pvt Ltd.,Sumeru Securities Pvt. Ltd.,1000,212.0,212000.0,2025-08-12 11:16:44.290179
2025-08-12,73770,2025081201000973,KBL,Naasa Securities Co. Ltd.,Sumeru Securities Pvt. Ltd.,940,211.9,199186.0,2025-08-12 11:17:19.697131
2025-08-12,73769,2025081201000974,KBL,Creative Securities Pvt Ltd,Sumeru Securities Pvt. Ltd.,860,211.8,182148.0,2025-08-12 11:17:19.697313
2025-08-12,73595,2025081201001016,KBL,Creative Securities Pvt Ltd,Linch Stock Market Ltd.,1006,211.8,213070.8,2025-08-12 11:17:58.263394
2025-08-12,73397,2025081201001053,KBL,Nepal Stock House (PVT) Ltd.,SHUBHAKAMANA SECURITIES PVT. LTD,95,211.9,20130.5,2025-08-12 11:18:39.277361
2025-08-12,73375,2025081201001056,KBL,Primo Securities (PVT) Ltd.,Deevyaa Securities & Stock House Pvt. Ltd,250,211.7,52925.0,2025-08-12 11:18:48.742207
2025-08-12,73374,2025081201001057,KBL,Creative Securities Pvt Ltd,Deevyaa Securities & Stock House Pvt. Ltd,750,211.6,158700.0,2025-08-12 11:18:48.742565
2025-08-12,73297,2025081201001078,KBL,Creative Securities Pvt Ltd,Sweta Securities Private Limited,290,211.6,61364.0,2025-08-12 11:19:00.348070
2025-08-12,73296,2025081201001079,KBL,Online Securities Pvt. Ltd.,Sweta Securities Private Limited,1000,211.6,211600.0,2025-08-12 11:19:00.348247
2025-08-12,73295,2025081201001080,KBL,Oxford Securities Pvt. Ltd.,Sweta Securities Private Limited,1000,211.5,211500.0,2025-08-12 11:19:00.348342
2025-08-12,73197,2025081201001094,KBL,Vision Securities Pvt. Ltd,Linch Stock Market Ltd.,36,211.0,7596.0,2025-08-12 11:19:19.171414
2025-08-12,73196,2025081201001095,KBL,Naasa Securities Co. Ltd.,Linch Stock Market Ltd.,100,211.0,21100.0,2025-08-12 11:19:19.171609
2025-08-12,73195,2025081201001096,KBL,Market Securities & Exchange (PVT) Ltd.,Linch Stock Market Ltd.,50,211.0,10550.0,2025-08-12 11:19:19.171690
2025-08-12,73194,2025081201001097,KBL,Malla & Malla Stock Broking Company Pvt. Limited,Linch Stock Market Ltd.,100,211.0,21100.0,2025-08-12 11:19:19.171767
2025-08-12,73193,2025081201001098,KBL,Aryatara Investment & Securities,Linch Stock Market Ltd.,1100,211.0,232100.0,2025-08-12 11:19:19.171843
2025-08-12,73192,2025081201001099,KBL,Dipshikha Dhitopatra Karobar Co. Pvt Ltd.,Linch Stock Market Ltd.,1000,211.0,211000.0,2025-08-12 11:19:19.171925
2025-08-12,72944,2025081201001141,KBL,Kohinoor Investment & Securities Pvt. Ltd.,SHUBHAKAMANA SECURITIES PVT. LTD,28,211.4,5919.2,2025-08-12 11:19:55.203149
2025-08-12,72780,2025081201001168,KBL,Sri Hari Securities Pvt. Ltd.,Linch Stock Market Ltd.,30,211.0,6330.0,2025-08-12 11:20:24.783279
2025-08-12,72779,2025081201001169,KBL,Aryatara Investment & Securities,Linch Stock Market Ltd.,100,210.9,21090.0,2025-08-12 11:20:24.783471
2025-08-12,72778,2025081201001170,KBL,Nagarik Stock Dealer ,Linch Stock Market Ltd.,286,210.8,60288.8,2025-08-12 11:20:24.783549
2025-08-12,72777,2025081201001171,KBL,Online Securities Pvt. Ltd.,Linch Stock Market Ltd.,4584,210.7,965848.8,2025-08-12 11:20:24.783623
2025-08-12,72652,2025081201001188,KBL,Online Securities Pvt. Ltd.,SHUBHAKAMANA SECURITIES PVT. LTD,27,210.7,5688.9,2025-08-12 11:20:39.873037
2025-08-12,72569,2025081201001195,KBL,Online Securities Pvt. Ltd.,SUN SECURITIES PVT LTD,389,210.7,81962.3,2025-08-12 11:20:55.005189
2025-08-12,72350,2025081201001234,KBL,Shree Krishna Securities Ltd.,SUN SECURITIES PVT LTD,50,210.7,10535.0,2025-08-12 11:21:32.254051
2025-08-12,72347,2025081201001235,KBL,Premier Securities Company Ltd.,Sani Securities Company Ltd.,500,210.5,105250.0,2025-08-12 11:21:32.575980
2025-08-12,72330,2025081201001239,KBL,Sewa Securities Pvt. Ltd.,Sani Securities Company Ltd.,50,210.5,10525.0,2025-08-12 11:21:37.255446
2025-08-12,72281,2025081201001247,KBL,Sweta Securities Private Limited,Sani Securities Company Ltd.,250,210.5,52625.0,2025-08-12 11:21:44.340584
2025-08-12,72280,2025081201001248,KBL,Sweta Securities Private Limited,SUN SECURITIES PVT LTD,250,210.7,52675.0,2025-08-12 11:21:44.340935
2025-08-12,72216,2025081201001268,KBL,K.B.L. Securities Limited ,Linch Stock Market Ltd.,2000,210.4,420800.0,2025-08-12 11:21:54.371038
2025-08-12,72083,2025081201001300,KBL,Citizens Share Broker Limited,Aryatara Investment & Securities,1000,210.5,210500.0,2025-08-12 11:22:21.143192
2025-08-12,72082,2025081201001301,KBL,Naasa Securities Co. Ltd.,Aryatara Investment & Securities,10,210.3,2103.0,2025-08-12 11:22:21.143378
2025-08-12,72081,2025081201001302,KBL,Sewa Securities Pvt. Ltd.,Aryatara Investment & Securities,100,210.2,21020.0,2025-08-12 11:22:21.143473
2025-08-12,72080,2025081201001303,KBL,Shree Krishna Securities Ltd.,Aryatara Investment & Securities,90,210.2,18918.0,2025-08-12 11:22:21.143551
2025-08-12,71895,2025081201001343,KBL,Nepal Stock House (PVT) Ltd.,Dipshikha Dhitopatra Karobar Co. Pvt Ltd.,250,210.5,52625.0,2025-08-12 11:22:55.836132
2025-08-12,71643,2025081201001374,KBL,Aryatara Investment & Securities,Dipshikha Dhitopatra Karobar Co. Pvt Ltd.,100,210.5,21050.0,2025-08-12 11:23:33.752219
2025-08-12,71566,2025081201001396,KBL,Siprabi Securities Pvt. Ltd.,Dipshikha Dhitopatra Karobar Co. Pvt Ltd.,150,210.5,31575.0,2025-08-12 11:23:47.201496
2025-08-12,71186,2025081201001481,KBL,Deevyaa Securities & Stock House Pvt. Ltd,Sani Securities Company Ltd.,250,210.5,52625.0,2025-08-12 11:24:44.918447
2025-08-12,71185,2025081201001482,KBL,Citizens Share Broker Limited,Sani Securities Company Ltd.,50,210.5,10525.0,2025-08-12 11:24:44.918816
2025-08-12,71125,2025081201001491,KBL,Citizens Share Broker Limited,Linch Stock Market Ltd.,950,210.5,199975.0,2025-08-12 11:24:55.014614
2025-08-12,70992,2025081201001526,KBL,Bhrikuti Stock Broking Co. Pvt. Ltd.,Linch Stock Market Ltd.,350,210.5,73675.0,2025-08-12 11:25:17.062936
2025-08-12,70967,2025081201001535,KBL,Midas Stock Broking Company Private Limited,Aryatara Investment & Securities,100,210.3,21030.0,2025-08-12 11:25:18.667456
2025-08-12,70966,2025081201001536,KBL,Shree Krishna Securities Ltd.,Aryatara Investment & Securities,10,210.2,2102.0,2025-08-12 11:25:18.667660
2025-08-12,70965,2025081201001537,KBL,Naasa Securities Co. Ltd.,Aryatara Investment & Securities,200,210.1,42020.0,2025-08-12 11:25:18.667760
2025-08-12,70964,2025081201001538,KBL,Sewa Securities Pvt. Ltd.,Aryatara Investment & Securities,50,210.1,10505.0,2025-08-12 11:25:18.667879
2025-08-12,70963,2025081201001539,KBL,Sewa Securities Pvt. Ltd.,Aryatara Investment & Securities,15,210.0,3150.0,2025-08-12 11:25:18.668057
2025-08-12,70962,2025081201001540,KBL,APPLE SECURITIES PRIVATE LIMITED,Aryatara Investment & Securities,500,210.0,105000.0,2025-08-12 11:25:18.668147
2025-08-12,70961,2025081201001541,KBL,Siprabi Securities Pvt. Ltd.,Aryatara Investment & Securities,200,210.0,42000.0,2025-08-12 11:25:18.668227
2025-08-12,70960,2025081201001542,KBL,Linch Stock Market Ltd.,Aryatara Investment & Securities,50,210.0,10500.0,2025-08-12 11:25:18.668308
2025-08-12,70959,2025081201001543,KBL,Siprabi Securities Pvt. Ltd.,Aryatara Investment & Securities,500,210.0,105000.0,2025-08-12 11:25:18.668405
2025-08-12,70958,2025081201001544,KBL,Dipshikha Dhitopatra Karobar Co. Pvt Ltd.,Aryatara Investment & Securities,375,210.0,78750.0,2025-08-12 11:25:18.668502
2025-08-12,70907,2025081201001561,KBL,Dipshikha Dhitopatra Karobar Co. Pvt Ltd.,Aryatara Investment & Securities,625,210.0,131250.0,2025-08-12 11:25:28.813971
2025-08-12,70906,2025081201001562,KBL,Trisul Securities & Invt. Ltd.,Aryatara Investment & Securities,50,210.0,10500.0,2025-08-12 11:25:28.814165
2025-08-12,70905,2025081201001563,KBL,Aryatara Investment & Securities,Aryatara Investment & Securities,25,210.0,5250.0,2025-08-12 11:25:28.814249
2025-08-12,70904,2025081201001564,KBL,ABC Securities Private Limited,Aryatara Investment & Securities,300,210.0,63000.0,2025-08-12 11:25:28.814323
2025-08-12,70773,2025081201001587,KBL,ABC Securities Private Limited,Linch Stock Market Ltd.,200,210.0,42000.0,2025-08-12 11:25:53.430623
2025-08-12,70772,2025081201001588,KBL,Dynamic Money Managers Securities Pvt. Ltd.,Linch Stock Market Ltd.,200,210.0,42000.0,2025-08-12 11:25:53.430853
2025-08-12,70771,2025081201001589,KBL,Opal Securities Investment (PVT) Ltd.,Linch Stock Market Ltd.,72,210.0,15120.0,2025-08-12 11:25:53.430943
2025-08-12,70770,2025081201001590,KBL,Aryatara Investment & Securities,Linch Stock Market Ltd.,48,210.0,10080.0,2025-08-12 11:25:53.431033
2025-08-12,70769,2025081201001591,KBL,Online Securities Pvt. Ltd.,Linch Stock Market Ltd.,43,210.0,9030.0,2025-08-12 11:25:53.431111
2025-08-12,70768,2025081201001592,KBL,Naasa Securities Co. Ltd.,Linch Stock Market Ltd.,100,210.0,21000.0,2025-08-12 11:25:53.431188
2025-08-12,70767,2025081201001593,KBL,Shree Krishna Securities Ltd.,Linch Stock Market Ltd.,200,210.0,42000.0,2025-08-12 11:25:53.431298
2025-08-12,70766,2025081201001594,KBL,Naasa Securities Co. Ltd.,Linch Stock Market Ltd.,70,210.0,14700.0,2025-08-12 11:25:53.431376
2025-08-12,70765,2025081201001595,KBL,Imperial Securities Company Pvt. Ltd.,Linch Stock Market Ltd.,100,210.0,21000.0,2025-08-12 11:25:53.431504
2025-08-12,70764,2025081201001596,KBL,Naasa Securities Co. Ltd.,Linch Stock Market Ltd.,100,210.0,21000.0,2025-08-12 11:25:53.431630
2025-08-12,70763,2025081201001597,KBL,Asian Securities Private Ltd.,Linch Stock Market Ltd.,200,210.0,42000.0,2025-08-12 11:25:53.431744
2025-08-12,70762,2025081201001598,KBL,Vision Securities Pvt. Ltd,Linch Stock Market Ltd.,150,210.0,31500.0,2025-08-12 11:25:53.431848
2025-08-12,70761,2025081201001599,KBL,Nepal Stock House (PVT) Ltd.,Linch Stock Market Ltd.,210,210.0,44100.0,2025-08-12 11:25:53.431965
2025-08-12,70243,2025081201001691,KBL,Trishakti Securities Public Limited,Sani Securities Company Ltd.,100,210.0,21000.0,2025-08-12 11:27:06.370505
2025-08-12,70091,2025081201001716,KBL,Indira securities pvt. ltd,Imperial Securities Company Pvt. Ltd.,90,209.5,18855.0,2025-08-12 11:27:27.151689
2025-08-12,69972,2025081201001735,KBL,Indira securities pvt. ltd,Sundhara Securities Limited,910,209.5,190645.0,2025-08-12 11:27:43.800305
2025-08-12,69792,2025081201001772,KBL,Kohinoor Investment & Securities Pvt. Ltd.,Imperial Securities Company Pvt. Ltd.,10,209.5,2095.0,2025-08-12 11:28:19.099718
2025-08-12,69791,2025081201001773,KBL,Kohinoor Investment & Securities Pvt. Ltd.,Sani Securities Company Ltd.,10,210.0,2100.0,2025-08-12 11:28:19.099948
2025-08-12,68840,2025081201001978,KBL,Oxford Securities Pvt. Ltd.,Sewa Securities Pvt. Ltd.,18,209.3,3767.4,2025-08-12 11:30:31.178742
2025-08-12,68645,2025081201002015,KBL,Oxford Securities Pvt. Ltd.,Naasa Securities Co. Ltd.,10,209.3,2093.0,2025-08-12 11:31:07.748010
2025-08-12,68534,2025081201002042,KBL,Oxford Securities Pvt. Ltd.,Nepal Stock House (PVT) Ltd.,200,209.3,41860.0,2025-08-12 11:31:22.914706
2025-08-12,68468,2025081201002052,KBL,Naasa Securities Co. Ltd.,Sani Securities Company Ltd.,95,210.0,19950.0,2025-08-12 11:31:35.599953
2025-08-12,68463,2025081201002053,KBL,Sundhara Securities Limited,Sani Securities Company Ltd.,495,210.0,103950.0,2025-08-12 11:31:35.737096
2025-08-12,68462,2025081201002054,KBL,Sundhara Securities Limited,Trishakti Securities Public Limited,250,210.0,52500.0,2025-08-12 11:31:35.737298
2025-08-12,68461,2025081201002055,KBL,Sundhara Securities Limited,Online Securities Pvt. Ltd.,50,210.0,10500.0,2025-08-12 11:31:35.737392
2025-08-12,68460,2025081201002056,KBL,Sundhara Securities Limited,Sani Securities Company Ltd.,66,210.0,13860.0,2025-08-12 11:31:35.737481
2025-08-12,68459,2025081201002057,KBL,Sundhara Securities Limited,Ashutosh Brokerage & Securities (PVT) Ltd.,76,210.0,15960.0,2025-08-12 11:31:35.737568
2025-08-12,68458,2025081201002058,KBL,Sundhara Securities Limited,Linch Stock Market Ltd.,500,210.0,105000.0,2025-08-12 11:31:35.737653
2025-08-12,68457,2025081201002059,KBL,Sundhara Securities Limited,South Asian Bulls Pvt. Ltd.,200,210.0,42000.0,2025-08-12 11:31:35.737742
2025-08-12,68456,2025081201002060,KBL,Sundhara Securities Limited,Naasa Securities Co. Ltd.,439,210.0,92190.0,2025-08-12 11:31:35.737829
2025-08-12,68455,2025081201002061,KBL,Sundhara Securities Limited,Sweta Securities Private Limited,1035,210.0,217350.0,2025-08-12 11:31:35.737918
2025-08-12,68406,2025081201002064,KBL,Kohinoor Investment & Securities Pvt. Ltd.,J.F. Securites (PVT) Ltd.,10,210.9,2109.0,2025-08-12 11:31:44.229316
2025-08-12,68356,2025081201002078,KBL,Sundhara Securities Limited,Bhrikuti Stock Broking Co. Pvt. Ltd.,95,210.0,19950.0,2025-08-12 11:31:54.950074
2025-08-12,68349,2025081201002085,KBL,Aryatara Investment & Securities,Bhrikuti Stock Broking Co. Pvt. Ltd.,100,209.5,20950.0,2025-08-12 11:31:56.402402
2025-08-12,67974,2025081201002188,KBL,Kohinoor Investment & Securities Pvt. Ltd.,Creative Securities Pvt Ltd,51,209.4,10679.4,2025-08-12 11:32:55.747673
2025-08-12,67871,2025081201002200,KBL,Oxford Securities Pvt. Ltd.,Midas Stock Broking Company Private Limited,56,209.3,11720.8,2025-08-12 11:33:14.838840
2025-08-12,67789,2025081201002213,KBL,Sundhara Securities Limited,Creative Securities Pvt Ltd,200,209.4,41880.0,2025-08-12 11:33:30.228596
2025-08-12,67696,2025081201002231,KBL,Naasa Securities Co. Ltd.,Creative Securities Pvt Ltd,321,209.4,67217.4,2025-08-12 11:33:42.310303
2025-08-12,67578,2025081201002273,KBL,Kohinoor Investment & Securities Pvt. Ltd.,Bhrikuti Stock Broking Co. Pvt. Ltd.,26,209.5,5447.0,2025-08-12 11:34:01.066552
2025-08-12,67252,2025081201002348,KBL,Naasa Securities Co. Ltd.,Sharepro Securities Private Limited,300,209.5,62850.0,2025-08-12 11:34:57.388309
2025-08-12,67251,2025081201002349,KBL,Naasa Securities Co. Ltd.,Sharepro Securities Private Limited,179,209.4,37482.6,2025-08-12 11:34:57.388790
2025-08-12,67250,2025081201002350,KBL,Online Securities Pvt. Ltd.,Sharepro Securities Private Limited,14,209.4,2931.6,2025-08-12 11:34:57.389144
2025-08-12,67249,2025081201002351,KBL,Oxford Securities Pvt. Ltd.,Sharepro Securities Private Limited,216,209.3,45208.8,2025-08-12 11:34:57.389461
2025-08-12,67248,2025081201002352,KBL,South Asian Bulls Pvt. Ltd.,Sharepro Securities Private Limited,100,209.3,20930.0,2025-08-12 11:34:57.389753
2025-08-12,67247,2025081201002353,KBL,South Asian Bulls Pvt. Ltd.,Sharepro Securities Private Limited,200,209.3,41860.0,2025-08-12 11:34:57.390085
2025-08-12,67246,2025081201002354,KBL,Aryatara Investment & Securities,Sharepro Securities Private Limited,500,209.3,104650.0,2025-08-12 11:34:57.390388
2025-08-12,67245,2025081201002355,KBL,INDEX SECURITIES LIMITED,Sharepro Securities Private Limited,1000,209.2,209200.0,2025-08-12 11:34:57.390702
2025-08-12,67244,2025081201002356,KBL,Primo Securities (PVT) Ltd.,Sharepro Securities Private Limited,491,209.1,102668.1,2025-08-12 11:34:57.390981
2025-08-12,67180,2025081201002398,KBL,Primo Securities (PVT) Ltd.,Kalika Securities Pvt. Ltd.,12,209.1,2509.2,2025-08-12 11:35:06.742772
2025-08-12,67089,2025081201002421,KBL,Thrive Brokerage House Pvt. Ltd,Vision Securities Pvt. Ltd,300,209.5,62850.0,2025-08-12 11:35:22.400938
2025-08-12,66969,2025081201002446,KBL,Thrive Brokerage House Pvt. Ltd,Trishakti Securities Public Limited,500,209.5,104750.0,2025-08-12 11:35:46.344759
2025-08-12,66797,2025081201002506,KBL,Thrive Brokerage House Pvt. Ltd,Sagarmatha Securities Private Limited,200,209.5,41900.0,2025-08-12 11:36:10.332722
2025-08-12,66640,2025081201002529,KBL,Kohinoor Investment & Securities Pvt. Ltd.,Nepal Stock House (PVT) Ltd.,50,209.5,10475.0,2025-08-12 11:36:35.824718
2025-08-12,66548,2025081201002559,KBL,Himalayan Brokerage Company Limited,Creative Securities Pvt Ltd,10,209.4,2094.0,2025-08-12 11:36:49.668887
2025-08-12,66536,2025081201002561,KBL,Naasa Securities Co. Ltd.,Nepal Stock House (PVT) Ltd.,10,209.3,2093.0,2025-08-12 11:36:54.435040
2025-08-12,66535,2025081201002562,KBL,Imperial Securities Company Pvt. Ltd.,Nepal Stock House (PVT) Ltd.,120,209.2,25104.0,2025-08-12 11:36:54.435275
2025-08-12,66367,2025081201002601,KBL,Imperial Securities Company Pvt. Ltd.,Creative Securities Pvt Ltd,946,209.2,197903.2,2025-08-12 11:37:20.552953
2025-08-12,66227,2025081201002638,KBL,Dynamic Money Managers Securities Pvt. Ltd.,Asian Securities Private Ltd.,500,209.5,104750.0,2025-08-12 11:37:44.186682
2025-08-12,65973,2025081201002688,KBL,SUN SECURITIES PVT LTD,Asian Securities Private Ltd.,10,209.5,2095.0,2025-08-12 11:38:25.592829
2025-08-12,65796,2025081201002716,KBL,Online Securities Pvt. Ltd.,Asian Securities Private Ltd.,39,209.5,8170.5,2025-08-12 11:39:00.476465
2025-08-12,65721,2025081201002733,KBL,Dynamic Money Managers Securities Pvt. Ltd.,Naasa Securities Co. Ltd.,740,210.0,155400.0,2025-08-12 11:39:12.261505
2025-08-12,65720,2025081201002734,KBL,Dynamic Money Managers Securities Pvt. Ltd.,Shree Krishna Securities Ltd.,260,210.0,54600.0,2025-08-12 11:39:12.262046
2025-08-12,65512,2025081201002779,KBL,Imperial Securities Company Pvt. Ltd.,Malla & Malla Stock Broking Company Pvt. Limited,295,209.4,61773.0,2025-08-12 11:39:47.407554
2025-08-12,65487,2025081201002782,KBL,Imperial Securities Company Pvt. Ltd.,Sani Securities Company Ltd.,50,209.4,10470.0,2025-08-12 11:39:53.130778
2025-08-12,65339,2025081201002804,KBL,Hatemalo Financial Services Private Limited,J.F. Securites (PVT) Ltd.,20,209.9,4198.0,2025-08-12 11:40:20.492641
2025-08-12,65337,2025081201002805,KBL,Online Securities Pvt. Ltd.,Sagarmatha Securities Private Limited,699,209.5,146440.5,2025-08-12 11:40:20.608144
2025-08-12,65240,2025081201002820,KBL,Online Securities Pvt. Ltd.,Kohinoor Investment & Securities Pvt. Ltd.,55,209.5,11522.5,2025-08-12 11:40:36.942344
2025-08-12,65183,2025081201002822,KBL,Opal Securities Investment (PVT) Ltd.,J.F. Securites (PVT) Ltd.,105,209.9,22039.5,2025-08-12 11:40:46.406194
2025-08-12,64944,2025081201002856,KBL,Imperial Securities Company Pvt. Ltd.,J.F. Securites (PVT) Ltd.,165,209.9,34633.5,2025-08-12 11:41:41.540524
2025-08-12,64943,2025081201002857,KBL,Imperial Securities Company Pvt. Ltd.,Naasa Securities Co. Ltd.,200,210.0,42000.0,2025-08-12 11:41:41.541011
2025-08-12,64881,2025081201002865,KBL,Imperial Securities Company Pvt. Ltd.,Midas Stock Broking Company Private Limited,2000,210.0,420000.0,2025-08-12 11:41:47.850776
2025-08-12,64860,2025081201002884,KBL,Imperial Securities Company Pvt. Ltd.,Siprabi Securities Pvt. Ltd.,224,210.0,47040.0,2025-08-12 11:41:50.535620
2025-08-12,64859,2025081201002885,KBL,Online Securities Pvt. Ltd.,Siprabi Securities Pvt. Ltd.,726,209.7,152242.2,2025-08-12 11:41:50.535894
2025-08-12,64588,2025081201002928,KBL,Kohinoor Investment & Securities Pvt. Ltd.,Neev Securities Pvt. Ltd.,11,210.5,2315.5,2025-08-12 11:42:38.791050
2025-08-12,64409,2025081201002972,KBL,Linch Stock Market Ltd.,Neev Securities Pvt. Ltd.,100,210.5,21050.0,2025-08-12 11:43:07.851868
2025-08-12,64231,2025081201003002,KBL,Kohinoor Investment & Securities Pvt. Ltd.,Aryatara Investment & Securities,400,210.0,84000.0,2025-08-12 11:43:38.121525
2025-08-12,64230,2025081201003003,KBL,Kohinoor Investment & Securities Pvt. Ltd.,Neev Securities Pvt. Ltd.,100,210.5,21050.0,2025-08-12 11:43:38.122017
2025-08-12,63938,2025081201003055,KBL,Hatemalo Financial Services Private Limited,Aryatara Investment & Securities,10,210.0,2100.0,2025-08-12 11:44:29.284905
2025-08-12,63862,2025081201003070,KBL,Vision Securities Pvt. Ltd,Neev Securities Pvt. Ltd.,83,210.5,17471.5,2025-08-12 11:44:42.622850
2025-08-12,63861,2025081201003071,KBL,Vision Securities Pvt. Ltd,Sani Securities Company Ltd.,917,210.5,193028.5,2025-08-12 11:44:42.623200
2025-08-12,63776,2025081201003105,KBL,Hatemalo Financial Services Private Limited,Vision Securities Pvt. Ltd,110,210.0,23100.0,2025-08-12 11:44:52.686223
2025-08-12,63775,2025081201003106,KBL,Sewa Securities Pvt. Ltd.,Vision Securities Pvt. Ltd,890,210.0,186900.0,2025-08-12 11:44:52.686495
2025-08-12,63755,2025081201003111,KBL,Kohinoor Investment & Securities Pvt. Ltd.,Dynamic Money Managers Securities Pvt. Ltd.,1,210.9,210.9,2025-08-12 11:44:56.468897
2025-08-12,63533,2025081201003156,KBL,K.B.L. Securities Limited ,Secured Securities Ltd.,1000,210.2,210200.0,2025-08-12 11:45:38.696790
2025-08-12,63529,2025081201003160,KBL,K.B.L. Securities Limited ,Imperial Securities Company Pvt. Ltd.,1000,210.2,210200.0,2025-08-12 11:45:39.426821
2025-08-12,63496,2025081201003164,KBL,Dakshinkali Investment & Securities Pvt. Ltd.,Sweta Securities Private Limited,1000,210.1,210100.0,2025-08-12 11:45:43.794608
2025-08-12,63495,2025081201003165,KBL,Opal Securities Investment (PVT) Ltd.,Sweta Securities Private Limited,500,210.0,105000.0,2025-08-12 11:45:43.794652
2025-08-12,63447,2025081201003197,KBL,Kohinoor Investment & Securities Pvt. Ltd.,Sani Securities Company Ltd.,83,210.5,17471.5,2025-08-12 11:45:46.715563
2025-08-12,63446,2025081201003198,KBL,Kohinoor Investment & Securities Pvt. Ltd.,Vision Securities Pvt. Ltd,17,210.8,3583.6,2025-08-12 11:45:46.716156
2025-08-12,63278,2025081201003245,KBL,Vision Securities Pvt. Ltd,Vision Securities Pvt. Ltd,83,210.8,17496.4,2025-08-12 11:46:25.503802
2025-08-12,63277,2025081201003246,KBL,Vision Securities Pvt. Ltd,Linch Stock Market Ltd.,417,210.9,87945.3,2025-08-12 11:46:25.504110
2025-08-12,63060,2025081201003305,KBL,Opal Securities Investment (PVT) Ltd.,Linch Stock Market Ltd.,10,210.9,2109.0,2025-08-12 11:47:00.044558
2025-08-12,62887,2025081201003347,KBL,Sweta Securities Private Limited,Linch Stock Market Ltd.,1573,210.9,331745.7,2025-08-12 11:47:24.442787
2025-08-12,62770,2025081201003389,KBL,Dynamic Money Managers Securities Pvt. Ltd.,Dipshikha Dhitopatra Karobar Co. Pvt Ltd.,200,211.0,42200.0,2025-08-12 11:47:41.362078
2025-08-12,62769,2025081201003390,KBL,Dynamic Money Managers Securities Pvt. Ltd.,Dipshikha Dhitopatra Karobar Co. Pvt Ltd.,500,211.0,105500.0,2025-08-12 11:47:41.362174
2025-08-12,62768,2025081201003391,KBL,Dynamic Money Managers Securities Pvt. Ltd.,Opal Securities Investment (PVT) Ltd.,25,211.0,5275.0,2025-08-12 11:47:41.362200
2025-08-12,62767,2025081201003392,KBL,Dynamic Money Managers Securities Pvt. Ltd.,Shree Krishna Securities Ltd.,240,211.0,50640.0,2025-08-12 11:47:41.362224
2025-08-12,62766,2025081201003393,KBL,Dynamic Money Managers Securities Pvt. Ltd.,Kohinoor Investment & Securities Pvt. Ltd.,25,211.8,5295.0,2025-08-12 11:47:41.362249
2025-08-12,62765,2025081201003394,KBL,Dynamic Money Managers Securities Pvt. Ltd.,Kohinoor Investment & Securities Pvt. Ltd.,10,211.9,2119.0,2025-08-12 11:47:41.362277
2025-08-12,62656,2025081201003416,KBL,Naasa Securities Co. Ltd.,Sumeru Securities Pvt. Ltd.,500,212.0,106000.0,2025-08-12 11:47:58.100618
2025-08-12,62566,2025081201003435,KBL,Sundhara Securities Limited,Asian Securities Private Ltd.,38,211.1,8021.8,2025-08-12 11:48:11.392333
2025-08-12,62565,2025081201003436,KBL,Vision Securities Pvt. Ltd,Asian Securities Private Ltd.,102,211.0,21522.0,2025-08-12 11:48:11.392567
2025-08-12,62235,2025081201003499,KBL,Naasa Securities Co. Ltd.,Online Securities Pvt. Ltd.,200,211.1,42220.0,2025-08-12 11:49:08.409997
2025-08-12,62221,2025081201003502,KBL,Machhapuchchhre Securities Limited,Sumeru Securities Pvt. Ltd.,10,212.0,2120.0,2025-08-12 11:49:12.371888
2025-08-12,61881,2025081201003557,KBL,Naasa Securities Co. Ltd.,Infinity Securities Limited,10,211.1,2111.0,2025-08-12 11:50:06.626613
2025-08-12,61829,2025081201003566,KBL,Naasa Securities Co. Ltd.,Sumeru Securities Pvt. Ltd.,20,212.0,4240.0,2025-08-12 11:50:21.567644
2025-08-12,61825,2025081201003567,KBL,Naasa Securities Co. Ltd.,Online Securities Pvt. Ltd.,190,211.1,40109.0,2025-08-12 11:50:23.199564
2025-08-12,61550,2025081201003613,KBL,Vision Securities Pvt. Ltd,Online Securities Pvt. Ltd.,61,211.0,12871.0,2025-08-12 11:51:09.741832
2025-08-12,61510,2025081201003628,KBL,Sweta Securities Private Limited,Sumeru Securities Pvt. Ltd.,335,212.0,71020.0,2025-08-12 11:51:22.641798
2025-08-12,61509,2025081201003629,KBL,Sweta Securities Private Limited,Agrawal Securities (PVT) Ltd.,50,212.0,10600.0,2025-08-12 11:51:22.642361
2025-08-12,61508,2025081201003630,KBL,Sweta Securities Private Limited,Dipshikha Dhitopatra Karobar Co. Pvt Ltd.,100,212.0,21200.0,2025-08-12 11:51:22.642809
2025-08-12,61507,2025081201003631,KBL,Sweta Securities Private Limited,Dipshikha Dhitopatra Karobar Co. Pvt Ltd.,115,212.0,24380.0,2025-08-12 11:51:22.643272
2025-08-12,61414,2025081201003646,KBL,Imperial Securities Company Pvt. Ltd.,Dipshikha Dhitopatra Karobar Co. Pvt Ltd.,385,212.0,81620.0,2025-08-12 11:51:39.332921
2025-08-12,61413,2025081201003647,KBL,Imperial Securities Company Pvt. Ltd.,Market Securities & Exchange (PVT) Ltd.,115,212.0,24380.0,2025-08-12 11:51:39.333254
2025-08-12,61352,2025081201003666,KBL,Asian Securities Private Ltd.,Market Securities & Exchange (PVT) Ltd.,85,212.0,18020.0,2025-08-12 11:51:50.456754
2025-08-12,61351,2025081201003667,KBL,Asian Securities Private Ltd.,Shree Krishna Securities Ltd.,15,212.0,3180.0,2025-08-12 11:51:50.457048
2025-08-12,61082,2025081201003727,KBL,Naasa Securities Co. Ltd.,Asian Securities Private Ltd.,10,211.1,2111.0,2025-08-12 11:52:38.694807
2025-08-12,60910,2025081201003771,KBL,Naasa Securities Co. Ltd.,Midas Stock Broking Company Private Limited,40,211.1,8444.0,2025-08-12 11:53:21.553251
2025-08-12,60909,2025081201003772,KBL,Asian Securities Private Ltd.,Midas Stock Broking Company Private Limited,50,211.1,10555.0,2025-08-12 11:53:21.553523
2025-08-12,60908,2025081201003773,KBL,Vision Securities Pvt. Ltd,Midas Stock Broking Company Private Limited,62,211.0,13082.0,2025-08-12 11:53:21.553655
2025-08-12,60907,2025081201003774,KBL,Vision Securities Pvt. Ltd,Midas Stock Broking Company Private Limited,1000,211.0,211000.0,2025-08-12 11:53:21.553780
2025-08-12,60906,2025081201003775,KBL,Asian Securities Private Ltd.,Midas Stock Broking Company Private Limited,200,211.0,42200.0,2025-08-12 11:53:21.553910
2025-08-12,60905,2025081201003776,KBL,Hatemalo Financial Services Private Limited,Midas Stock Broking Company Private Limited,100,211.0,21100.0,2025-08-12 11:53:21.554084
2025-08-12,60796,2025081201003811,KBL,Vision Securities Pvt. Ltd,Midas Stock Broking Company Private Limited,100,211.0,21100.0,2025-08-12 11:53:43.897685
2025-08-12,60793,2025081201003812,KBL,Neev Securities Pvt. Ltd.,Midas Stock Broking Company Private Limited,12,211.0,2532.0,2025-08-12 11:53:44.564940
2025-08-12,60649,2025081201003845,KBL,Infinity Securities Limited,Vision Securities Pvt. Ltd,200,210.6,42120.0,2025-08-12 11:54:15.143908
2025-08-12,60559,2025081201003861,KBL,Infinity Securities Limited,KALASH STOCK MARKET PVT. LTD.,100,210.6,21060.0,2025-08-12 11:54:34.977070
2025-08-12,60543,2025081201003866,KBL,Infinity Securities Limited,Midas Stock Broking Company Private Limited,15,211.0,3165.0,2025-08-12 11:54:39.411717
2025-08-12,60410,2025081201003893,KBL,Infinity Securities Limited,Dipshikha Dhitopatra Karobar Co. Pvt Ltd.,200,210.6,42120.0,2025-08-12 11:55:10.855994
2025-08-12,60409,2025081201003894,KBL,K.B.L. Securities Limited ,Dipshikha Dhitopatra Karobar Co. Pvt Ltd.,200,210.5,42100.0,2025-08-12 11:55:10.856585
2025-08-12,60408,2025081201003895,KBL,Sani Securities Company Ltd.,Dipshikha Dhitopatra Karobar Co. Pvt Ltd.,20,210.5,4210.0,2025-08-12 11:55:10.856989
2025-08-12,60407,2025081201003896,KBL,Thrive Brokerage House Pvt. Ltd,Dipshikha Dhitopatra Karobar Co. Pvt Ltd.,193,210.1,40549.3,2025-08-12 11:55:10.857402
2025-08-12,60176,2025081201003943,KBL,Sewa Securities Pvt. Ltd.,Linch Stock Market Ltd.,300,210.9,63270.0,2025-08-12 11:55:58.152263
2025-08-12,59859,2025081201003999,KBL,Online Securities Pvt. Ltd.,Midas Stock Broking Company Private Limited,200,211.0,42200.0,2025-08-12 11:56:59.782650
2025-08-12,59674,2025081201004027,KBL,Aryatara Investment & Securities,Midas Stock Broking Company Private Limited,25,211.0,5275.0,2025-08-12 11:57:41.478128
2025-08-12,59611,2025081201004050,KBL,Vision Securities Pvt. Ltd,Midas Stock Broking Company Private Limited,43,211.0,9073.0,2025-08-12 11:57:53.766263
2025-08-12,59554,2025081201004059,KBL,Agrawal Securities (PVT) Ltd.,Midas Stock Broking Company Private Limited,153,211.0,32283.0,2025-08-12 11:58:07.481137
2025-08-12,59553,2025081201004060,KBL,Agrawal Securities (PVT) Ltd.,Agrawal Securities (PVT) Ltd.,57,211.0,12027.0,2025-08-12 11:58:07.481465
2025-08-12,59518,2025081201004065,KBL,Infinity Securities Limited,Agrawal Securities (PVT) Ltd.,43,211.0,9073.0,2025-08-12 11:58:13.999941
2025-08-12,59517,2025081201004066,KBL,Infinity Securities Limited,Agrawal Securities (PVT) Ltd.,257,211.0,54227.0,2025-08-12 11:58:14.000563
2025-08-12,59206,2025081201004133,KBL,Trishakti Securities Public Limited,Agrawal Securities (PVT) Ltd.,30,211.0,6330.0,2025-08-12 11:59:07.160298
2025-08-12,59002,2025081201004172,KBL,Kumari Securities Private Limited,Agrawal Securities (PVT) Ltd.,213,211.0,44943.0,2025-08-12 11:59:48.684944
2025-08-12,58966,2025081201004178,KBL,Kumari Securities Private Limited,Linch Stock Market Ltd.,10,211.0,2110.0,2025-08-12 11:59:54.476808
2025-08-12,58890,2025081201004195,KBL,Kumari Securities Private Limited,Kohinoor Investment & Securities Pvt. Ltd.,11,211.0,2321.0,2025-08-12 12:00:10.828412
2025-08-12,58885,2025081201004197,KBL,Thrive Brokerage House Pvt. Ltd,Kumari Securities Private Limited,200,211.9,42380.0,2025-08-12 12:00:12.082259
2025-08-12,58853,2025081201004205,KBL,Thrive Brokerage House Pvt. Ltd,Naasa Securities Co. Ltd.,200,211.9,42380.0,2025-08-12 12:00:17.407325
2025-08-12,58834,2025081201004212,KBL,Thrive Brokerage House Pvt. Ltd,Linch Stock Market Ltd.,100,211.9,21190.0,2025-08-12 12:00:21.639920
2025-08-12,58209,2025081201004319,KBL,Kumari Securities Private Limited,Deevyaa Securities & Stock House Pvt. Ltd,66,211.0,13926.0,2025-08-12 12:02:54.039745
2025-08-12,58208,2025081201004320,KBL,Dakshinkali Investment & Securities Pvt. Ltd.,Deevyaa Securities & Stock House Pvt. Ltd,934,211.0,197074.0,2025-08-12 12:02:54.040095
2025-08-12,58186,2025081201004326,KBL,Dakshinkali Investment & Securities Pvt. Ltd.,Investment Management Nepal Pvt. Ltd.,66,211.0,13926.0,2025-08-12 12:02:59.366146
2025-08-12,58185,2025081201004327,KBL,Nepal Investment And Securities Trading Private Limited,Investment Management Nepal Pvt. Ltd.,34,211.0,7174.0,2025-08-12 12:02:59.366489
2025-08-12,58121,2025081201004334,KBL,Nepal Investment And Securities Trading Private Limited,Agrawal Securities (PVT) Ltd.,39,211.0,8229.0,2025-08-12 12:03:12.727658
2025-08-12,58055,2025081201004345,KBL,Aryatara Investment & Securities,Agrawal Securities (PVT) Ltd.,80,211.0,16880.0,2025-08-12 12:03:28.941553
2025-08-12,57976,2025081201004358,KBL,Creative Securities Pvt Ltd,Agrawal Securities (PVT) Ltd.,881,211.0,185891.0,2025-08-12 12:03:41.724035
2025-08-12,57975,2025081201004359,KBL,Creative Securities Pvt Ltd,Linch Stock Market Ltd.,119,211.9,25216.1,2025-08-12 12:03:41.724363
2025-08-12,57939,2025081201004365,KBL,Naasa Securities Co. Ltd.,Naasa Securities Co. Ltd.,100,210.7,21070.0,2025-08-12 12:03:48.555088
2025-08-12,57855,2025081201004376,KBL,Trishakti Securities Public Limited,Agrawal Securities (PVT) Ltd.,100,210.6,21060.0,2025-08-12 12:04:02.135626
2025-08-12,57854,2025081201004377,KBL,Asian Securities Private Ltd.,Agrawal Securities (PVT) Ltd.,50,210.5,10525.0,2025-08-12 12:04:02.135979
2025-08-12,57853,2025081201004378,KBL,Secured Securities Ltd.,Agrawal Securities (PVT) Ltd.,17,210.5,3578.5,2025-08-12 12:04:02.136131
2025-08-12,57626,2025081201004440,KBL,Secured Securities Ltd.,Agrawal Securities (PVT) Ltd.,83,210.5,17471.5,2025-08-12 12:04:47.741302
2025-08-12,57625,2025081201004441,KBL,S.P.S.A. Securities Limited,Agrawal Securities (PVT) Ltd.,84,210.5,17682.0,2025-08-12 12:04:47.741906
2025-08-12,57590,2025081201004448,KBL,S.P.S.A. Securities Limited,Swarna Laxmi Securities Pvt. Ltd.,116,210.5,24418.0,2025-08-12 12:04:54.134110
2025-08-12,57589,2025081201004449,KBL,Naasa Securities Co. Ltd.,Swarna Laxmi Securities Pvt. Ltd.,84,210.5,17682.0,2025-08-12 12:04:54.134718
2025-08-12,57504,2025081201004465,KBL,Naasa Securities Co. Ltd.,Agrawal Securities (PVT) Ltd.,16,210.5,3368.0,2025-08-12 12:05:12.071680
2025-08-12,57503,2025081201004466,KBL,Vision Securities Pvt. Ltd,Agrawal Securities (PVT) Ltd.,149,210.4,31349.6,2025-08-12 12:05:12.072013
2025-08-12,56849,2025081201004568,KBL,Thrive Brokerage House Pvt. Ltd,Swarna Laxmi Securities Pvt. Ltd.,200,211.0,42200.0,2025-08-12 12:07:05.720283
2025-08-12,56848,2025081201004569,KBL,Thrive Brokerage House Pvt. Ltd,Dipshikha Dhitopatra Karobar Co. Pvt Ltd.,25,211.0,5275.0,2025-08-12 12:07:05.720925
2025-08-12,56556,2025081201004621,KBL,Thrive Brokerage House Pvt. Ltd,Opal Securities Investment (PVT) Ltd.,75,211.0,15825.0,2025-08-12 12:07:55.902213
2025-08-12,56555,2025081201004622,KBL,Naasa Securities Co. Ltd.,Opal Securities Investment (PVT) Ltd.,40,211.0,8440.0,2025-08-12 12:07:55.902260
2025-08-12,56554,2025081201004623,KBL,Online Securities Pvt. Ltd.,Opal Securities Investment (PVT) Ltd.,500,210.5,105250.0,2025-08-12 12:07:55.902292
2025-08-12,56553,2025081201004624,KBL,Vision Securities Pvt. Ltd,Opal Securities Investment (PVT) Ltd.,385,210.4,81004.0,2025-08-12 12:07:55.902318
2025-08-12,56448,2025081201004638,KBL,Vision Securities Pvt. Ltd,SHUBHAKAMANA SECURITIES PVT. LTD,66,210.4,13886.4,2025-08-12 12:08:14.158209
2025-08-12,56447,2025081201004639,KBL,Thrive Brokerage House Pvt. Ltd,SHUBHAKAMANA SECURITIES PVT. LTD,500,210.4,105200.0,2025-08-12 12:08:14.158282
2025-08-12,56446,2025081201004640,KBL,Thrive Brokerage House Pvt. Ltd,SHUBHAKAMANA SECURITIES PVT. LTD,744,210.4,156537.6,2025-08-12 12:08:14.158314
2025-08-12,56319,2025081201004668,KBL,Thrive Brokerage House Pvt. Ltd,Cristal Kanchanjanga Securites Pvt. Ltd.,256,210.4,53862.4,2025-08-12 12:08:31.016799
2025-08-12,56318,2025081201004669,KBL,Aakashbhairab Securities Ltd.,Cristal Kanchanjanga Securites Pvt. Ltd.,50,210.4,10520.0,2025-08-12 12:08:31.017194
2025-08-12,56317,2025081201004670,KBL,Agrawal Securities (PVT) Ltd.,Cristal Kanchanjanga Securites Pvt. Ltd.,1000,210.3,210300.0,2025-08-12 12:08:31.017410
2025-08-12,56316,2025081201004671,KBL,Naasa Securities Co. Ltd.,Cristal Kanchanjanga Securites Pvt. Ltd.,100,210.3,21030.0,2025-08-12 12:08:31.017628
2025-08-12,56315,2025081201004672,KBL,Imperial Securities Company Pvt. Ltd.,Cristal Kanchanjanga Securites Pvt. Ltd.,1000,210.2,210200.0,2025-08-12 12:08:31.017843
2025-08-12,56314,2025081201004673,KBL,Thrive Brokerage House Pvt. Ltd,Cristal Kanchanjanga Securites Pvt. Ltd.,57,210.1,11975.7,2025-08-12 12:08:31.018050
2025-08-12,56313,2025081201004674,KBL,Indira securities pvt. ltd,Cristal Kanchanjanga Securites Pvt. Ltd.,1000,210.1,210100.0,2025-08-12 12:08:31.018260
2025-08-12,56312,2025081201004675,KBL,Malla & Malla Stock Broking Company Pvt. Limited,Cristal Kanchanjanga Securites Pvt. Ltd.,250,210.0,52500.0,2025-08-12 12:08:31.018419
2025-08-12,56311,2025081201004676,KBL,Nepal Investment And Securities Trading Private Limited,Cristal Kanchanjanga Securites Pvt. Ltd.,100,210.0,21000.0,2025-08-12 12:08:31.018640
2025-08-12,56310,2025081201004677,KBL,Premier Securities Company Ltd.,Cristal Kanchanjanga Securites Pvt. Ltd.,500,210.0,105000.0,2025-08-12 12:08:31.018860
2025-08-12,56309,2025081201004678,KBL,Vision Securities Pvt. Ltd,Cristal Kanchanjanga Securites Pvt. Ltd.,687,210.0,144270.0,2025-08-12 12:08:31.019089
2025-08-12,56163,2025081201004704,KBL,Vision Securities Pvt. Ltd,Blue Chip Securities Ltd,147,210.0,30870.0,2025-08-12 12:09:03.777716
2025-08-12,55899,2025081201004769,KBL,Vision Securities Pvt. Ltd,Cristal Kanchanjanga Securites Pvt. Ltd.,166,210.0,34860.0,2025-08-12 12:09:56.334816
2025-08-12,55898,2025081201004770,KBL,Premier Securities Company Ltd.,Cristal Kanchanjanga Securites Pvt. Ltd.,50,210.0,10500.0,2025-08-12 12:09:56.335148
2025-08-12,55897,2025081201004771,KBL,Kohinoor Investment & Securities Pvt. Ltd.,Cristal Kanchanjanga Securites Pvt. Ltd.,200,210.0,42000.0,2025-08-12 12:09:56.335364
2025-08-12,55896,2025081201004772,KBL,Roadshow securities limited,Cristal Kanchanjanga Securites Pvt. Ltd.,1000,210.0,210000.0,2025-08-12 12:09:56.335514
2025-08-12,55895,2025081201004773,KBL,Kohinoor Investment & Securities Pvt. Ltd.,Cristal Kanchanjanga Securites Pvt. Ltd.,30,210.0,6300.0,2025-08-12 12:09:56.335699
2025-08-12,55894,2025081201004774,KBL,Trishakti Securities Public Limited,Cristal Kanchanjanga Securites Pvt. Ltd.,30,210.0,6300.0,2025-08-12 12:09:56.335856
2025-08-12,55893,2025081201004775,KBL,Naasa Securities Co. Ltd.,Cristal Kanchanjanga Securites Pvt. Ltd.,80,210.0,16800.0,2025-08-12 12:09:56.336033
2025-08-12,55892,2025081201004776,KBL,Sundhara Securities Limited,Cristal Kanchanjanga Securites Pvt. Ltd.,300,210.0,63000.0,2025-08-12 12:09:56.336180
2025-08-12,55891,2025081201004777,KBL,Vision Securities Pvt. Ltd,Cristal Kanchanjanga Securites Pvt. Ltd.,100,210.0,21000.0,2025-08-12 12:09:56.336377
2025-08-12,55890,2025081201004778,KBL,ABC Securities Private Limited,Cristal Kanchanjanga Securites Pvt. Ltd.,250,210.0,52500.0,2025-08-12 12:09:56.336548
2025-08-12,55889,2025081201004779,KBL,Dipshikha Dhitopatra Karobar Co. Pvt Ltd.,Cristal Kanchanjanga Securites Pvt. Ltd.,500,210.0,105000.0,2025-08-12 12:09:56.336695
2025-08-12,55888,2025081201004780,KBL,Thrive Brokerage House Pvt. Ltd,Cristal Kanchanjanga Securites Pvt. Ltd.,200,210.0,42000.0,2025-08-12 12:09:56.336839
2025-08-12,55887,2025081201004781,KBL,K.B.L. Securities Limited ,Cristal Kanchanjanga Securites Pvt. Ltd.,100,209.9,20990.0,2025-08-12 12:09:56.337000
2025-08-12,55886,2025081201004782,KBL,Online Securities Pvt. Ltd.,Cristal Kanchanjanga Securites Pvt. Ltd.,520,209.7,109044.0,2025-08-12 12:09:56.337150
2025-08-12,55885,2025081201004783,KBL,Indira securities pvt. ltd,Cristal Kanchanjanga Securites Pvt. Ltd.,1000,209.7,209700.0,2025-08-12 12:09:56.337298
2025-08-12,55884,2025081201004784,KBL,Imperial Securities Company Pvt. Ltd.,Cristal Kanchanjanga Securites Pvt. Ltd.,474,209.6,99350.4,2025-08-12 12:09:56.337440
2025-08-12,55509,2025081201004881,KBL,Imperial Securities Company Pvt. Ltd.,Ashutosh Brokerage & Securities (PVT) Ltd.,100,209.6,20960.0,2025-08-12 12:10:54.538560
2025-08-12,55258,2025081201004951,KBL,Imperial Securities Company Pvt. Ltd.,Capital Max Securities Ltd,426,209.6,89289.6,2025-08-12 12:11:45.587772
2025-08-12,55257,2025081201004952,KBL,Agrawal Securities (PVT) Ltd.,Capital Max Securities Ltd,500,209.6,104800.0,2025-08-12 12:11:45.588149
2025-08-12,55256,2025081201004953,KBL,Thrive Brokerage House Pvt. Ltd,Capital Max Securities Ltd,51,209.6,10689.6,2025-08-12 12:11:45.588323
2025-08-12,55170,2025081201004987,KBL,Thrive Brokerage House Pvt. Ltd,Capital Max Securities Ltd,149,209.6,31230.4,2025-08-12 12:12:07.669515
2025-08-12,55169,2025081201004988,KBL,Nepal Stock House (PVT) Ltd.,Capital Max Securities Ltd,1000,209.5,209500.0,2025-08-12 12:12:07.669880
2025-08-12,55168,2025081201004989,KBL,BHOLE GANESH SECURITIES LTD,Capital Max Securities Ltd,1000,209.5,209500.0,2025-08-12 12:12:07.670041
2025-08-12,55167,2025081201004990,KBL,K.B.L. Securities Limited ,Capital Max Securities Ltd,250,209.5,52375.0,2025-08-12 12:12:07.670187
2025-08-12,55166,2025081201004991,KBL,Thrive Brokerage House Pvt. Ltd,Capital Max Securities Ltd,300,209.5,62850.0,2025-08-12 12:12:07.670333
2025-08-12,55103,2025081201005002,KBL,Sweta Securities Private Limited,Capital Max Securities Ltd,301,209.4,63029.4,2025-08-12 12:12:23.741895
2025-08-12,54928,2025081201005028,KBL,Sani Securities Company Ltd.,Naasa Securities Co. Ltd.,20,209.5,4190.0,2025-08-12 12:12:55.060700
2025-08-12,54691,2025081201005063,KBL,Sweta Securities Private Limited,Ashutosh Brokerage & Securities (PVT) Ltd.,10,209.8,2098.0,2025-08-12 12:13:38.448531
2025-08-12,54690,2025081201005064,KBL,Sweta Securities Private Limited,Imperial Securities Company Pvt. Ltd.,30,210.0,6300.0,2025-08-12 12:13:38.448871
2025-08-12,54566,2025081201005100,KBL,ABC Securities Private Limited,Online Securities Pvt. Ltd.,500,209.9,104950.0,2025-08-12 12:14:02.113736
2025-08-12,54350,2025081201005171,KBL,Opal Securities Investment (PVT) Ltd.,Capital Max Securities Ltd,300,209.9,62970.0,2025-08-12 12:14:39.358416
2025-08-12,54348,2025081201005172,KBL,Trisul Securities & Invt. Ltd.,Capital Max Securities Ltd,700,209.9,146930.0,2025-08-12 12:14:39.444077
2025-08-12,54347,2025081201005173,KBL,Trisul Securities & Invt. Ltd.,Imperial Securities Company Pvt. Ltd.,100,210.0,21000.0,2025-08-12 12:14:39.444826
2025-08-12,54292,2025081201005206,KBL,Naasa Securities Co. Ltd.,Imperial Securities Company Pvt. Ltd.,10,210.0,2100.0,2025-08-12 12:14:52.933502
2025-08-12,54103,2025081201005249,KBL,ABC Securities Private Limited,Imperial Securities Company Pvt. Ltd.,118,210.0,24780.0,2025-08-12 12:15:45.627600
2025-08-12,53958,2025081201005278,KBL,Vision Securities Pvt. Ltd,Oxford Securities Pvt. Ltd.,14,209.8,2937.2,2025-08-12 12:16:19.348826
2025-08-12,53711,2025081201005341,KBL,Vision Securities Pvt. Ltd,South Asian Bulls Pvt. Ltd.,67,209.8,14056.6,2025-08-12 12:17:16.666093
2025-08-12,53676,2025081201005349,KBL,Vision Securities Pvt. Ltd,Online Securities Pvt. Ltd.,119,209.8,24966.2,2025-08-12 12:17:29.222529
2025-08-12,53675,2025081201005350,KBL,Cristal Kanchanjanga Securites Pvt. Ltd.,Online Securities Pvt. Ltd.,181,209.8,37973.8,2025-08-12 12:17:29.222899
2025-08-12,53313,2025081201005489,KBL,Kumari Securities Private Limited,Imperial Securities Company Pvt. Ltd.,610,210.0,128100.0,2025-08-12 12:18:47.586771
2025-08-12,52739,2025081201005614,KBL,Naasa Securities Co. Ltd.,Imperial Securities Company Pvt. Ltd.,54,210.0,11340.0,2025-08-12 12:21:07.277093
2025-08-12,52681,2025081201005639,KBL,Aryatara Investment & Securities,Imperial Securities Company Pvt. Ltd.,578,210.0,121380.0,2025-08-12 12:21:19.401272
2025-08-12,52680,2025081201005640,KBL,Aryatara Investment & Securities,Vision Securities Pvt. Ltd,22,210.0,4620.0,2025-08-12 12:21:19.401985
2025-08-12,52501,2025081201005682,KBL,Aryatara Investment & Securities,Vision Securities Pvt. Ltd,15,210.0,3150.0,2025-08-12 12:22:07.108522
2025-08-12,52396,2025081201005721,KBL,Kohinoor Investment & Securities Pvt. Ltd.,Vision Securities Pvt. Ltd,63,210.0,13230.0,2025-08-12 12:22:21.605265
2025-08-12,52395,2025081201005722,KBL,Kohinoor Investment & Securities Pvt. Ltd.,Opal Securities Investment (PVT) Ltd.,67,210.0,14070.0,2025-08-12 12:22:21.605620
2025-08-12,52273,2025081201005750,KBL,Cristal Kanchanjanga Securites Pvt. Ltd.,Trisul Securities & Invt. Ltd.,50,209.8,10490.0,2025-08-12 12:22:36.519417
2025-08-12,52257,2025081201005753,KBL,Cristal Kanchanjanga Securites Pvt. Ltd.,Capital Max Securities Ltd,169,209.8,35456.2,2025-08-12 12:22:42.285308
2025-08-12,52256,2025081201005754,KBL,SHUBHAKAMANA SECURITIES PVT. LTD,Capital Max Securities Ltd,100,209.8,20980.0,2025-08-12 12:22:42.286006
2025-08-12,52096,2025081201005809,KBL,Opal Securities Investment (PVT) Ltd.,Capital Max Securities Ltd,37,209.8,7762.6,2025-08-12 12:23:20.484195
2025-08-12,50675,2025081201006115,KBL,Sani Securities Company Ltd.,Dipshikha Dhitopatra Karobar Co. Pvt Ltd.,80,209.7,16776.0,2025-08-12 12:28:27.929061
2025-08-12,50674,2025081201006116,KBL,Linch Stock Market Ltd.,Dipshikha Dhitopatra Karobar Co. Pvt Ltd.,20,209.7,4194.0,2025-08-12 12:28:27.929406
2025-08-12,50672,2025081201006117,KBL,Agrawal Securities (PVT) Ltd.,Dipshikha Dhitopatra Karobar Co. Pvt Ltd.,600,209.7,125820.0,2025-08-12 12:28:28.484119
2025-08-12,50671,2025081201006118,KBL,Agrawal Securities (PVT) Ltd.,Capital Max Securities Ltd,400,209.8,83920.0,2025-08-12 12:28:28.484909
2025-08-12,50214,2025081201006257,KBL,Online Securities Pvt. Ltd.,Capital Max Securities Ltd,20,209.8,4196.0,2025-08-12 12:30:19.543441
2025-08-12,49743,2025081201006371,KBL,Secured Securities Ltd.,Capital Max Securities Ltd,20,209.8,4196.0,2025-08-12 12:31:57.533726
2025-08-12,49735,2025081201006375,KBL,Agrawal Securities (PVT) Ltd.,Trishakti Securities Public Limited,118,209.6,24732.8,2025-08-12 12:32:00.556011
2025-08-12,49734,2025081201006376,KBL,Sundhara Securities Limited,Trishakti Securities Public Limited,382,209.6,80067.2,2025-08-12 12:32:00.556787
2025-08-12,49425,2025081201006449,KBL,Sundhara Securities Limited,Nepal Stock House (PVT) Ltd.,300,209.6,62880.0,2025-08-12 12:33:18.570781
2025-08-12,49275,2025081201006487,KBL,Siprabi Securities Pvt. Ltd.,Capital Max Securities Ltd,254,209.8,53289.2,2025-08-12 12:33:50.394865
2025-08-12,48871,2025081201006552,KBL,Online Securities Pvt. Ltd.,Opal Securities Investment (PVT) Ltd.,100,210.0,21000.0,2025-08-12 12:35:09.717074
2025-08-12,48376,2025081201006663,KBL,Secured Securities Ltd.,Opal Securities Investment (PVT) Ltd.,20,210.0,4200.0,2025-08-12 12:37:05.176766
2025-08-12,48035,2025081201006718,KBL,Bhrikuti Stock Broking Co. Pvt. Ltd.,Opal Securities Investment (PVT) Ltd.,50,210.0,10500.0,2025-08-12 12:38:19.012243
2025-08-12,47850,2025081201006754,KBL,Siprabi Securities Pvt. Ltd.,Nepal Stock House (PVT) Ltd.,60,209.8,12588.0,2025-08-12 12:39:03.294777
2025-08-12,47849,2025081201006755,KBL,Siprabi Securities Pvt. Ltd.,Nepal Stock House (PVT) Ltd.,240,209.7,50328.0,2025-08-12 12:39:03.295216
2025-08-12,47738,2025081201006771,KBL,Siprabi Securities Pvt. Ltd.,Premier Securities Company Ltd.,506,209.7,106108.2,2025-08-12 12:39:28.434751
2025-08-12,47598,2025081201006795,KBL,Sundhara Securities Limited,ABC Securities Private Limited,2318,209.6,485852.8,2025-08-12 12:39:59.123780
2025-08-12,47597,2025081201006796,KBL,Sundhara Securities Limited,ABC Securities Private Limited,71,209.6,14881.6,2025-08-12 12:39:59.123923
2025-08-12,47596,2025081201006797,KBL,Aryatara Investment & Securities,ABC Securities Private Limited,50,209.5,10475.0,2025-08-12 12:39:59.124002
2025-08-12,47595,2025081201006798,KBL,Shree Krishna Securities Ltd.,ABC Securities Private Limited,200,209.5,41900.0,2025-08-12 12:39:59.124116
2025-08-12,47594,2025081201006799,KBL,Sani Securities Company Ltd.,ABC Securities Private Limited,425,209.5,89037.5,2025-08-12 12:39:59.124214
2025-08-12,47593,2025081201006800,KBL,Kumari Securities Private Limited,ABC Securities Private Limited,936,209.5,196092.0,2025-08-12 12:39:59.124315
2025-08-12,47393,2025081201006836,KBL,Thrive Brokerage House Pvt. Ltd,Premier Securities Company Ltd.,50,209.6,10480.0,2025-08-12 12:40:38.895971
2025-08-12,47386,2025081201006838,KBL,Kumari Securities Private Limited,ABC Securities Private Limited,1064,209.5,222908.0,2025-08-12 12:40:41.449275
2025-08-12,47385,2025081201006839,KBL,Sweta Securities Private Limited,ABC Securities Private Limited,699,209.4,146370.6,2025-08-12 12:40:41.449333
2025-08-12,47384,2025081201006840,KBL,Trishakti Securities Public Limited,ABC Securities Private Limited,200,209.4,41880.0,2025-08-12 12:40:41.449356
2025-08-12,47383,2025081201006841,KBL,Secured Securities Ltd.,ABC Securities Private Limited,37,209.4,7747.8,2025-08-12 12:40:41.449379
2025-08-12,47310,2025081201006864,KBL,Secured Securities Ltd.,Hatemalo Financial Services Private Limited,13,209.4,2722.2,2025-08-12 12:41:01.325683
2025-08-12,47309,2025081201006865,KBL,Imperial Securities Company Pvt. Ltd.,Hatemalo Financial Services Private Limited,17,209.3,3558.1,2025-08-12 12:41:01.325779
2025-08-12,47308,2025081201006866,KBL,Nepal Stock House (PVT) Ltd.,Hatemalo Financial Services Private Limited,10,209.3,2093.0,2025-08-12 12:41:01.325858
2025-08-12,47307,2025081201006867,KBL,Linch Stock Market Ltd.,Hatemalo Financial Services Private Limited,100,209.1,20910.0,2025-08-12 12:41:01.325934
2025-08-12,47306,2025081201006868,KBL,Secured Securities Ltd.,Hatemalo Financial Services Private Limited,10,209.1,2091.0,2025-08-12 12:41:01.326009
2025-08-12,46838,2025081201006967,KBL,Kohinoor Investment & Securities Pvt. Ltd.,Swarna Laxmi Securities Pvt. Ltd.,116,209.2,24267.2,2025-08-12 12:42:25.750380
2025-08-12,46827,2025081201006970,KBL,Kohinoor Investment & Securities Pvt. Ltd.,Premier Securities Company Ltd.,10,209.4,2094.0,2025-08-12 12:42:29.983127
2025-08-12,46467,2025081201007087,KBL,Naasa Securities Co. Ltd.,Premier Securities Company Ltd.,10,209.3,2093.0,2025-08-12 12:43:25.308331
2025-08-12,46425,2025081201007093,KBL,Imperial Securities Company Pvt. Ltd.,Oxford Securities Pvt. Ltd.,200,209.6,41920.0,2025-08-12 12:43:31.333791
2025-08-12,46237,2025081201007138,KBL,Kohinoor Investment & Securities Pvt. Ltd.,Premier Securities Company Ltd.,684,209.2,143092.8,2025-08-12 12:44:05.490987
2025-08-12,46236,2025081201007139,KBL,Thrive Brokerage House Pvt. Ltd,Premier Securities Company Ltd.,50,209.2,10460.0,2025-08-12 12:44:05.491408
2025-08-12,45737,2025081201007231,KBL,Nabil Stock Dealer Ltd.,Naasa Securities Co. Ltd.,1,209.0,209.0,2025-08-12 12:45:33.045070
2025-08-12,45710,2025081201007238,KBL,Sani Securities Company Ltd.,Premier Securities Company Ltd.,400,209.3,83720.0,2025-08-12 12:45:40.995192
2025-08-12,45427,2025081201007299,KBL,J.F. Securites (PVT) Ltd.,Premier Securities Company Ltd.,10,209.2,2092.0,2025-08-12 12:46:43.727395
2025-08-12,45360,2025081201007310,KBL,Secured Securities Ltd.,Linch Stock Market Ltd.,10,209.1,2091.0,2025-08-12 12:46:59.071650
2025-08-12,45347,2025081201007313,KBL,South Asian Bulls Pvt. Ltd.,Premier Securities Company Ltd.,10,209.2,2092.0,2025-08-12 12:47:03.969310
2025-08-12,45148,2025081201007363,KBL,Kumari Securities Private Limited,Oxford Securities Pvt. Ltd.,55,209.6,11528.0,2025-08-12 12:47:45.799329
2025-08-12,45057,2025081201007388,KBL,Vision Securities Pvt. Ltd,Premier Securities Company Ltd.,100,209.2,20920.0,2025-08-12 12:48:03.768021
2025-08-12,44941,2025081201007421,KBL,Secured Securities Ltd.,Premier Securities Company Ltd.,150,209.1,31365.0,2025-08-12 12:48:30.890904
2025-08-12,44940,2025081201007422,KBL,Shree Krishna Securities Ltd.,Premier Securities Company Ltd.,100,209.1,20910.0,2025-08-12 12:48:30.891331
2025-08-12,44939,2025081201007423,KBL,Swarna Laxmi Securities Pvt. Ltd.,Premier Securities Company Ltd.,100,209.1,20910.0,2025-08-12 12:48:30.891587
2025-08-12,44689,2025081201007496,KBL,Sani Securities Company Ltd.,Oxford Securities Pvt. Ltd.,20,209.6,4192.0,2025-08-12 12:49:21.251796
2025-08-12,44351,2025081201007548,KBL,Primo Securities (PVT) Ltd.,Oxford Securities Pvt. Ltd.,141,209.6,29553.6,2025-08-12 12:50:38.637757
2025-08-12,44350,2025081201007549,KBL,Primo Securities (PVT) Ltd.,Sani Securities Company Ltd.,750,209.9,157425.0,2025-08-12 12:50:38.638609
2025-08-12,44349,2025081201007550,KBL,Primo Securities (PVT) Ltd.,Opal Securities Investment (PVT) Ltd.,1109,210.0,232890.0,2025-08-12 12:50:38.639266
2025-08-12,44231,2025081201007571,KBL,Dipshikha Dhitopatra Karobar Co. Pvt Ltd.,Opal Securities Investment (PVT) Ltd.,654,210.0,137340.0,2025-08-12 12:50:57.188091
2025-08-12,44230,2025081201007572,KBL,Dipshikha Dhitopatra Karobar Co. Pvt Ltd.,Opal Securities Investment (PVT) Ltd.,174,210.0,36540.0,2025-08-12 12:50:57.188191
2025-08-12,44229,2025081201007573,KBL,Dipshikha Dhitopatra Karobar Co. Pvt Ltd.,Opal Securities Investment (PVT) Ltd.,150,210.0,31500.0,2025-08-12 12:50:57.188260
2025-08-12,44228,2025081201007574,KBL,Dipshikha Dhitopatra Karobar Co. Pvt Ltd.,Trisul Securities & Invt. Ltd.,100,210.0,21000.0,2025-08-12 12:50:57.188341
2025-08-12,44227,2025081201007575,KBL,Dipshikha Dhitopatra Karobar Co. Pvt Ltd.,Opal Securities Investment (PVT) Ltd.,922,210.0,193620.0,2025-08-12 12:50:57.188396
2025-08-12,44124,2025081201007604,KBL,Trisul Securities & Invt. Ltd.,Premier Securities Company Ltd.,300,209.9,62970.0,2025-08-12 12:51:26.879620
2025-08-12,44103,2025081201007610,KBL,Primo Securities (PVT) Ltd.,Opal Securities Investment (PVT) Ltd.,450,210.0,94500.0,2025-08-12 12:51:32.863327
2025-08-12,43923,2025081201007649,KBL,Naasa Securities Co. Ltd.,Opal Securities Investment (PVT) Ltd.,40,210.0,8400.0,2025-08-12 12:52:21.264691
2025-08-12,43780,2025081201007695,KBL,Primo Securities (PVT) Ltd.,Opal Securities Investment (PVT) Ltd.,25,210.0,5250.0,2025-08-12 12:52:46.144665
2025-08-12,43773,2025081201007697,KBL,Dynamic Money Managers Securities Pvt. Ltd.,Opal Securities Investment (PVT) Ltd.,54,210.0,11340.0,2025-08-12 12:52:48.409715
2025-08-12,43669,2025081201007712,KBL,Capital Max Securities Ltd,Opal Securities Investment (PVT) Ltd.,1000,210.0,210000.0,2025-08-12 12:53:18.854157
2025-08-12,43610,2025081201007725,KBL,Nepal Investment And Securities Trading Private Limited,Opal Securities Investment (PVT) Ltd.,100,210.0,21000.0,2025-08-12 12:53:34.858308
2025-08-12,43544,2025081201007731,KBL,Thrive Brokerage House Pvt. Ltd,Premier Securities Company Ltd.,100,209.7,20970.0,2025-08-12 12:53:43.821375
2025-08-12,43312,2025081201007786,KBL,Sani Securities Company Ltd.,Opal Securities Investment (PVT) Ltd.,10,210.0,2100.0,2025-08-12 12:54:41.521775
2025-08-12,43259,2025081201007794,KBL,Sani Securities Company Ltd.,Opal Securities Investment (PVT) Ltd.,1099,210.0,230790.0,2025-08-12 12:54:56.644579
2025-08-12,43258,2025081201007795,KBL,Sani Securities Company Ltd.,Miyo Securities Pvt Ltd,615,210.0,129150.0,2025-08-12 12:54:56.645032
2025-08-12,43257,2025081201007796,KBL,Sani Securities Company Ltd.,Midas Stock Broking Company Private Limited,636,210.0,133560.0,2025-08-12 12:54:56.645245
2025-08-12,43193,2025081201007821,KBL,Online Securities Pvt. Ltd.,Midas Stock Broking Company Private Limited,64,210.0,13440.0,2025-08-12 12:55:10.115102
2025-08-12,43192,2025081201007822,KBL,Online Securities Pvt. Ltd.,Deevyaa Securities & Stock House Pvt. Ltd,46,210.0,9660.0,2025-08-12 12:55:10.115944
2025-08-12,43125,2025081201007829,KBL,Siprabi Securities Pvt. Ltd.,Asian Securities Private Ltd.,100,209.6,20960.0,2025-08-12 12:55:30.138369
2025-08-12,43124,2025081201007830,KBL,Naasa Securities Co. Ltd.,Asian Securities Private Ltd.,93,209.6,19492.8,2025-08-12 12:55:30.138447
2025-08-12,43123,2025081201007831,KBL,Primo Securities (PVT) Ltd.,Asian Securities Private Ltd.,35,209.5,7332.5,2025-08-12 12:55:30.138477
2025-08-12,42963,2025081201007875,KBL,Primo Securities (PVT) Ltd.,Dynamic Money Managers Securities Pvt. Ltd.,200,209.5,41900.0,2025-08-12 12:56:03.822246
2025-08-12,42875,2025081201007899,KBL,Sani Securities Company Ltd.,Deevyaa Securities & Stock House Pvt. Ltd,454,210.0,95340.0,2025-08-12 12:56:30.028180
2025-08-12,42874,2025081201007900,KBL,Sani Securities Company Ltd.,Linch Stock Market Ltd.,181,210.0,38010.0,2025-08-12 12:56:30.028622
2025-08-12,42873,2025081201007901,KBL,Sani Securities Company Ltd.,Premier Securities Company Ltd.,312,210.0,65520.0,2025-08-12 12:56:30.028864
2025-08-12,42664,2025081201007930,KBL,Trishakti Securities Public Limited,Premier Securities Company Ltd.,188,210.0,39480.0,2025-08-12 12:57:36.946534
2025-08-12,42663,2025081201007931,KBL,Trishakti Securities Public Limited,Opal Securities Investment (PVT) Ltd.,200,210.0,42000.0,2025-08-12 12:57:36.946969
2025-08-12,42662,2025081201007932,KBL,Trishakti Securities Public Limited,Citizens Share Broker Limited,300,210.0,63000.0,2025-08-12 12:57:36.947202
2025-08-12,42661,2025081201007933,KBL,Trishakti Securities Public Limited,Naasa Securities Co. Ltd.,11,210.0,2310.0,2025-08-12 12:57:36.947428
2025-08-12,42519,2025081201007956,KBL,Secured Securities Ltd.,Imperial Securities Company Pvt. Ltd.,200,210.1,42020.0,2025-08-12 12:58:13.907515
2025-08-12,42467,2025081201007967,KBL,K.B.L. Securities Limited ,Imperial Securities Company Pvt. Ltd.,100,210.1,21010.0,2025-08-12 12:58:29.284044
2025-08-12,42392,2025081201007984,KBL,Machhapuchchhre Securities Limited,Agrawal Securities (PVT) Ltd.,10,210.8,2108.0,2025-08-12 12:58:57.417970
2025-08-12,41589,2025081201008190,KBL,Primo Securities (PVT) Ltd.,Sharepro Securities Private Limited,65,210.5,13682.5,2025-08-12 13:02:02.336239
2025-08-12,41588,2025081201008191,KBL,Trishakti Securities Public Limited,Sharepro Securities Private Limited,301,210.0,63210.0,2025-08-12 13:02:02.336694
2025-08-12,41587,2025081201008192,KBL,Sri Hari Securities Pvt. Ltd.,Sharepro Securities Private Limited,480,210.0,100800.0,2025-08-12 13:02:02.336952
2025-08-12,41586,2025081201008193,KBL,Nepal Stock House (PVT) Ltd.,Sharepro Securities Private Limited,500,210.0,105000.0,2025-08-12 13:02:02.337180
2025-08-12,41585,2025081201008194,KBL,Swarna Laxmi Securities Pvt. Ltd.,Sharepro Securities Private Limited,250,210.0,52500.0,2025-08-12 13:02:02.337416
2025-08-12,41525,2025081201008210,KBL,INDEX SECURITIES LIMITED,Kumari Securities Private Limited,500,210.0,105000.0,2025-08-12 13:02:17.607246
2025-08-12,41524,2025081201008211,KBL,Deevyaa Securities & Stock House Pvt. Ltd,Kumari Securities Private Limited,450,210.0,94500.0,2025-08-12 13:02:17.607716
2025-08-12,41481,2025081201008217,KBL,Deevyaa Securities & Stock House Pvt. Ltd,Imperial Securities Company Pvt. Ltd.,200,210.0,42000.0,2025-08-12 13:02:31.103076
2025-08-12,41146,2025081201008280,KBL,Imperial Securities Company Pvt. Ltd.,Aryatara Investment & Securities,50,210.5,10525.0,2025-08-12 13:03:49.324097
2025-08-12,41145,2025081201008281,KBL,Deevyaa Securities & Stock House Pvt. Ltd,Aryatara Investment & Securities,1350,210.0,283500.0,2025-08-12 13:03:49.324583
2025-08-12,41144,2025081201008282,KBL,K.B.L. Securities Limited ,Aryatara Investment & Securities,240,210.0,50400.0,2025-08-12 13:03:49.324804
2025-08-12,41077,2025081201008296,KBL,K.B.L. Securities Limited ,Market Securities & Exchange (PVT) Ltd.,223,210.0,46830.0,2025-08-12 13:04:04.759328
2025-08-12,40916,2025081201008346,KBL,K.B.L. Securities Limited ,Dynamic Money Managers Securities Pvt. Ltd.,37,210.0,7770.0,2025-08-12 13:04:37.249606
2025-08-12,40915,2025081201008347,KBL,Midas Stock Broking Company Private Limited,Dynamic Money Managers Securities Pvt. Ltd.,163,210.0,34230.0,2025-08-12 13:04:37.250068
2025-08-12,40561,2025081201008472,KBL,Midas Stock Broking Company Private Limited,Asian Securities Private Ltd.,200,210.0,42000.0,2025-08-12 13:06:06.244011
2025-08-12,40498,2025081201008494,KBL,Midas Stock Broking Company Private Limited,Naasa Securities Co. Ltd.,15,210.0,3150.0,2025-08-12 13:06:23.743524
2025-08-12,40438,2025081201008509,KBL,Machhapuchchhre Securities Limited,Naasa Securities Co. Ltd.,10,210.7,2107.0,2025-08-12 13:06:42.544096
2025-08-12,40218,2025081201008572,KBL,ABC Securities Private Limited,Naasa Securities Co. Ltd.,70,210.7,14749.0,2025-08-12 13:07:42.817300
2025-08-12,40135,2025081201008603,KBL,ABC Securities Private Limited,Bhrikuti Stock Broking Co. Pvt. Ltd.,80,210.7,16856.0,2025-08-12 13:08:03.125586
2025-08-12,40023,2025081201008619,KBL,ABC Securities Private Limited,Bhrikuti Stock Broking Co. Pvt. Ltd.,100,210.6,21060.0,2025-08-12 13:08:32.171803
2025-08-12,39797,2025081201008653,KBL,Online Securities Pvt. Ltd.,Neev Securities Pvt. Ltd.,450,210.1,94545.0,2025-08-12 13:09:43.554896
2025-08-12,39621,2025081201008699,KBL,Online Securities Pvt. Ltd.,ABC Securities Private Limited,50,210.1,10505.0,2025-08-12 13:10:36.412207
2025-08-12,39620,2025081201008700,KBL,Malla & Malla Stock Broking Company Pvt. Limited,ABC Securities Private Limited,150,210.1,31515.0,2025-08-12 13:10:36.412628
2025-08-12,39619,2025081201008701,KBL,Midas Stock Broking Company Private Limited,ABC Securities Private Limited,122,210.0,25620.0,2025-08-12 13:10:36.412854
2025-08-12,39618,2025081201008702,KBL,Sweta Securities Private Limited,ABC Securities Private Limited,20,210.0,4200.0,2025-08-12 13:10:36.413121
2025-08-12,39617,2025081201008703,KBL,Thrive Brokerage House Pvt. Ltd,ABC Securities Private Limited,17,210.0,3570.0,2025-08-12 13:10:36.413387
2025-08-12,39021,2025081201008832,KBL,Thrive Brokerage House Pvt. Ltd,Naasa Securities Co. Ltd.,32,210.0,6720.0,2025-08-12 13:13:27.586044
2025-08-12,39020,2025081201008833,KBL,Thrive Brokerage House Pvt. Ltd,Imperial Securities Company Pvt. Ltd.,1,210.0,210.0,2025-08-12 13:13:27.586216
2025-08-12,38773,2025081201008895,KBL,Naasa Securities Co. Ltd.,Capital Max Securities Ltd,10,210.0,2100.0,2025-08-12 13:14:15.327475
2025-08-12,38772,2025081201008896,KBL,Opal Securities Investment (PVT) Ltd.,Capital Max Securities Ltd,210,210.0,44100.0,2025-08-12 13:14:15.328568
2025-08-12,38771,2025081201008897,KBL,Thrive Brokerage House Pvt. Ltd,Capital Max Securities Ltd,50,210.0,10500.0,2025-08-12 13:14:15.329452
2025-08-12,38770,2025081201008898,KBL,Aryatara Investment & Securities,Capital Max Securities Ltd,10,210.0,2100.0,2025-08-12 13:14:15.330340
2025-08-12,38769,2025081201008899,KBL,Midas Stock Broking Company Private Limited,Capital Max Securities Ltd,50,210.0,10500.0,2025-08-12 13:14:15.331132
2025-08-12,38497,2025081201008951,KBL,Naasa Securities Co. Ltd.,Capital Max Securities Ltd,73,210.0,15330.0,2025-08-12 13:15:06.362431
2025-08-12,38382,2025081201009000,KBL,Sri Hari Securities Pvt. Ltd.,Capital Max Securities Ltd,20,210.0,4200.0,2025-08-12 13:15:28.935644
2025-08-12,38372,2025081201009002,KBL,Vision Securities Pvt. Ltd,Capital Max Securities Ltd,11,210.0,2310.0,2025-08-12 13:15:32.301146
2025-08-12,38296,2025081201009018,KBL,Sundhara Securities Limited,Capital Max Securities Ltd,96,210.0,20160.0,2025-08-12 13:15:51.420191
2025-08-12,38257,2025081201009037,KBL,Sundhara Securities Limited,Oxford Securities Pvt. Ltd.,50,210.0,10500.0,2025-08-12 13:16:04.216635
2025-08-12,38214,2025081201009039,KBL,Sundhara Securities Limited,Neev Securities Pvt. Ltd.,1500,210.0,315000.0,2025-08-12 13:16:15.277996
2025-08-12,38181,2025081201009059,KBL,Sundhara Securities Limited,Neev Securities Pvt. Ltd.,654,210.0,137340.0,2025-08-12 13:16:21.298985
2025-08-12,37752,2025081201009185,KBL,Naasa Securities Co. Ltd.,Aryatara Investment & Securities,500,209.5,104750.0,2025-08-12 13:18:19.493418
2025-08-12,37631,2025081201009212,KBL,Naasa Securities Co. Ltd.,Aryatara Investment & Securities,450,209.5,94275.0,2025-08-12 13:19:02.878151
2025-08-12,37630,2025081201009213,KBL,Sani Securities Company Ltd.,Aryatara Investment & Securities,50,209.5,10475.0,2025-08-12 13:19:02.878639
2025-08-12,37299,2025081201009266,KBL,Sani Securities Company Ltd.,Infinity Securities Limited,150,209.5,31425.0,2025-08-12 13:21:15.393143
2025-08-12,37298,2025081201009267,KBL,Thrive Brokerage House Pvt. Ltd,Infinity Securities Limited,100,209.5,20950.0,2025-08-12 13:21:15.393630
2025-08-12,37297,2025081201009268,KBL,Malla & Malla Stock Broking Company Pvt. Limited,Infinity Securities Limited,150,209.5,31425.0,2025-08-12 13:21:15.393873
2025-08-12,37203,2025081201009319,KBL,Siprabi Securities Pvt. Ltd.,Capital Max Securities Ltd,35,209.4,7329.0,2025-08-12 13:21:34.516267
2025-08-12,37126,2025081201009335,KBL,Shree Krishna Securities Ltd.,Infinity Securities Limited,30,209.5,6285.0,2025-08-12 13:21:46.939837
2025-08-12,37098,2025081201009344,KBL,Indira securities pvt. ltd,Neev Securities Pvt. Ltd.,80,210.0,16800.0,2025-08-12 13:21:52.204050
2025-08-12,36081,2025081201009572,KBL,Sani Securities Company Ltd.,Sewa Securities Pvt. Ltd.,200,209.6,41920.0,2025-08-12 13:26:19.015255
2025-08-12,36080,2025081201009573,KBL,Thrive Brokerage House Pvt. Ltd,Sewa Securities Pvt. Ltd.,50,209.5,10475.0,2025-08-12 13:26:19.015744
2025-08-12,36079,2025081201009574,KBL,Sani Securities Company Ltd.,Sewa Securities Pvt. Ltd.,200,209.5,41900.0,2025-08-12 13:26:19.015985
2025-08-12,36078,2025081201009575,KBL,Siprabi Securities Pvt. Ltd.,Sewa Securities Pvt. Ltd.,65,209.4,13611.0,2025-08-12 13:26:19.016238
2025-08-12,36077,2025081201009576,KBL,Creative Securities Pvt Ltd,Sewa Securities Pvt. Ltd.,85,209.4,17799.0,2025-08-12 13:26:19.016492
2025-08-12,36029,2025081201009583,KBL,Online Securities Pvt. Ltd.,Sani Securities Company Ltd.,200,209.9,41980.0,2025-08-12 13:26:32.765759
2025-08-12,35841,2025081201009611,KBL,Asian Securities Private Ltd.,Sani Securities Company Ltd.,51,209.9,10704.9,2025-08-12 13:27:14.305531
2025-08-12,35840,2025081201009612,KBL,Asian Securities Private Ltd.,Agrawal Securities (PVT) Ltd.,500,209.9,104950.0,2025-08-12 13:27:14.305636
2025-08-12,35839,2025081201009613,KBL,Asian Securities Private Ltd.,Neev Securities Pvt. Ltd.,266,210.0,55860.0,2025-08-12 13:27:14.305698
2025-08-12,35838,2025081201009614,KBL,Asian Securities Private Ltd.,Investment Management Nepal Pvt. Ltd.,360,210.0,75600.0,2025-08-12 13:27:14.305765
2025-08-12,35837,2025081201009615,KBL,Asian Securities Private Ltd.,Agrawal Securities (PVT) Ltd.,37,210.0,7770.0,2025-08-12 13:27:14.305829
2025-08-12,35836,2025081201009616,KBL,Asian Securities Private Ltd.,Siprabi Securities Pvt. Ltd.,1000,210.0,210000.0,2025-08-12 13:27:14.305894
2025-08-12,35835,2025081201009617,KBL,Asian Securities Private Ltd.,Vision Securities Pvt. Ltd,786,210.0,165060.0,2025-08-12 13:27:14.305956
2025-08-12,35723,2025081201009639,KBL,Creative Securities Pvt Ltd,Neev Securities Pvt. Ltd.,915,209.4,191601.0,2025-08-12 13:27:45.285311
2025-08-12,35722,2025081201009640,KBL,Vision Securities Pvt. Ltd,Neev Securities Pvt. Ltd.,20,209.4,4188.0,2025-08-12 13:27:45.285385
2025-08-12,35721,2025081201009641,KBL,Trisul Securities & Invt. Ltd.,Neev Securities Pvt. Ltd.,700,209.3,146510.0,2025-08-12 13:27:45.285445
2025-08-12,35720,2025081201009642,KBL,Sundhara Securities Limited,Neev Securities Pvt. Ltd.,260,209.3,54418.0,2025-08-12 13:27:45.285474
2025-08-12,35719,2025081201009643,KBL,Kohinoor Investment & Securities Pvt. Ltd.,Neev Securities Pvt. Ltd.,1000,209.3,209300.0,2025-08-12 13:27:45.285503
2025-08-12,35718,2025081201009644,KBL,Imperial Securities Company Pvt. Ltd.,Neev Securities Pvt. Ltd.,1000,209.2,209200.0,2025-08-12 13:27:45.285538
2025-08-12,35717,2025081201009645,KBL,Vision Securities Pvt. Ltd,Neev Securities Pvt. Ltd.,520,209.2,108784.0,2025-08-12 13:27:45.285575
2025-08-12,35716,2025081201009646,KBL,Swarna Laxmi Securities Pvt. Ltd.,Neev Securities Pvt. Ltd.,400,209.1,83640.0,2025-08-12 13:27:45.285612
2025-08-12,35715,2025081201009647,KBL,Creative Securities Pvt Ltd,Neev Securities Pvt. Ltd.,2000,209.1,418200.0,2025-08-12 13:27:45.285664
2025-08-12,35714,2025081201009648,KBL,Thrive Brokerage House Pvt. Ltd,Neev Securities Pvt. Ltd.,185,209.1,38683.5,2025-08-12 13:27:45.285695
2025-08-12,35557,2025081201009678,KBL,Kohinoor Investment & Securities Pvt. Ltd.,Naasa Securities Co. Ltd.,11,209.5,2304.5,2025-08-12 13:28:32.700598
2025-08-12,35488,2025081201009701,KBL,Imperial Securities Company Pvt. Ltd.,Naasa Securities Co. Ltd.,100,209.5,20950.0,2025-08-12 13:28:55.960590
2025-08-12,35198,2025081201009749,KBL,J.F. Securites (PVT) Ltd.,Kalika Securities Pvt. Ltd.,28,209.2,5857.6,2025-08-12 13:30:14.200012
2025-08-12,35197,2025081201009750,KBL,Cristal Kanchanjanga Securites Pvt. Ltd.,Kalika Securities Pvt. Ltd.,305,209.2,63806.0,2025-08-12 13:30:14.200989
2025-08-12,35118,2025081201009766,KBL,Agrawal Securities (PVT) Ltd.,Naasa Securities Co. Ltd.,500,209.5,104750.0,2025-08-12 13:30:42.121491
2025-08-12,35114,2025081201009769,KBL,Cristal Kanchanjanga Securites Pvt. Ltd.,Thrive Brokerage House Pvt. Ltd,195,209.2,40794.0,2025-08-12 13:30:43.322596
2025-08-12,35113,2025081201009770,KBL,Thrive Brokerage House Pvt. Ltd,Thrive Brokerage House Pvt. Ltd,315,209.1,65866.5,2025-08-12 13:30:43.323096
2025-08-12,35112,2025081201009771,KBL,Nepal Stock House (PVT) Ltd.,Thrive Brokerage House Pvt. Ltd,100,209.1,20910.0,2025-08-12 13:30:43.323412
2025-08-12,35111,2025081201009772,KBL,Thrive Brokerage House Pvt. Ltd,Thrive Brokerage House Pvt. Ltd,100,209.1,20910.0,2025-08-12 13:30:43.323678
2025-08-12,35110,2025081201009773,KBL,Nepal Investment And Securities Trading Private Limited,Thrive Brokerage House Pvt. Ltd,100,209.1,20910.0,2025-08-12 13:30:43.323947
2025-08-12,35109,2025081201009774,KBL,Thrive Brokerage House Pvt. Ltd,Thrive Brokerage House Pvt. Ltd,50,209.1,10455.0,2025-08-12 13:30:43.324232
2025-08-12,35108,2025081201009775,KBL,Global IME Securities Limited,Thrive Brokerage House Pvt. Ltd,100,209.1,20910.0,2025-08-12 13:30:43.324541
2025-08-12,35107,2025081201009776,KBL,Dipshikha Dhitopatra Karobar Co. Pvt Ltd.,Thrive Brokerage House Pvt. Ltd,1000,209.0,209000.0,2025-08-12 13:30:43.324818
2025-08-12,35106,2025081201009777,KBL,Agrawal Securities (PVT) Ltd.,Thrive Brokerage House Pvt. Ltd,500,209.0,104500.0,2025-08-12 13:30:43.325101
2025-08-12,35105,2025081201009778,KBL,Indira securities pvt. ltd,Thrive Brokerage House Pvt. Ltd,1000,209.0,209000.0,2025-08-12 13:30:43.325379
2025-08-12,35104,2025081201009779,KBL,Agrawal Securities (PVT) Ltd.,Thrive Brokerage House Pvt. Ltd,500,209.0,104500.0,2025-08-12 13:30:43.325647
2025-08-12,35103,2025081201009780,KBL,Neev Securities Pvt. Ltd.,Thrive Brokerage House Pvt. Ltd,100,209.0,20900.0,2025-08-12 13:30:43.325912
2025-08-12,35102,2025081201009781,KBL,Vision Securities Pvt. Ltd,Thrive Brokerage House Pvt. Ltd,100,209.0,20900.0,2025-08-12 13:30:43.326192
2025-08-12,35101,2025081201009782,KBL,Nepal Investment And Securities Trading Private Limited,Thrive Brokerage House Pvt. Ltd,100,209.0,20900.0,2025-08-12 13:30:43.326468
2025-08-12,35100,2025081201009783,KBL,Global IME Securities Limited,Thrive Brokerage House Pvt. Ltd,740,209.0,154660.0,2025-08-12 13:30:43.326716
2025-08-12,34672,2025081201009871,KBL,Machhapuchchhre Securities Limited,Naasa Securities Co. Ltd.,10,209.5,2095.0,2025-08-12 13:32:51.859585
2025-08-12,34660,2025081201009875,KBL,Vision Securities Pvt. Ltd,Sani Securities Company Ltd.,800,209.9,167920.0,2025-08-12 13:32:55.844355
2025-08-12,34531,2025081201009898,KBL,ABC Securities Private Limited,Vision Securities Pvt. Ltd,714,210.0,149940.0,2025-08-12 13:33:14.739928
2025-08-12,33799,2025081201010032,KBL,ABC Securities Private Limited,Investment Management Nepal Pvt. Ltd.,163,210.0,34230.0,2025-08-12 13:36:38.606677
2025-08-12,33510,2025081201010094,KBL,Sharepro Securities Private Limited,Prabhu Stock Market Limited,500,210.1,105050.0,2025-08-12 13:37:56.845137
2025-08-12,33440,2025081201010115,KBL,Machhapuchchhre Securities Limited,Agrawal Securities (PVT) Ltd.,10,210.5,2105.0,2025-08-12 13:38:14.785077
2025-08-12,33381,2025081201010136,KBL,Deevyaa Securities & Stock House Pvt. Ltd,Kohinoor Investment & Securities Pvt. Ltd.,300,210.5,63150.0,2025-08-12 13:38:36.575103
2025-08-12,33354,2025081201010142,KBL,ABC Securities Private Limited,Linch Stock Market Ltd.,123,210.0,25830.0,2025-08-12 13:38:47.101057
2025-08-12,33353,2025081201010143,KBL,ABC Securities Private Limited,Linch Stock Market Ltd.,177,210.0,37170.0,2025-08-12 13:38:47.101805
2025-08-12,33166,2025081201010175,KBL,Machhapuchchhre Securities Limited,Imperial Securities Company Pvt. Ltd.,10,210.5,2105.0,2025-08-12 13:39:41.008667
2025-08-12,32486,2025081201010296,KBL,ABC Securities Private Limited,Imperial Securities Company Pvt. Ltd.,30,210.5,6315.0,2025-08-12 13:42:53.459853
2025-08-12,32485,2025081201010297,KBL,ABC Securities Private Limited,Naasa Securities Co. Ltd.,120,210.5,25260.0,2025-08-12 13:42:53.460377
2025-08-12,32331,2025081201010324,KBL,Online Securities Pvt. Ltd.,Naasa Securities Co. Ltd.,80,210.5,16840.0,2025-08-12 13:43:39.198545
2025-08-12,32330,2025081201010325,KBL,Online Securities Pvt. Ltd.,BHOLE GANESH SECURITIES LTD,200,210.5,42100.0,2025-08-12 13:43:39.199070
2025-08-12,32329,2025081201010326,KBL,Online Securities Pvt. Ltd.,Thrive Brokerage House Pvt. Ltd,190,210.5,39995.0,2025-08-12 13:43:39.199384
2025-08-12,32133,2025081201010354,KBL,Sharepro Securities Private Limited,Thrive Brokerage House Pvt. Ltd,810,210.5,170505.0,2025-08-12 13:44:33.924767
2025-08-12,32132,2025081201010355,KBL,Sharepro Securities Private Limited,Bhrikuti Stock Broking Co. Pvt. Ltd.,820,210.6,172692.0,2025-08-12 13:44:33.925297
2025-08-12,31031,2025081201010537,KBL,J.F. Securites (PVT) Ltd.,Creative Securities Pvt Ltd,99,210.6,20849.4,2025-08-12 13:48:06.341968
2025-08-12,30755,2025081201010600,KBL,Shree Krishna Securities Ltd.,Creative Securities Pvt Ltd,120,210.6,25272.0,2025-08-12 13:49:09.754097
2025-08-12,30493,2025081201010691,KBL,Naasa Securities Co. Ltd.,Thrive Brokerage House Pvt. Ltd,535,210.2,112457.0,2025-08-12 13:49:58.454819
2025-08-12,30492,2025081201010692,KBL,K.B.L. Securities Limited ,Thrive Brokerage House Pvt. Ltd,1000,210.1,210100.0,2025-08-12 13:49:58.455870
2025-08-12,30491,2025081201010693,KBL,Dipshikha Dhitopatra Karobar Co. Pvt Ltd.,Thrive Brokerage House Pvt. Ltd,20,210.0,4200.0,2025-08-12 13:49:58.456634
2025-08-12,30490,2025081201010694,KBL,Linch Stock Market Ltd.,Thrive Brokerage House Pvt. Ltd,40,210.0,8400.0,2025-08-12 13:49:58.457401
2025-08-12,30489,2025081201010695,KBL,ABC Securities Private Limited,Thrive Brokerage House Pvt. Ltd,405,210.0,85050.0,2025-08-12 13:49:58.458164
2025-08-12,30451,2025081201010697,KBL,Naasa Securities Co. Ltd.,Aryatara Investment & Securities,600,210.8,126480.0,2025-08-12 13:50:01.195885
2025-08-12,30049,2025081201010782,KBL,Thrive Brokerage House Pvt. Ltd,KALASH STOCK MARKET PVT. LTD.,20,210.9,4218.0,2025-08-12 13:51:20.929369
2025-08-12,30048,2025081201010783,KBL,Naasa Securities Co. Ltd.,Naasa Securities Co. Ltd.,9,210.0,1890.0,2025-08-12 13:51:21.005040
2025-08-12,29858,2025081201010809,KBL,Thrive Brokerage House Pvt. Ltd,Kalika Securities Pvt. Ltd.,30,210.9,6327.0,2025-08-12 13:52:08.211246
2025-08-12,29604,2025081201010875,KBL,Thrive Brokerage House Pvt. Ltd,Kalika Securities Pvt. Ltd.,50,210.9,10545.0,2025-08-12 13:52:54.235016
2025-08-12,29590,2025081201010878,KBL,Thrive Brokerage House Pvt. Ltd,Kalika Securities Pvt. Ltd.,520,210.9,109668.0,2025-08-12 13:52:58.255272
2025-08-12,29589,2025081201010879,KBL,Thrive Brokerage House Pvt. Ltd,Primo Securities (PVT) Ltd.,1480,211.0,312280.0,2025-08-12 13:52:58.255787
2025-08-12,29437,2025081201010931,KBL,Naasa Securities Co. Ltd.,Neev Securities Pvt. Ltd.,50,210.8,10540.0,2025-08-12 13:53:32.909459
2025-08-12,29436,2025081201010932,KBL,Online Securities Pvt. Ltd.,Neev Securities Pvt. Ltd.,115,210.5,24207.5,2025-08-12 13:53:32.909958
2025-08-12,29283,2025081201010975,KBL,Shree Krishna Securities Ltd.,Primo Securities (PVT) Ltd.,380,211.0,80180.0,2025-08-12 13:54:07.013628
2025-08-12,28637,2025081201011140,KBL,ABC Securities Private Limited,Primo Securities (PVT) Ltd.,1140,211.0,240540.0,2025-08-12 13:55:54.619881
2025-08-12,28636,2025081201011141,KBL,ABC Securities Private Limited,Thrive Brokerage House Pvt. Ltd,100,211.0,21100.0,2025-08-12 13:55:54.620985
2025-08-12,28635,2025081201011142,KBL,ABC Securities Private Limited,Sundhara Securities Limited,50,211.0,10550.0,2025-08-12 13:55:54.621767
2025-08-12,28634,2025081201011143,KBL,ABC Securities Private Limited,Online Securities Pvt. Ltd.,31,211.0,6541.0,2025-08-12 13:55:54.622550
2025-08-12,28633,2025081201011144,KBL,ABC Securities Private Limited,Naasa Securities Co. Ltd.,679,211.0,143269.0,2025-08-12 13:55:54.623364
2025-08-12,28611,2025081201011148,KBL,ABC Securities Private Limited,Naasa Securities Co. Ltd.,200,211.0,42200.0,2025-08-12 13:56:00.668964
2025-08-12,28539,2025081201011157,KBL,Malla & Malla Stock Broking Company Pvt. Limited,Naasa Securities Co. Ltd.,200,211.0,42200.0,2025-08-12 13:56:15.401687
2025-08-12,28409,2025081201011177,KBL,ABC Securities Private Limited,Naasa Securities Co. Ltd.,920,211.0,194120.0,2025-08-12 13:56:37.993130
2025-08-12,28335,2025081201011200,KBL,Linch Stock Market Ltd.,Naasa Securities Co. Ltd.,500,211.0,105500.0,2025-08-12 13:56:51.277337
2025-08-12,27801,2025081201011356,KBL,Agrawal Securities (PVT) Ltd.,Naasa Securities Co. Ltd.,10,211.0,2110.0,2025-08-12 13:58:04.442551
2025-08-12,27159,2025081201011459,KBL,Nepal Investment And Securities Trading Private Limited,Naasa Securities Co. Ltd.,151,211.0,31861.0,2025-08-12 14:00:03.377092
2025-08-12,27158,2025081201011460,KBL,Nepal Investment And Securities Trading Private Limited,Trishakti Securities Public Limited,400,211.0,84400.0,2025-08-12 14:00:03.377613
2025-08-12,27157,2025081201011461,KBL,Nepal Investment And Securities Trading Private Limited,Naasa Securities Co. Ltd.,449,211.0,94739.0,2025-08-12 14:00:03.377866
2025-08-12,26526,2025081201011625,KBL,Aryatara Investment & Securities,Beni Securities Pvt.Ltd.,1000,210.6,210600.0,2025-08-12 14:02:06.287924
2025-08-12,26525,2025081201011626,KBL,Online Securities Pvt. Ltd.,Beni Securities Pvt.Ltd.,135,210.5,28417.5,2025-08-12 14:02:06.288058
2025-08-12,26524,2025081201011627,KBL,Naasa Securities Co. Ltd.,Beni Securities Pvt.Ltd.,500,210.5,105250.0,2025-08-12 14:02:06.288138
2025-08-12,26523,2025081201011628,KBL,Sewa Securities Pvt. Ltd.,Beni Securities Pvt.Ltd.,100,210.2,21020.0,2025-08-12 14:02:06.288215
2025-08-12,26522,2025081201011629,KBL,Linch Stock Market Ltd.,Beni Securities Pvt.Ltd.,75,210.1,15757.5,2025-08-12 14:02:06.288289
2025-08-12,26435,2025081201011669,KBL,Linch Stock Market Ltd.,Naasa Securities Co. Ltd.,115,210.1,24161.5,2025-08-12 14:02:18.102609
2025-08-12,26434,2025081201011670,KBL,ABC Securities Private Limited,Naasa Securities Co. Ltd.,275,210.0,57750.0,2025-08-12 14:02:18.103151
2025-08-12,26433,2025081201011671,KBL,Sewa Securities Pvt. Ltd.,Naasa Securities Co. Ltd.,110,210.0,23100.0,2025-08-12 14:02:18.103448
2025-08-12,26432,2025081201011672,KBL,Kohinoor Investment & Securities Pvt. Ltd.,Naasa Securities Co. Ltd.,10,210.0,2100.0,2025-08-12 14:02:18.103703
2025-08-12,26431,2025081201011673,KBL,Online Securities Pvt. Ltd.,Naasa Securities Co. Ltd.,50,210.0,10500.0,2025-08-12 14:02:18.103976
2025-08-12,26430,2025081201011674,KBL,Vision Securities Pvt. Ltd,Naasa Securities Co. Ltd.,339,210.0,71190.0,2025-08-12 14:02:18.104246
2025-08-12,26429,2025081201011675,KBL,Dynamic Money Managers Securities Pvt. Ltd.,Naasa Securities Co. Ltd.,807,210.0,169470.0,2025-08-12 14:02:18.104519
2025-08-12,26061,2025081201011801,KBL,ABC Securities Private Limited,Naasa Securities Co. Ltd.,151,211.0,31861.0,2025-08-12 14:03:13.651415
2025-08-12,26060,2025081201011802,KBL,ABC Securities Private Limited,Nepal Stock House (PVT) Ltd.,649,211.0,136939.0,2025-08-12 14:03:13.651958
2025-08-12,25932,2025081201011841,KBL,Dynamic Money Managers Securities Pvt. Ltd.,Imperial Securities Company Pvt. Ltd.,9148,210.0,1921080.0,2025-08-12 14:03:35.536729
2025-08-12,25858,2025081201011854,KBL,Elite Stock House Limited,Imperial Securities Company Pvt. Ltd.,1000,210.0,210000.0,2025-08-12 14:03:51.727850
2025-08-12,25857,2025081201011855,KBL,Sweta Securities Private Limited,Imperial Securities Company Pvt. Ltd.,100,210.0,21000.0,2025-08-12 14:03:51.728938
2025-08-12,25856,2025081201011856,KBL,Sundhara Securities Limited,Imperial Securities Company Pvt. Ltd.,159,210.0,33390.0,2025-08-12 14:03:51.729722
2025-08-12,25855,2025081201011857,KBL,Opal Securities Investment (PVT) Ltd.,Imperial Securities Company Pvt. Ltd.,500,210.0,105000.0,2025-08-12 14:03:51.730538
2025-08-12,25854,2025081201011858,KBL,Premier Securities Company Ltd.,Imperial Securities Company Pvt. Ltd.,500,210.0,105000.0,2025-08-12 14:03:51.731365
2025-08-12,25853,2025081201011859,KBL,Cristal Kanchanjanga Securites Pvt. Ltd.,Imperial Securities Company Pvt. Ltd.,1000,210.0,210000.0,2025-08-12 14:03:51.732161
2025-08-12,25121,2025081201011995,KBL,Naasa Securities Co. Ltd.,Aakashbhairab Securities Ltd.,50,210.9,10545.0,2025-08-12 14:06:04.995396
2025-08-12,24823,2025081201012048,KBL,Opal Securities Investment (PVT) Ltd.,South Asian Bulls Pvt. Ltd.,40,210.0,8400.0,2025-08-12 14:07:16.427474
2025-08-12,24802,2025081201012052,KBL,Online Securities Pvt. Ltd.,Kumari Securities Private Limited,100,210.8,21080.0,2025-08-12 14:07:21.416864
2025-08-12,24801,2025081201012053,KBL,Online Securities Pvt. Ltd.,Aakashbhairab Securities Ltd.,50,210.9,10545.0,2025-08-12 14:07:21.417358
2025-08-12,24734,2025081201012065,KBL,Nepal Stock House (PVT) Ltd.,Capital Max Securities Ltd,100,210.8,21080.0,2025-08-12 14:07:35.920864
2025-08-12,24627,2025081201012082,KBL,Oxford Securities Pvt. Ltd.,Capital Max Securities Ltd,50,210.8,10540.0,2025-08-12 14:07:58.497398
2025-08-12,24485,2025081201012104,KBL,Dakshinkali Investment & Securities Pvt. Ltd.,Deevyaa Securities & Stock House Pvt. Ltd,850,210.1,178585.0,2025-08-12 14:08:22.850801
2025-08-12,24484,2025081201012105,KBL,Ashutosh Brokerage & Securities (PVT) Ltd.,Deevyaa Securities & Stock House Pvt. Ltd,1000,210.0,210000.0,2025-08-12 14:08:22.851342
2025-08-12,24483,2025081201012106,KBL,Vision Securities Pvt. Ltd,Deevyaa Securities & Stock House Pvt. Ltd,150,210.0,31500.0,2025-08-12 14:08:22.851628
2025-08-12,24482,2025081201012107,KBL,Investment Management Nepal Pvt. Ltd.,Deevyaa Securities & Stock House Pvt. Ltd,500,210.0,105000.0,2025-08-12 14:08:22.851938
2025-08-12,24400,2025081201012130,KBL,Nepal Stock House (PVT) Ltd.,Deevyaa Securities & Stock House Pvt. Ltd,850,210.0,178500.0,2025-08-12 14:08:39.087393
2025-08-12,24288,2025081201012154,KBL,Nepal Stock House (PVT) Ltd.,Deevyaa Securities & Stock House Pvt. Ltd,1650,210.0,346500.0,2025-08-12 14:09:01.031285
2025-08-12,24286,2025081201012155,KBL,Vision Securities Pvt. Ltd,Capital Max Securities Ltd,200,209.9,41980.0,2025-08-12 14:09:01.711638
2025-08-12,24285,2025081201012156,KBL,Aryatara Investment & Securities,Capital Max Securities Ltd,110,209.9,23089.0,2025-08-12 14:09:01.712176
2025-08-12,24213,2025081201012186,KBL,Online Securities Pvt. Ltd.,Capital Max Securities Ltd,40,209.8,8392.0,2025-08-12 14:09:12.756901
2025-08-12,24212,2025081201012187,KBL,Shree Krishna Securities Ltd.,Capital Max Securities Ltd,200,209.8,41960.0,2025-08-12 14:09:12.757428
2025-08-12,24195,2025081201012189,KBL,Secured Securities Ltd.,Capital Max Securities Ltd,100,209.8,20980.0,2025-08-12 14:09:16.179178
2025-08-12,24167,2025081201012192,KBL,Elite Stock House Limited,Capital Max Securities Ltd,200,209.8,41960.0,2025-08-12 14:09:21.617078
2025-08-12,23816,2025081201012249,KBL,Nepal Stock House (PVT) Ltd.,South Asian Bulls Pvt. Ltd.,250,210.1,52525.0,2025-08-12 14:10:19.836390
2025-08-12,23599,2025081201012291,KBL,Elite Stock House Limited,South Asian Bulls Pvt. Ltd.,95,210.0,19950.0,2025-08-12 14:11:01.532434
2025-08-12,23185,2025081201012344,KBL,Elite Stock House Limited,Creative Securities Pvt Ltd,105,210.0,22050.0,2025-08-12 14:12:05.160707
2025-08-12,23184,2025081201012345,KBL,Nepal Stock House (PVT) Ltd.,Creative Securities Pvt Ltd,20,210.0,4200.0,2025-08-12 14:12:05.161779
2025-08-12,22970,2025081201012388,KBL,Nepal Stock House (PVT) Ltd.,Agrawal Securities (PVT) Ltd.,540,209.9,113346.0,2025-08-12 14:12:59.396549
2025-08-12,22617,2025081201012460,KBL,Naasa Securities Co. Ltd.,Creative Securities Pvt Ltd,70,209.6,14672.0,2025-08-12 14:14:25.113827
2025-08-12,22616,2025081201012461,KBL,Thrive Brokerage House Pvt. Ltd,Creative Securities Pvt Ltd,50,209.5,10475.0,2025-08-12 14:14:25.114973
2025-08-12,22615,2025081201012462,KBL,J.F. Securites (PVT) Ltd.,Creative Securities Pvt Ltd,20,209.5,4190.0,2025-08-12 14:14:25.115822
2025-08-12,22614,2025081201012463,KBL,Vision Securities Pvt. Ltd,Creative Securities Pvt Ltd,200,209.5,41900.0,2025-08-12 14:14:25.116687
2025-08-12,22613,2025081201012464,KBL,Deevyaa Securities & Stock House Pvt. Ltd,Creative Securities Pvt Ltd,477,209.5,99931.5,2025-08-12 14:14:25.117583
2025-08-12,22612,2025081201012465,KBL,Dipshikha Dhitopatra Karobar Co. Pvt Ltd.,Creative Securities Pvt Ltd,200,209.5,41900.0,2025-08-12 14:14:25.118474
2025-08-12,22611,2025081201012466,KBL,ABC Securities Private Limited,Creative Securities Pvt Ltd,2200,209.1,460020.0,2025-08-12 14:14:25.119473
2025-08-12,22610,2025081201012467,KBL,Bhrikuti Stock Broking Co. Pvt. Ltd.,Creative Securities Pvt Ltd,158,209.1,33037.8,2025-08-12 14:14:25.120434
2025-08-12,22609,2025081201012468,KBL,NIMB Stock Markets Limited,Creative Securities Pvt Ltd,500,209.1,104550.0,2025-08-12 14:14:25.121346
2025-08-12,22608,2025081201012469,KBL,Global IME Securities Limited,Creative Securities Pvt Ltd,310,209.0,64790.0,2025-08-12 14:14:25.122268
2025-08-12,22607,2025081201012470,KBL,Sani Securities Company Ltd.,Creative Securities Pvt Ltd,1000,209.0,209000.0,2025-08-12 14:14:25.123194
2025-08-12,22606,2025081201012471,KBL,Capital Max Securities Ltd,Creative Securities Pvt Ltd,500,209.0,104500.0,2025-08-12 14:14:25.124118
2025-08-12,22605,2025081201012472,KBL,Sani Securities Company Ltd.,Creative Securities Pvt Ltd,33,209.0,6897.0,2025-08-12 14:14:25.124746
2025-08-12,22604,2025081201012473,KBL,Dipshikha Dhitopatra Karobar Co. Pvt Ltd.,Creative Securities Pvt Ltd,88,209.0,18392.0,2025-08-12 14:14:25.125044
2025-08-12,22573,2025081201012492,KBL,Oxford Securities Pvt. Ltd.,Agrawal Securities (PVT) Ltd.,20,209.9,4198.0,2025-08-12 14:14:31.524312
2025-08-12,22568,2025081201012495,KBL,Kohinoor Investment & Securities Pvt. Ltd.,Agrawal Securities (PVT) Ltd.,11,209.9,2308.9,2025-08-12 14:14:32.740934
2025-08-12,22559,2025081201012499,KBL,Machhapuchchhre Securities Limited,Agrawal Securities (PVT) Ltd.,10,209.9,2099.0,2025-08-12 14:14:35.335121
2025-08-12,22467,2025081201012512,KBL,Shree Krishna Securities Ltd.,Vision Securities Pvt. Ltd,200,209.5,41900.0,2025-08-12 14:14:58.874860
2025-08-12,22466,2025081201012513,KBL,Dipshikha Dhitopatra Karobar Co. Pvt Ltd.,Vision Securities Pvt. Ltd,12,209.0,2508.0,2025-08-12 14:14:58.876139
2025-08-12,22465,2025081201012514,KBL,Imperial Securities Company Pvt. Ltd.,Vision Securities Pvt. Ltd,288,209.0,60192.0,2025-08-12 14:14:58.877109
2025-08-12,22436,2025081201012518,KBL,Kohinoor Investment & Securities Pvt. Ltd.,Agrawal Securities (PVT) Ltd.,20,209.9,4198.0,2025-08-12 14:15:02.882209
2025-08-12,22390,2025081201012536,KBL,Imperial Securities Company Pvt. Ltd.,Agrawal Securities (PVT) Ltd.,12,209.0,2508.0,2025-08-12 14:15:10.829823
2025-08-12,22389,2025081201012537,KBL,Sani Securities Company Ltd.,Agrawal Securities (PVT) Ltd.,387,209.0,80883.0,2025-08-12 14:15:10.831066
2025-08-12,22286,2025081201012563,KBL,Vision Securities Pvt. Ltd,Imperial Securities Company Pvt. Ltd.,235,209.9,49326.5,2025-08-12 14:15:35.385341
2025-08-12,22285,2025081201012564,KBL,Sani Securities Company Ltd.,Imperial Securities Company Pvt. Ltd.,13,209.0,2717.0,2025-08-12 14:15:35.386423
2025-08-12,22284,2025081201012565,KBL,Siprabi Securities Pvt. Ltd.,Imperial Securities Company Pvt. Ltd.,100,209.0,20900.0,2025-08-12 14:15:35.387242
2025-08-12,22283,2025081201012566,KBL,Aryatara Investment & Securities,Imperial Securities Company Pvt. Ltd.,200,209.0,41800.0,2025-08-12 14:15:35.388008
2025-08-12,22282,2025081201012567,KBL,Trishakti Securities Public Limited,Imperial Securities Company Pvt. Ltd.,500,209.0,104500.0,2025-08-12 14:15:35.388800
2025-08-12,22281,2025081201012568,KBL,Sri Hari Securities Pvt. Ltd.,Imperial Securities Company Pvt. Ltd.,110,209.0,22990.0,2025-08-12 14:15:35.389573
2025-08-12,22280,2025081201012569,KBL,Vision Securities Pvt. Ltd,Imperial Securities Company Pvt. Ltd.,1000,209.0,209000.0,2025-08-12 14:15:35.390344
2025-08-12,22279,2025081201012570,KBL,J.F. Securites (PVT) Ltd.,Imperial Securities Company Pvt. Ltd.,60,209.0,12540.0,2025-08-12 14:15:35.391112
2025-08-12,22278,2025081201012571,KBL,Linch Stock Market Ltd.,Imperial Securities Company Pvt. Ltd.,20,209.0,4180.0,2025-08-12 14:15:35.391863
2025-08-12,22277,2025081201012572,KBL,Kohinoor Investment & Securities Pvt. Ltd.,Imperial Securities Company Pvt. Ltd.,100,209.0,20900.0,2025-08-12 14:15:35.392615
2025-08-12,22276,2025081201012573,KBL,Imperial Securities Company Pvt. Ltd.,Imperial Securities Company Pvt. Ltd.,500,209.0,104500.0,2025-08-12 14:15:35.393370
2025-08-12,22275,2025081201012574,KBL,Sani Securities Company Ltd.,Imperial Securities Company Pvt. Ltd.,1500,209.0,313500.0,2025-08-12 14:15:35.394121
2025-08-12,22274,2025081201012575,KBL,Linch Stock Market Ltd.,Imperial Securities Company Pvt. Ltd.,165,209.0,34485.0,2025-08-12 14:15:35.394853
2025-08-12,22273,2025081201012576,KBL,ABC Securities Private Limited,Imperial Securities Company Pvt. Ltd.,300,209.0,62700.0,2025-08-12 14:15:35.395572
2025-08-12,22272,2025081201012577,KBL,Thrive Brokerage House Pvt. Ltd,Imperial Securities Company Pvt. Ltd.,50,209.0,10450.0,2025-08-12 14:15:35.395937
2025-08-12,22271,2025081201012578,KBL,Naasa Securities Co. Ltd.,Imperial Securities Company Pvt. Ltd.,500,209.0,104500.0,2025-08-12 14:15:35.396179
2025-08-12,22270,2025081201012579,KBL,Oxford Securities Pvt. Ltd.,Imperial Securities Company Pvt. Ltd.,50,209.0,10450.0,2025-08-12 14:15:35.396423
2025-08-12,22269,2025081201012580,KBL,Agrawal Securities (PVT) Ltd.,Imperial Securities Company Pvt. Ltd.,500,209.0,104500.0,2025-08-12 14:15:35.396661
2025-08-12,22268,2025081201012581,KBL,Trishakti Securities Public Limited,Imperial Securities Company Pvt. Ltd.,1000,209.0,209000.0,2025-08-12 14:15:35.396901
2025-08-12,22267,2025081201012582,KBL,Vision Securities Pvt. Ltd,Imperial Securities Company Pvt. Ltd.,500,209.0,104500.0,2025-08-12 14:15:35.397147
2025-08-12,22266,2025081201012583,KBL,Sundhara Securities Limited,Imperial Securities Company Pvt. Ltd.,500,209.0,104500.0,2025-08-12 14:15:35.397385
2025-08-12,22265,2025081201012584,KBL,Sundhara Securities Limited,Imperial Securities Company Pvt. Ltd.,161,209.0,33649.0,2025-08-12 14:15:35.397619
2025-08-12,22264,2025081201012585,KBL,Vision Securities Pvt. Ltd,Imperial Securities Company Pvt. Ltd.,100,209.0,20900.0,2025-08-12 14:15:35.397868
2025-08-12,22263,2025081201012586,KBL,Trishakti Securities Public Limited,Imperial Securities Company Pvt. Ltd.,500,209.0,104500.0,2025-08-12 14:15:35.398130
2025-08-12,22262,2025081201012587,KBL,Sundhara Securities Limited,Imperial Securities Company Pvt. Ltd.,500,209.0,104500.0,2025-08-12 14:15:35.398368
2025-08-12,22261,2025081201012588,KBL,Bhrikuti Stock Broking Co. Pvt. Ltd.,Imperial Securities Company Pvt. Ltd.,50,209.0,10450.0,2025-08-12 14:15:35.398601
2025-08-12,22260,2025081201012589,KBL,Kohinoor Investment & Securities Pvt. Ltd.,Imperial Securities Company Pvt. Ltd.,10,209.0,2090.0,2025-08-12 14:15:35.398833
2025-08-12,22259,2025081201012590,KBL,Thrive Brokerage House Pvt. Ltd,Imperial Securities Company Pvt. Ltd.,50,209.0,10450.0,2025-08-12 14:15:35.399068
2025-08-12,22258,2025081201012591,KBL,Online Securities Pvt. Ltd.,Imperial Securities Company Pvt. Ltd.,1000,209.0,209000.0,2025-08-12 14:15:35.399300
2025-08-12,22257,2025081201012592,KBL,Naasa Securities Co. Ltd.,Imperial Securities Company Pvt. Ltd.,35,209.0,7315.0,2025-08-12 14:15:35.399542
2025-08-12,22256,2025081201012593,KBL,Aryatara Investment & Securities,Imperial Securities Company Pvt. Ltd.,50,209.0,10450.0,2025-08-12 14:15:35.399772
2025-08-12,22255,2025081201012594,KBL,Imperial Securities Company Pvt. Ltd.,Imperial Securities Company Pvt. Ltd.,60,209.0,12540.0,2025-08-12 14:15:35.399996
2025-08-12,22254,2025081201012595,KBL,ABC Securities Private Limited,Imperial Securities Company Pvt. Ltd.,300,209.0,62700.0,2025-08-12 14:15:35.400229
2025-08-12,22253,2025081201012596,KBL,Dipshikha Dhitopatra Karobar Co. Pvt Ltd.,Imperial Securities Company Pvt. Ltd.,200,209.0,41800.0,2025-08-12 14:15:35.400460
2025-08-12,22252,2025081201012597,KBL,Trisul Securities & Invt. Ltd.,Imperial Securities Company Pvt. Ltd.,100,209.0,20900.0,2025-08-12 14:15:35.400685
2025-08-12,22251,2025081201012598,KBL,Online Securities Pvt. Ltd.,Imperial Securities Company Pvt. Ltd.,128,209.0,26752.0,2025-08-12 14:15:35.400906
2025-08-12,22250,2025081201012599,KBL,Secured Securities Ltd.,Imperial Securities Company Pvt. Ltd.,30,209.0,6270.0,2025-08-12 14:15:35.401137
2025-08-12,22249,2025081201012600,KBL,Naasa Securities Co. Ltd.,Imperial Securities Company Pvt. Ltd.,26,209.0,5434.0,2025-08-12 14:15:35.401384
2025-08-12,22248,2025081201012601,KBL,Nepal Investment And Securities Trading Private Limited,Imperial Securities Company Pvt. Ltd.,50,209.0,10450.0,2025-08-12 14:15:35.401605
2025-08-12,22247,2025081201012602,KBL,Bhrikuti Stock Broking Co. Pvt. Ltd.,Imperial Securities Company Pvt. Ltd.,480,209.0,100320.0,2025-08-12 14:15:35.401827
2025-08-12,22246,2025081201012603,KBL,Oxford Securities Pvt. Ltd.,Imperial Securities Company Pvt. Ltd.,2000,209.0,418000.0,2025-08-12 14:15:35.402055
2025-08-12,22245,2025081201012604,KBL,Thrive Brokerage House Pvt. Ltd,Imperial Securities Company Pvt. Ltd.,50,209.0,10450.0,2025-08-12 14:15:35.402274
2025-08-12,22244,2025081201012605,KBL,Indira securities pvt. ltd,Imperial Securities Company Pvt. Ltd.,10,209.0,2090.0,2025-08-12 14:15:35.402486
2025-08-12,22243,2025081201012606,KBL,Vision Securities Pvt. Ltd,Imperial Securities Company Pvt. Ltd.,475,209.0,99275.0,2025-08-12 14:15:35.402707
2025-08-12,22242,2025081201012607,KBL,Nepal Stock House (PVT) Ltd.,Imperial Securities Company Pvt. Ltd.,143,209.0,29887.0,2025-08-12 14:15:35.402930
2025-08-12,22241,2025081201012608,KBL,Shree Krishna Securities Ltd.,Imperial Securities Company Pvt. Ltd.,500,209.0,104500.0,2025-08-12 14:15:35.403317
2025-08-12,22240,2025081201012609,KBL,Aryatara Investment & Securities,Imperial Securities Company Pvt. Ltd.,2600,209.0,543400.0,2025-08-12 14:15:35.403567
2025-08-12,22239,2025081201012610,KBL,Premier Securities Company Ltd.,Imperial Securities Company Pvt. Ltd.,950,209.0,198550.0,2025-08-12 14:15:35.403804
2025-08-12,22238,2025081201012611,KBL,Kohinoor Investment & Securities Pvt. Ltd.,Imperial Securities Company Pvt. Ltd.,10,209.0,2090.0,2025-08-12 14:15:35.404053
2025-08-12,22237,2025081201012612,KBL,Sewa Securities Pvt. Ltd.,Imperial Securities Company Pvt. Ltd.,1000,209.0,209000.0,2025-08-12 14:15:35.404300
2025-08-12,22236,2025081201012613,KBL,Bhrikuti Stock Broking Co. Pvt. Ltd.,Imperial Securities Company Pvt. Ltd.,200,209.0,41800.0,2025-08-12 14:15:35.404525
2025-08-12,22235,2025081201012614,KBL,K.B.L. Securities Limited ,Imperial Securities Company Pvt. Ltd.,880,209.0,183920.0,2025-08-12 14:15:35.404756
2025-08-12,22234,2025081201012615,KBL,ABC Securities Private Limited,Imperial Securities Company Pvt. Ltd.,2000,209.0,418000.0,2025-08-12 14:15:35.405003
