Date,S.N.,Contract ID,Symbol,Buyer Broker,Seller Broker,volume,rate,amount,transaction_time
2025-08-12,76262,2025081201000389,PRVU,Oxford Securities Pvt. Ltd.,Agrawal Securities (PVT) Ltd.,100,223.1,22310.0,2025-08-12 11:07:58.141428
2025-08-12,76131,2025081201000411,PRVU,Oxford Securities Pvt. Ltd.,Agrawal Securities (PVT) Ltd.,40,223.1,8924.0,2025-08-12 11:08:23.436342
2025-08-12,76072,2025081201000427,PRVU,Agrawal Securities (PVT) Ltd.,Sumeru Securities Pvt. Ltd.,400,223.2,89280.0,2025-08-12 11:08:40.395433
2025-08-12,76071,2025081201000428,PRVU,Oxford Securities Pvt. Ltd.,Sumeru Securities Pvt. Ltd.,160,223.1,35696.0,2025-08-12 11:08:40.395522
2025-08-12,76070,2025081201000429,PRVU,Naasa Securities Co. Ltd.,Sumeru Securities Pvt. Ltd.,440,223.0,98120.0,2025-08-12 11:08:40.395620
2025-08-12,76058,2025081201000433,PRVU,Naasa Securities Co. Ltd.,Capital Max Securities Ltd,15,223.0,3345.0,2025-08-12 11:08:43.122933
2025-08-12,75500,2025081201000555,PRVU,Property Wiard Limited,Kohinoor Investment & Securities Pvt. Ltd.,10,223.2,2232.0,2025-08-12 11:10:38.616565
2025-08-12,75389,2025081201000583,PRVU,Property Wiard Limited,Opal Securities Investment (PVT) Ltd.,90,223.2,20088.0,2025-08-12 11:11:03.685337
2025-08-12,75388,2025081201000584,PRVU,Sumeru Securities Pvt. Ltd.,Opal Securities Investment (PVT) Ltd.,100,223.2,22320.0,2025-08-12 11:11:03.685439
2025-08-12,75387,2025081201000585,PRVU,Online Securities Pvt. Ltd.,Opal Securities Investment (PVT) Ltd.,10,223.2,2232.0,2025-08-12 11:11:03.685489
2025-08-12,74663,2025081201000794,PRVU,Beni Securities Pvt.Ltd.,Online Securities Pvt. Ltd.,10,225.0,2250.0,2025-08-12 11:13:58.094600
2025-08-12,74583,2025081201000808,PRVU,Online Securities Pvt. Ltd.,Dakshinkali Investment & Securities Pvt. Ltd.,80,223.2,17856.0,2025-08-12 11:14:14.125626
2025-08-12,74483,2025081201000829,PRVU,Beni Securities Pvt.Ltd.,Online Securities Pvt. Ltd.,10,225.0,2250.0,2025-08-12 11:14:47.213832
2025-08-12,74141,2025081201000905,PRVU,Dynamic Money Managers Securities Pvt. Ltd.,Online Securities Pvt. Ltd.,4980,225.0,1120500.0,2025-08-12 11:15:57.923131
2025-08-12,74140,2025081201000906,PRVU,Dynamic Money Managers Securities Pvt. Ltd.,Sundhara Securities Limited,10,225.0,2250.0,2025-08-12 11:15:57.923242
2025-08-12,74139,2025081201000907,PRVU,Dynamic Money Managers Securities Pvt. Ltd.,Aryatara Investment & Securities,59,225.0,13275.0,2025-08-12 11:15:57.923287
2025-08-12,74138,2025081201000908,PRVU,Dynamic Money Managers Securities Pvt. Ltd.,Linch Stock Market Ltd.,50,225.0,11250.0,2025-08-12 11:15:57.923347
2025-08-12,73995,2025081201000929,PRVU,Agrawal Securities (PVT) Ltd.,Linch Stock Market Ltd.,100,226.0,22600.0,2025-08-12 11:16:30.943473
2025-08-12,73940,2025081201000940,PRVU,Kumari Securities Private Limited,Premier Securities Company Ltd.,47,224.0,10528.0,2025-08-12 11:16:45.981221
2025-08-12,73792,2025081201000967,PRVU,Kumari Securities Private Limited,Online Securities Pvt. Ltd.,1953,224.0,437472.0,2025-08-12 11:17:18.284518
2025-08-12,73791,2025081201000968,PRVU,Sumeru Securities Pvt. Ltd.,Online Securities Pvt. Ltd.,100,223.5,22350.0,2025-08-12 11:17:18.284675
2025-08-12,73790,2025081201000969,PRVU,ABC Securities Private Limited,Online Securities Pvt. Ltd.,1000,223.5,223500.0,2025-08-12 11:17:18.284745
2025-08-12,73789,2025081201000970,PRVU,Dakshinkali Investment & Securities Pvt. Ltd.,Online Securities Pvt. Ltd.,9947,223.4,2222159.8,2025-08-12 11:17:18.284831
2025-08-12,73655,2025081201001000,PRVU,Beni Securities Pvt.Ltd.,Sani Securities Company Ltd.,10,225.0,2250.0,2025-08-12 11:17:42.621817
2025-08-12,73365,2025081201001060,PRVU,Thrive Brokerage House Pvt. Ltd,Capital Max Securities Ltd,30,224.0,6720.0,2025-08-12 11:18:50.286277
2025-08-12,73201,2025081201001093,PRVU,Asian Securities Private Ltd.,Capital Max Securities Ltd,12,223.6,2683.2,2025-08-12 11:19:18.479432
2025-08-12,72852,2025081201001161,PRVU,Agrawal Securities (PVT) Ltd.,Sani Securities Company Ltd.,62,225.0,13950.0,2025-08-12 11:20:11.988939
2025-08-12,72324,2025081201001242,PRVU,Sundhara Securities Limited,Deevyaa Securities & Stock House Pvt. Ltd,446,223.8,99814.8,2025-08-12 11:21:38.509555
2025-08-12,72323,2025081201001243,PRVU,Asian Securities Private Ltd.,Deevyaa Securities & Stock House Pvt. Ltd,54,223.6,12074.4,2025-08-12 11:21:38.509696
2025-08-12,72075,2025081201001305,PRVU,Machhapuchchhre Securities Limited,Dynamic Money Managers Securities Pvt. Ltd.,10,225.0,2250.0,2025-08-12 11:22:22.437239
2025-08-12,72057,2025081201001311,PRVU,Beni Securities Pvt.Ltd.,Naasa Securities Co. Ltd.,10,224.9,2249.0,2025-08-12 11:22:28.299086
2025-08-12,71578,2025081201001387,PRVU,Naasa Securities Co. Ltd.,Deevyaa Securities & Stock House Pvt. Ltd,45,224.0,10080.0,2025-08-12 11:23:45.770487
2025-08-12,71577,2025081201001388,PRVU,Asian Securities Private Ltd.,Deevyaa Securities & Stock House Pvt. Ltd,34,223.6,7602.4,2025-08-12 11:23:45.770742
2025-08-12,71576,2025081201001389,PRVU,Sumeru Securities Pvt. Ltd.,Deevyaa Securities & Stock House Pvt. Ltd,100,223.5,22350.0,2025-08-12 11:23:45.770907
2025-08-12,71575,2025081201001390,PRVU,Dakshinkali Investment & Securities Pvt. Ltd.,Deevyaa Securities & Stock House Pvt. Ltd,53,223.4,11840.2,2025-08-12 11:23:45.771078
2025-08-12,71574,2025081201001391,PRVU,J.F. Securites (PVT) Ltd.,Deevyaa Securities & Stock House Pvt. Ltd,50,223.4,11170.0,2025-08-12 11:23:45.771231
2025-08-12,71573,2025081201001392,PRVU,Siprabi Securities Pvt. Ltd.,Deevyaa Securities & Stock House Pvt. Ltd,100,223.3,22330.0,2025-08-12 11:23:45.771414
2025-08-12,71572,2025081201001393,PRVU,Sumeru Securities Pvt. Ltd.,Deevyaa Securities & Stock House Pvt. Ltd,100,223.3,22330.0,2025-08-12 11:23:45.771582
2025-08-12,71571,2025081201001394,PRVU,Online Securities Pvt. Ltd.,Deevyaa Securities & Stock House Pvt. Ltd,10,223.2,2232.0,2025-08-12 11:23:45.771729
2025-08-12,70374,2025081201001655,PRVU,Sani Securities Company Ltd.,Sani Securities Company Ltd.,319,223.2,71200.8,2025-08-12 11:26:45.640043
2025-08-12,70351,2025081201001658,PRVU,Sani Securities Company Ltd.,Online Securities Pvt. Ltd.,181,223.2,40399.2,2025-08-12 11:26:49.040704
2025-08-12,70350,2025081201001659,PRVU,South Asian Bulls Pvt. Ltd.,Online Securities Pvt. Ltd.,200,223.2,44640.0,2025-08-12 11:26:49.040844
2025-08-12,70349,2025081201001660,PRVU,Sumeru Securities Pvt. Ltd.,Online Securities Pvt. Ltd.,100,223.1,22310.0,2025-08-12 11:26:49.040904
2025-08-12,70348,2025081201001661,PRVU,ABC Securities Private Limited,Online Securities Pvt. Ltd.,50,223.1,11155.0,2025-08-12 11:26:49.040966
2025-08-12,70347,2025081201001662,PRVU,Sumeru Securities Pvt. Ltd.,Online Securities Pvt. Ltd.,100,223.0,22300.0,2025-08-12 11:26:49.041049
2025-08-12,70346,2025081201001663,PRVU,Trishakti Securities Public Limited,Online Securities Pvt. Ltd.,70,223.0,15610.0,2025-08-12 11:26:49.041103
2025-08-12,70345,2025081201001664,PRVU,Agrawal Securities (PVT) Ltd.,Online Securities Pvt. Ltd.,500,223.0,111500.0,2025-08-12 11:26:49.041154
2025-08-12,70344,2025081201001665,PRVU,Market Securities & Exchange (PVT) Ltd.,Online Securities Pvt. Ltd.,500,223.0,111500.0,2025-08-12 11:26:49.041207
2025-08-12,70343,2025081201001666,PRVU,Sunrise Securities Limited,Online Securities Pvt. Ltd.,100,223.0,22300.0,2025-08-12 11:26:49.041257
2025-08-12,70342,2025081201001667,PRVU,Sharepro Securities Private Limited,Online Securities Pvt. Ltd.,1000,223.0,223000.0,2025-08-12 11:26:49.041309
2025-08-12,70341,2025081201001668,PRVU,Dynamic Money Managers Securities Pvt. Ltd.,Online Securities Pvt. Ltd.,150,223.0,33450.0,2025-08-12 11:26:49.041373
2025-08-12,70340,2025081201001669,PRVU,Capital Hub P. Ltd,Online Securities Pvt. Ltd.,500,223.0,111500.0,2025-08-12 11:26:49.041447
2025-08-12,70305,2025081201001677,PRVU,Sewa Securities Pvt. Ltd.,Online Securities Pvt. Ltd.,1000,223.0,223000.0,2025-08-12 11:26:58.043753
2025-08-12,69808,2025081201001768,PRVU,Cristal Kanchanjanga Securites Pvt. Ltd.,Naasa Securities Co. Ltd.,72,222.8,16041.6,2025-08-12 11:28:16.391234
2025-08-12,69763,2025081201001775,PRVU,NIMB Stock Markets Limited,Shree Krishna Securities Ltd.,100,222.4,22240.0,2025-08-12 11:28:25.129690
2025-08-12,69511,2025081201001845,PRVU,Creative Securities Pvt Ltd,Online Securities Pvt. Ltd.,500,223.0,111500.0,2025-08-12 11:29:00.352852
2025-08-12,69469,2025081201001850,PRVU,Primo Securities (PVT) Ltd.,BHOLE GANESH SECURITIES LTD,70,222.6,15582.0,2025-08-12 11:29:07.734480
2025-08-12,69345,2025081201001874,PRVU,Cristal Kanchanjanga Securites Pvt. Ltd.,Online Securities Pvt. Ltd.,49,223.0,10927.0,2025-08-12 11:29:24.642349
2025-08-12,69344,2025081201001875,PRVU,Cristal Kanchanjanga Securites Pvt. Ltd.,Kalika Securities Pvt. Ltd.,379,223.0,84517.0,2025-08-12 11:29:24.642483
2025-08-12,69278,2025081201001882,PRVU,Agrawal Securities (PVT) Ltd.,Kalika Securities Pvt. Ltd.,50,223.0,11150.0,2025-08-12 11:29:32.820734
2025-08-12,69074,2025081201001916,PRVU,Sundhara Securities Limited,Kalika Securities Pvt. Ltd.,40,223.0,8920.0,2025-08-12 11:29:59.359867
2025-08-12,68933,2025081201001952,PRVU,Agrawal Securities (PVT) Ltd.,Kalika Securities Pvt. Ltd.,11,223.0,2453.0,2025-08-12 11:30:17.302046
2025-08-12,68727,2025081201002000,PRVU,Cristal Kanchanjanga Securites Pvt. Ltd.,Kalika Securities Pvt. Ltd.,100,223.0,22300.0,2025-08-12 11:30:53.030556
2025-08-12,68625,2025081201002020,PRVU,Primo Securities (PVT) Ltd.,Kalika Securities Pvt. Ltd.,14,222.6,3116.4,2025-08-12 11:31:11.878383
2025-08-12,68624,2025081201002021,PRVU,Primo Securities (PVT) Ltd.,Elite Stock House Limited,216,222.6,48081.6,2025-08-12 11:31:12.938524
2025-08-12,68623,2025081201002022,PRVU,Shree Krishna Securities Ltd.,Elite Stock House Limited,100,222.6,22260.0,2025-08-12 11:31:12.938787
2025-08-12,68622,2025081201002023,PRVU,Kohinoor Investment & Securities Pvt. Ltd.,Elite Stock House Limited,54,222.6,12020.4,2025-08-12 11:31:12.938949
2025-08-12,68621,2025081201002024,PRVU,Dakshinkali Investment & Securities Pvt. Ltd.,Elite Stock House Limited,130,222.5,28925.0,2025-08-12 11:31:12.939128
2025-08-12,68316,2025081201002090,PRVU,Dakshinkali Investment & Securities Pvt. Ltd.,Online Securities Pvt. Ltd.,9870,222.5,2196075.0,2025-08-12 11:32:01.397505
2025-08-12,68315,2025081201002091,PRVU,NIMB Stock Markets Limited,Online Securities Pvt. Ltd.,187,222.4,41588.8,2025-08-12 11:32:01.397771
2025-08-12,67742,2025081201002222,PRVU,Beni Securities Pvt.Ltd.,Kalika Securities Pvt. Ltd.,10,223.0,2230.0,2025-08-12 11:33:34.942126
2025-08-12,67550,2025081201002274,PRVU,Online Securities Pvt. Ltd.,Oxford Securities Pvt. Ltd.,130,222.5,28925.0,2025-08-12 11:34:03.791304
2025-08-12,67380,2025081201002300,PRVU,Online Securities Pvt. Ltd.,Trishakti Securities Public Limited,120,222.5,26700.0,2025-08-12 11:34:36.886041
2025-08-12,67379,2025081201002301,PRVU,Linch Stock Market Ltd.,Trishakti Securities Public Limited,307,222.3,68246.1,2025-08-12 11:34:36.886153
2025-08-12,67055,2025081201002428,PRVU,Linch Stock Market Ltd.,Online Securities Pvt. Ltd.,693,222.3,154053.9,2025-08-12 11:35:29.396181
2025-08-12,67054,2025081201002429,PRVU,Ashutosh Brokerage & Securities (PVT) Ltd.,Online Securities Pvt. Ltd.,5000,222.2,1111000.0,2025-08-12 11:35:29.396464
2025-08-12,67053,2025081201002430,PRVU,Shree Krishna Securities Ltd.,Online Securities Pvt. Ltd.,100,222.2,22220.0,2025-08-12 11:35:29.396634
2025-08-12,66888,2025081201002495,PRVU,Neev Securities Pvt. Ltd.,Online Securities Pvt. Ltd.,207,222.2,45995.4,2025-08-12 11:35:55.622556
2025-08-12,66887,2025081201002496,PRVU,Neev Securities Pvt. Ltd.,Vision Securities Pvt. Ltd,100,222.5,22250.0,2025-08-12 11:35:55.622828
2025-08-12,66756,2025081201002512,PRVU,Siprabi Securities Pvt. Ltd.,Kalika Securities Pvt. Ltd.,15,222.1,3331.5,2025-08-12 11:36:15.841179
2025-08-12,66588,2025081201002536,PRVU,Naasa Securities Co. Ltd.,Kalika Securities Pvt. Ltd.,15,223.0,3345.0,2025-08-12 11:36:43.305709
2025-08-12,66586,2025081201002538,PRVU,Siprabi Securities Pvt. Ltd.,Sani Securities Company Ltd.,50,222.1,11105.0,2025-08-12 11:36:44.173094
2025-08-12,66585,2025081201002539,PRVU,Online Securities Pvt. Ltd.,Sani Securities Company Ltd.,200,222.0,44400.0,2025-08-12 11:36:44.173263
2025-08-12,66584,2025081201002540,PRVU,Investment Management Nepal Pvt. Ltd.,Sani Securities Company Ltd.,328,222.0,72816.0,2025-08-12 11:36:44.173322
2025-08-12,66583,2025081201002541,PRVU,Sani Securities Company Ltd.,Sani Securities Company Ltd.,50,222.0,11100.0,2025-08-12 11:36:44.173378
2025-08-12,66582,2025081201002542,PRVU,Kohinoor Investment & Securities Pvt. Ltd.,Sani Securities Company Ltd.,200,222.0,44400.0,2025-08-12 11:36:44.173433
2025-08-12,66581,2025081201002543,PRVU,Linch Stock Market Ltd.,Sani Securities Company Ltd.,500,222.0,111000.0,2025-08-12 11:36:44.173507
2025-08-12,66580,2025081201002544,PRVU,Cristal Kanchanjanga Securites Pvt. Ltd.,Sani Securities Company Ltd.,1000,222.0,222000.0,2025-08-12 11:36:44.173578
2025-08-12,66579,2025081201002545,PRVU,Kohinoor Investment & Securities Pvt. Ltd.,Sani Securities Company Ltd.,200,222.0,44400.0,2025-08-12 11:36:44.173633
2025-08-12,66578,2025081201002546,PRVU,Capital Hub P. Ltd,Sani Securities Company Ltd.,500,222.0,111000.0,2025-08-12 11:36:44.173685
2025-08-12,66577,2025081201002547,PRVU,Sani Securities Company Ltd.,Sani Securities Company Ltd.,272,222.0,60384.0,2025-08-12 11:36:44.173739
2025-08-12,66576,2025081201002548,PRVU,Sweta Securities Private Limited,Sani Securities Company Ltd.,500,222.0,111000.0,2025-08-12 11:36:44.173792
2025-08-12,66174,2025081201002651,PRVU,Kumari Securities Private Limited,BHOLE GANESH SECURITIES LTD,200,221.2,44240.0,2025-08-12 11:37:52.120017
2025-08-12,66173,2025081201002652,PRVU,Deevyaa Securities & Stock House Pvt. Ltd,BHOLE GANESH SECURITIES LTD,107,221.1,23657.7,2025-08-12 11:37:52.120188
2025-08-12,66172,2025081201002653,PRVU,Vision Securities Pvt. Ltd,BHOLE GANESH SECURITIES LTD,500,221.1,110550.0,2025-08-12 11:37:52.120282
2025-08-12,66171,2025081201002654,PRVU,Sumeru Securities Pvt. Ltd.,BHOLE GANESH SECURITIES LTD,100,221.1,22110.0,2025-08-12 11:37:52.120340
2025-08-12,66170,2025081201002655,PRVU,Asian Securities Private Ltd.,BHOLE GANESH SECURITIES LTD,993,221.1,219552.3,2025-08-12 11:37:52.120397
2025-08-12,66063,2025081201002675,PRVU,Asian Securities Private Ltd.,BHOLE GANESH SECURITIES LTD,200,221.1,44220.0,2025-08-12 11:38:14.178337
2025-08-12,65390,2025081201002796,PRVU,Asian Securities Private Ltd.,Sri Hari Securities Pvt. Ltd.,17,221.3,3762.1,2025-08-12 11:40:12.435970
2025-08-12,65389,2025081201002797,PRVU,Primo Securities (PVT) Ltd.,Sri Hari Securities Pvt. Ltd.,200,221.2,44240.0,2025-08-12 11:40:12.436146
2025-08-12,65388,2025081201002798,PRVU,Kohinoor Investment & Securities Pvt. Ltd.,Sri Hari Securities Pvt. Ltd.,200,221.1,44220.0,2025-08-12 11:40:12.436220
2025-08-12,65387,2025081201002799,PRVU,Sumeru Securities Pvt. Ltd.,Sri Hari Securities Pvt. Ltd.,100,221.1,22110.0,2025-08-12 11:40:12.436282
2025-08-12,65386,2025081201002800,PRVU,Vision Securities Pvt. Ltd,Sri Hari Securities Pvt. Ltd.,483,221.1,106791.3,2025-08-12 11:40:12.436342
2025-08-12,64542,2025081201002939,PRVU,K.B.L. Securities Limited ,Trisul Securities & Invt. Ltd.,44,222.0,9768.0,2025-08-12 11:42:48.893196
2025-08-12,64541,2025081201002940,PRVU,K.B.L. Securities Limited ,J.F. Securites (PVT) Ltd.,456,222.0,101232.0,2025-08-12 11:42:48.893365
2025-08-12,64480,2025081201002968,PRVU,Aryatara Investment & Securities,J.F. Securites (PVT) Ltd.,100,222.0,22200.0,2025-08-12 11:42:58.385778
2025-08-12,64347,2025081201002977,PRVU,Shree Krishna Securities Ltd.,KALASH STOCK MARKET PVT. LTD.,100,221.7,22170.0,2025-08-12 11:43:15.549864
2025-08-12,64104,2025081201003029,PRVU,Oxford Securities Pvt. Ltd.,J.F. Securites (PVT) Ltd.,1000,222.0,222000.0,2025-08-12 11:43:59.044430
2025-08-12,64052,2025081201003040,PRVU,SHUBHAKAMANA SECURITIES PVT. LTD,J.F. Securites (PVT) Ltd.,500,222.0,111000.0,2025-08-12 11:44:08.495007
2025-08-12,63850,2025081201003074,PRVU,Sani Securities Company Ltd.,J.F. Securites (PVT) Ltd.,100,222.0,22200.0,2025-08-12 11:44:43.508012
2025-08-12,63849,2025081201003075,PRVU,Dakshinkali Investment & Securities Pvt. Ltd.,J.F. Securites (PVT) Ltd.,1000,222.0,222000.0,2025-08-12 11:44:43.768188
2025-08-12,63620,2025081201003136,PRVU,Investment Management Nepal Pvt. Ltd.,J.F. Securites (PVT) Ltd.,2000,222.0,444000.0,2025-08-12 11:45:21.196707
2025-08-12,63612,2025081201003137,PRVU,Sweta Securities Private Limited,J.F. Securites (PVT) Ltd.,344,222.0,76368.0,2025-08-12 11:45:23.643194
2025-08-12,63611,2025081201003138,PRVU,Sweta Securities Private Limited,Sri Hari Securities Pvt. Ltd.,10,222.0,2220.0,2025-08-12 11:45:23.643492
2025-08-12,63305,2025081201003234,PRVU,Siprabi Securities Pvt. Ltd.,Kalika Securities Pvt. Ltd.,75,223.0,16725.0,2025-08-12 11:46:16.654773
2025-08-12,63252,2025081201003249,PRVU,Online Securities Pvt. Ltd.,Kalika Securities Pvt. Ltd.,300,223.0,66900.0,2025-08-12 11:46:29.972056
2025-08-12,63197,2025081201003260,PRVU,Kohinoor Investment & Securities Pvt. Ltd.,Kalika Securities Pvt. Ltd.,420,223.0,93660.0,2025-08-12 11:46:37.965906
2025-08-12,63196,2025081201003261,PRVU,Kohinoor Investment & Securities Pvt. Ltd.,Imperial Securities Company Pvt. Ltd.,108,223.0,24084.0,2025-08-12 11:46:37.966092
2025-08-12,63195,2025081201003262,PRVU,Kohinoor Investment & Securities Pvt. Ltd.,Naasa Securities Co. Ltd.,1000,223.0,223000.0,2025-08-12 11:46:37.966176
2025-08-12,63194,2025081201003263,PRVU,Kohinoor Investment & Securities Pvt. Ltd.,Naasa Securities Co. Ltd.,300,223.0,66900.0,2025-08-12 11:46:37.966245
2025-08-12,63193,2025081201003264,PRVU,Kohinoor Investment & Securities Pvt. Ltd.,Online Securities Pvt. Ltd.,60,223.0,13380.0,2025-08-12 11:46:37.966311
2025-08-12,63009,2025081201003313,PRVU,Linch Stock Market Ltd.,Deevyaa Securities & Stock House Pvt. Ltd,150,223.0,33450.0,2025-08-12 11:47:07.638426
2025-08-12,62293,2025081201003488,PRVU,Kohinoor Investment & Securities Pvt. Ltd.,Naasa Securities Co. Ltd.,1,218.7,218.7,2025-08-12 11:48:57.921172
2025-08-12,61894,2025081201003552,PRVU,Machhapuchchhre Securities Limited,Naasa Securities Co. Ltd.,10,224.9,2249.0,2025-08-12 11:50:04.499544
2025-08-12,61542,2025081201003615,PRVU,Linch Stock Market Ltd.,Naasa Securities Co. Ltd.,17,224.9,3823.3,2025-08-12 11:51:13.237229
2025-08-12,61384,2025081201003656,PRVU,ABC Securities Private Limited,Naasa Securities Co. Ltd.,200,224.9,44980.0,2025-08-12 11:51:43.777882
2025-08-12,61321,2025081201003672,PRVU,Naasa Securities Co. Ltd.,Naasa Securities Co. Ltd.,263,224.9,59148.7,2025-08-12 11:51:56.728224
2025-08-12,61320,2025081201003673,PRVU,Naasa Securities Co. Ltd.,Nepal Investment And Securities Trading Private Limited,1737,224.9,390651.3,2025-08-12 11:51:56.728388
2025-08-12,61127,2025081201003722,PRVU,Vision Securities Pvt. Ltd,Nepal Investment And Securities Trading Private Limited,22,224.9,4947.8,2025-08-12 11:52:31.386100
2025-08-12,59683,2025081201004024,PRVU,Aryatara Investment & Securities,Nepal Investment And Securities Trading Private Limited,100,224.9,22490.0,2025-08-12 11:57:39.441941
2025-08-12,59680,2025081201004025,PRVU,ABC Securities Private Limited,ABC Securities Private Limited,17,224.0,3808.0,2025-08-12 11:57:40.638293
2025-08-12,59609,2025081201004051,PRVU,Machhapuchchhre Securities Limited,Nepal Investment And Securities Trading Private Limited,10,224.9,2249.0,2025-08-12 11:57:54.128197
2025-08-12,58911,2025081201004190,PRVU,ABC Securities Private Limited,KALASH STOCK MARKET PVT. LTD.,183,224.0,40992.0,2025-08-12 12:00:07.896638
2025-08-12,58910,2025081201004191,PRVU,Naasa Securities Co. Ltd.,KALASH STOCK MARKET PVT. LTD.,22,224.0,4928.0,2025-08-12 12:00:07.896870
2025-08-12,58909,2025081201004192,PRVU,KALASH STOCK MARKET PVT. LTD.,KALASH STOCK MARKET PVT. LTD.,200,224.0,44800.0,2025-08-12 12:00:07.896969
2025-08-12,58908,2025081201004193,PRVU,K.B.L. Securities Limited ,KALASH STOCK MARKET PVT. LTD.,296,224.0,66304.0,2025-08-12 12:00:07.897054
2025-08-12,58850,2025081201004206,PRVU,K.B.L. Securities Limited ,Nepal Investment And Securities Trading Private Limited,204,224.0,45696.0,2025-08-12 12:00:18.717714
2025-08-12,57887,2025081201004369,PRVU,Sweta Securities Private Limited,Dipshikha Dhitopatra Karobar Co. Pvt Ltd.,11,223.1,2454.1,2025-08-12 12:03:57.606807
2025-08-12,57755,2025081201004394,PRVU,Dakshinkali Investment & Securities Pvt. Ltd.,Cristal Kanchanjanga Securites Pvt. Ltd.,20,223.1,4462.0,2025-08-12 12:04:20.756503
2025-08-12,57754,2025081201004395,PRVU,Deevyaa Securities & Stock House Pvt. Ltd,Cristal Kanchanjanga Securites Pvt. Ltd.,50,223.0,11150.0,2025-08-12 12:04:20.756690
2025-08-12,57753,2025081201004396,PRVU,Thrive Brokerage House Pvt. Ltd,Cristal Kanchanjanga Securites Pvt. Ltd.,930,223.0,207390.0,2025-08-12 12:04:20.756778
2025-08-12,57663,2025081201004429,PRVU,Thrive Brokerage House Pvt. Ltd,Ashutosh Brokerage & Securities (PVT) Ltd.,28,223.0,6244.0,2025-08-12 12:04:41.252511
2025-08-12,57356,2025081201004486,PRVU,Thrive Brokerage House Pvt. Ltd,Pragyan Securities (PVT) Ltd.,42,223.0,9366.0,2025-08-12 12:05:37.946677
2025-08-12,57355,2025081201004487,PRVU,Naasa Securities Co. Ltd.,Pragyan Securities (PVT) Ltd.,100,223.0,22300.0,2025-08-12 12:05:37.946855
2025-08-12,57252,2025081201004515,PRVU,Asian Securities Private Ltd.,ABC Securities Private Limited,17,222.5,3782.5,2025-08-12 12:05:53.361315
2025-08-12,56439,2025081201004641,PRVU,Linch Stock Market Ltd.,Dipshikha Dhitopatra Karobar Co. Pvt Ltd.,50,222.4,11120.0,2025-08-12 12:08:15.852236
2025-08-12,56438,2025081201004642,PRVU,Midas Stock Broking Company Private Limited,Dipshikha Dhitopatra Karobar Co. Pvt Ltd.,100,222.3,22230.0,2025-08-12 12:08:15.852346
2025-08-12,56437,2025081201004643,PRVU,Capital Max Securities Ltd,Dipshikha Dhitopatra Karobar Co. Pvt Ltd.,1700,222.2,377740.0,2025-08-12 12:08:15.852380
2025-08-12,56436,2025081201004644,PRVU,Neev Securities Pvt. Ltd.,Dipshikha Dhitopatra Karobar Co. Pvt Ltd.,100,222.2,22220.0,2025-08-12 12:08:15.852409
2025-08-12,56435,2025081201004645,PRVU,Sundhara Securities Limited,Dipshikha Dhitopatra Karobar Co. Pvt Ltd.,100,222.0,22200.0,2025-08-12 12:08:15.852442
2025-08-12,56434,2025081201004646,PRVU,Opal Securities Investment (PVT) Ltd.,Dipshikha Dhitopatra Karobar Co. Pvt Ltd.,500,222.0,111000.0,2025-08-12 12:08:15.852471
2025-08-12,56433,2025081201004647,PRVU,Aryatara Investment & Securities,Dipshikha Dhitopatra Karobar Co. Pvt Ltd.,450,222.0,99900.0,2025-08-12 12:08:15.852512
2025-08-12,56007,2025081201004737,PRVU,Aryatara Investment & Securities,Naasa Securities Co. Ltd.,50,222.0,11100.0,2025-08-12 12:09:37.683806
2025-08-12,55965,2025081201004758,PRVU,Neev Securities Pvt. Ltd.,Naasa Securities Co. Ltd.,950,222.0,210900.0,2025-08-12 12:09:48.195133
2025-08-12,55823,2025081201004800,PRVU,Neev Securities Pvt. Ltd.,Nepal Investment And Securities Trading Private Limited,4050,222.0,899100.0,2025-08-12 12:10:08.213536
2025-08-12,55822,2025081201004801,PRVU,Kohinoor Investment & Securities Pvt. Ltd.,Nepal Investment And Securities Trading Private Limited,20,222.0,4440.0,2025-08-12 12:10:08.213922
2025-08-12,55595,2025081201004858,PRVU,Bhrikuti Stock Broking Co. Pvt. Ltd.,Trishakti Securities Public Limited,12,222.0,2664.0,2025-08-12 12:10:42.407925
2025-08-12,55594,2025081201004859,PRVU,Bhrikuti Stock Broking Co. Pvt. Ltd.,Sani Securities Company Ltd.,438,222.0,97236.0,2025-08-12 12:10:42.408135
2025-08-12,55350,2025081201004926,PRVU,Bhrikuti Stock Broking Co. Pvt. Ltd.,Sani Securities Company Ltd.,450,222.0,99900.0,2025-08-12 12:11:30.765757
2025-08-12,54865,2025081201005038,PRVU,Aryatara Investment & Securities,Sani Securities Company Ltd.,100,222.0,22200.0,2025-08-12 12:13:04.483273
2025-08-12,54841,2025081201005046,PRVU,Sani Securities Company Ltd.,Sani Securities Company Ltd.,30,222.0,6660.0,2025-08-12 12:13:11.227635
2025-08-12,54525,2025081201005113,PRVU,Sweta Securities Private Limited,Pragyan Securities (PVT) Ltd.,646,221.8,143282.8,2025-08-12 12:14:10.014590
2025-08-12,54524,2025081201005114,PRVU,South Asian Bulls Pvt. Ltd.,Pragyan Securities (PVT) Ltd.,200,221.7,44340.0,2025-08-12 12:14:10.015053
2025-08-12,54523,2025081201005115,PRVU,Naasa Securities Co. Ltd.,Pragyan Securities (PVT) Ltd.,100,221.3,22130.0,2025-08-12 12:14:10.015300
2025-08-12,54522,2025081201005116,PRVU,Online Securities Pvt. Ltd.,Pragyan Securities (PVT) Ltd.,200,221.2,44240.0,2025-08-12 12:14:10.015537
2025-08-12,54521,2025081201005117,PRVU,Sani Securities Company Ltd.,Pragyan Securities (PVT) Ltd.,400,221.2,88480.0,2025-08-12 12:14:10.015756
2025-08-12,54520,2025081201005118,PRVU,Vision Securities Pvt. Ltd,Pragyan Securities (PVT) Ltd.,17,221.1,3758.7,2025-08-12 12:14:10.015977
2025-08-12,54519,2025081201005119,PRVU,Cristal Kanchanjanga Securites Pvt. Ltd.,Pragyan Securities (PVT) Ltd.,500,221.1,110550.0,2025-08-12 12:14:10.016212
2025-08-12,54518,2025081201005120,PRVU,Online Securities Pvt. Ltd.,Pragyan Securities (PVT) Ltd.,250,221.0,55250.0,2025-08-12 12:14:10.016431
2025-08-12,54517,2025081201005121,PRVU,Linch Stock Market Ltd.,Pragyan Securities (PVT) Ltd.,200,221.0,44200.0,2025-08-12 12:14:10.016659
2025-08-12,54516,2025081201005122,PRVU,Oxford Securities Pvt. Ltd.,Pragyan Securities (PVT) Ltd.,225,221.0,49725.0,2025-08-12 12:14:10.016902
2025-08-12,54515,2025081201005123,PRVU,Capital Hub P. Ltd,Pragyan Securities (PVT) Ltd.,500,221.0,110500.0,2025-08-12 12:14:10.017127
2025-08-12,54514,2025081201005124,PRVU,Secured Securities Ltd.,Pragyan Securities (PVT) Ltd.,500,221.0,110500.0,2025-08-12 12:14:10.017341
2025-08-12,54513,2025081201005125,PRVU,Market Securities & Exchange (PVT) Ltd.,Pragyan Securities (PVT) Ltd.,100,221.0,22100.0,2025-08-12 12:14:10.017541
2025-08-12,54512,2025081201005126,PRVU,Online Securities Pvt. Ltd.,Pragyan Securities (PVT) Ltd.,100,221.0,22100.0,2025-08-12 12:14:10.017751
2025-08-12,54511,2025081201005127,PRVU,Naasa Securities Co. Ltd.,Pragyan Securities (PVT) Ltd.,15,221.0,3315.0,2025-08-12 12:14:10.017956
2025-08-12,54510,2025081201005128,PRVU,Naasa Securities Co. Ltd.,Pragyan Securities (PVT) Ltd.,500,221.0,110500.0,2025-08-12 12:14:10.018184
2025-08-12,54509,2025081201005129,PRVU,Imperial Securities Company Pvt. Ltd.,Pragyan Securities (PVT) Ltd.,29,221.0,6409.0,2025-08-12 12:14:10.018394
2025-08-12,54508,2025081201005130,PRVU,Malla & Malla Stock Broking Company Pvt. Limited,Pragyan Securities (PVT) Ltd.,100,221.0,22100.0,2025-08-12 12:14:10.018608
2025-08-12,54507,2025081201005131,PRVU,Naasa Securities Co. Ltd.,Pragyan Securities (PVT) Ltd.,2000,221.0,442000.0,2025-08-12 12:14:10.018818
2025-08-12,54506,2025081201005132,PRVU,Sani Securities Company Ltd.,Pragyan Securities (PVT) Ltd.,450,221.0,99450.0,2025-08-12 12:14:10.019015
2025-08-12,54505,2025081201005133,PRVU,Sani Securities Company Ltd.,Pragyan Securities (PVT) Ltd.,1816,221.0,401336.0,2025-08-12 12:14:10.019272
2025-08-12,54408,2025081201005146,PRVU,Sani Securities Company Ltd.,Dipshikha Dhitopatra Karobar Co. Pvt Ltd.,2184,221.0,482664.0,2025-08-12 12:14:28.053839
2025-08-12,54407,2025081201005147,PRVU,Nepal Stock House (PVT) Ltd.,Dipshikha Dhitopatra Karobar Co. Pvt Ltd.,500,221.0,110500.0,2025-08-12 12:14:28.053929
2025-08-12,54406,2025081201005148,PRVU,Aryatara Investment & Securities,Dipshikha Dhitopatra Karobar Co. Pvt Ltd.,1000,221.0,221000.0,2025-08-12 12:14:28.053952
2025-08-12,54405,2025081201005149,PRVU,Malla & Malla Stock Broking Company Pvt. Limited,Dipshikha Dhitopatra Karobar Co. Pvt Ltd.,70,220.6,15442.0,2025-08-12 12:14:28.053978
2025-08-12,54404,2025081201005150,PRVU,Malla & Malla Stock Broking Company Pvt. Limited,Dipshikha Dhitopatra Karobar Co. Pvt Ltd.,50,220.5,11025.0,2025-08-12 12:14:28.054011
2025-08-12,54403,2025081201005151,PRVU,Trisul Securities & Invt. Ltd.,Dipshikha Dhitopatra Karobar Co. Pvt Ltd.,1000,220.5,220500.0,2025-08-12 12:14:28.054042
2025-08-12,54402,2025081201005152,PRVU,Vision Securities Pvt. Ltd,Dipshikha Dhitopatra Karobar Co. Pvt Ltd.,500,220.5,110250.0,2025-08-12 12:14:28.054065
2025-08-12,54401,2025081201005153,PRVU,Naasa Securities Co. Ltd.,Dipshikha Dhitopatra Karobar Co. Pvt Ltd.,25,220.5,5512.5,2025-08-12 12:14:28.054090
2025-08-12,54400,2025081201005154,PRVU,Trishakti Securities Public Limited,Dipshikha Dhitopatra Karobar Co. Pvt Ltd.,100,220.5,22050.0,2025-08-12 12:14:28.054115
2025-08-12,54399,2025081201005155,PRVU,Pragyan Securities (PVT) Ltd.,Dipshikha Dhitopatra Karobar Co. Pvt Ltd.,1000,220.5,220500.0,2025-08-12 12:14:28.054155
2025-08-12,54398,2025081201005156,PRVU,Imperial Securities Company Pvt. Ltd.,Dipshikha Dhitopatra Karobar Co. Pvt Ltd.,1000,220.2,220200.0,2025-08-12 12:14:28.054176
2025-08-12,54397,2025081201005157,PRVU,Neev Securities Pvt. Ltd.,Dipshikha Dhitopatra Karobar Co. Pvt Ltd.,500,220.1,110050.0,2025-08-12 12:14:28.054199
2025-08-12,54396,2025081201005158,PRVU,Dynamic Money Managers Securities Pvt. Ltd.,Dipshikha Dhitopatra Karobar Co. Pvt Ltd.,71,220.1,15627.1,2025-08-12 12:14:28.054227
2025-08-12,54330,2025081201005182,PRVU,Dynamic Money Managers Securities Pvt. Ltd.,Dipshikha Dhitopatra Karobar Co. Pvt Ltd.,1929,220.1,424572.9,2025-08-12 12:14:46.167935
2025-08-12,54329,2025081201005183,PRVU,Trisul Securities & Invt. Ltd.,Dipshikha Dhitopatra Karobar Co. Pvt Ltd.,100,220.0,22000.0,2025-08-12 12:14:46.168019
2025-08-12,54328,2025081201005184,PRVU,Midas Stock Broking Company Private Limited,Dipshikha Dhitopatra Karobar Co. Pvt Ltd.,200,220.0,44000.0,2025-08-12 12:14:46.168056
2025-08-12,54327,2025081201005185,PRVU,Cristal Kanchanjanga Securites Pvt. Ltd.,Dipshikha Dhitopatra Karobar Co. Pvt Ltd.,50,220.0,11000.0,2025-08-12 12:14:46.168083
2025-08-12,54326,2025081201005186,PRVU,Midas Stock Broking Company Private Limited,Dipshikha Dhitopatra Karobar Co. Pvt Ltd.,100,220.0,22000.0,2025-08-12 12:14:46.168106
2025-08-12,54325,2025081201005187,PRVU,Imperial Securities Company Pvt. Ltd.,Dipshikha Dhitopatra Karobar Co. Pvt Ltd.,30,220.0,6600.0,2025-08-12 12:14:46.168129
2025-08-12,54324,2025081201005188,PRVU,J.F. Securites (PVT) Ltd.,Dipshikha Dhitopatra Karobar Co. Pvt Ltd.,100,220.0,22000.0,2025-08-12 12:14:46.168152
2025-08-12,54323,2025081201005189,PRVU,Dynamic Money Managers Securities Pvt. Ltd.,Dipshikha Dhitopatra Karobar Co. Pvt Ltd.,20,220.0,4400.0,2025-08-12 12:14:46.168175
2025-08-12,54322,2025081201005190,PRVU,Ashutosh Brokerage & Securities (PVT) Ltd.,Dipshikha Dhitopatra Karobar Co. Pvt Ltd.,250,220.0,55000.0,2025-08-12 12:14:46.168198
2025-08-12,54321,2025081201005191,PRVU,Asian Securities Private Ltd.,Dipshikha Dhitopatra Karobar Co. Pvt Ltd.,500,220.0,110000.0,2025-08-12 12:14:46.168222
2025-08-12,54320,2025081201005192,PRVU,Market Securities & Exchange (PVT) Ltd.,Dipshikha Dhitopatra Karobar Co. Pvt Ltd.,25,220.0,5500.0,2025-08-12 12:14:46.168247
2025-08-12,54319,2025081201005193,PRVU,Market Securities & Exchange (PVT) Ltd.,Dipshikha Dhitopatra Karobar Co. Pvt Ltd.,100,220.0,22000.0,2025-08-12 12:14:46.168272
2025-08-12,54318,2025081201005194,PRVU,Online Securities Pvt. Ltd.,Dipshikha Dhitopatra Karobar Co. Pvt Ltd.,100,220.0,22000.0,2025-08-12 12:14:46.168300
2025-08-12,54317,2025081201005195,PRVU,Vision Securities Pvt. Ltd,Dipshikha Dhitopatra Karobar Co. Pvt Ltd.,1000,220.0,220000.0,2025-08-12 12:14:46.168337
2025-08-12,54316,2025081201005196,PRVU,Shree Krishna Securities Ltd.,Dipshikha Dhitopatra Karobar Co. Pvt Ltd.,100,220.0,22000.0,2025-08-12 12:14:46.168372
2025-08-12,54315,2025081201005197,PRVU,Aryatara Investment & Securities,Dipshikha Dhitopatra Karobar Co. Pvt Ltd.,1000,220.0,220000.0,2025-08-12 12:14:46.168394
2025-08-12,54314,2025081201005198,PRVU,Cristal Kanchanjanga Securites Pvt. Ltd.,Dipshikha Dhitopatra Karobar Co. Pvt Ltd.,1000,220.0,220000.0,2025-08-12 12:14:46.168417
2025-08-12,54313,2025081201005199,PRVU,ABC Securities Private Limited,Dipshikha Dhitopatra Karobar Co. Pvt Ltd.,1000,220.0,220000.0,2025-08-12 12:14:46.168442
2025-08-12,54312,2025081201005200,PRVU,Malla & Malla Stock Broking Company Pvt. Limited,Dipshikha Dhitopatra Karobar Co. Pvt Ltd.,100,220.0,22000.0,2025-08-12 12:14:46.168465
2025-08-12,54311,2025081201005201,PRVU,Imperial Securities Company Pvt. Ltd.,Dipshikha Dhitopatra Karobar Co. Pvt Ltd.,200,220.0,44000.0,2025-08-12 12:14:46.168487
2025-08-12,54310,2025081201005202,PRVU,Midas Stock Broking Company Private Limited,Dipshikha Dhitopatra Karobar Co. Pvt Ltd.,15,220.0,3300.0,2025-08-12 12:14:46.168512
2025-08-12,54309,2025081201005203,PRVU,MILKY WAY SHARE BROKER COMPANY LTD ,Dipshikha Dhitopatra Karobar Co. Pvt Ltd.,2081,220.0,457820.0,2025-08-12 12:14:46.168540
2025-08-12,54259,2025081201005214,PRVU,MILKY WAY SHARE BROKER COMPANY LTD ,Pragyan Securities (PVT) Ltd.,10,220.0,2200.0,2025-08-12 12:15:02.603684
2025-08-12,54254,2025081201005215,PRVU,MILKY WAY SHARE BROKER COMPANY LTD ,Dipshikha Dhitopatra Karobar Co. Pvt Ltd.,2909,220.0,639980.0,2025-08-12 12:15:03.258554
2025-08-12,54253,2025081201005216,PRVU,Trishakti Securities Public Limited,Dipshikha Dhitopatra Karobar Co. Pvt Ltd.,1000,220.0,220000.0,2025-08-12 12:15:03.258607
2025-08-12,54252,2025081201005217,PRVU,Sweta Securities Private Limited,Dipshikha Dhitopatra Karobar Co. Pvt Ltd.,10,220.0,2200.0,2025-08-12 12:15:03.258635
2025-08-12,54251,2025081201005218,PRVU,Linch Stock Market Ltd.,Dipshikha Dhitopatra Karobar Co. Pvt Ltd.,81,220.0,17820.0,2025-08-12 12:15:03.258661
2025-08-12,54113,2025081201005247,PRVU,Machhapuchchhre Securities Limited,Sweta Securities Private Limited,10,221.5,2215.0,2025-08-12 12:15:42.146839
2025-08-12,53143,2025081201005525,PRVU,Vision Securities Pvt. Ltd,Trishakti Securities Public Limited,238,221.0,52598.0,2025-08-12 12:19:29.355070
2025-08-12,52943,2025081201005567,PRVU,Online Securities Pvt. Ltd.,Premier Securities Company Ltd.,50,221.1,11055.0,2025-08-12 12:20:16.430572
2025-08-12,52240,2025081201005756,PRVU,Deevyaa Securities & Stock House Pvt. Ltd,Sweta Securities Private Limited,13,221.5,2879.5,2025-08-12 12:22:50.185252
2025-08-12,52239,2025081201005757,PRVU,Deevyaa Securities & Stock House Pvt. Ltd,Online Securities Pvt. Ltd.,237,221.8,52566.6,2025-08-12 12:22:50.185598
2025-08-12,51664,2025081201005881,PRVU,Asian Securities Private Ltd.,Neev Securities Pvt. Ltd.,4,222.5,890.0,2025-08-12 12:24:56.906651
2025-08-12,51338,2025081201005938,PRVU,ABC Securities Private Limited,Online Securities Pvt. Ltd.,400,221.8,88720.0,2025-08-12 12:26:04.891834
2025-08-12,50961,2025081201006034,PRVU,Naasa Securities Co. Ltd.,Pragyan Securities (PVT) Ltd.,20,221.5,4430.0,2025-08-12 12:27:26.182217
2025-08-12,50777,2025081201006074,PRVU,Naasa Securities Co. Ltd.,Sani Securities Company Ltd.,10,221.5,2215.0,2025-08-12 12:28:05.730021
2025-08-12,50681,2025081201006111,PRVU,ABC Securities Private Limited,Sani Securities Company Ltd.,100,221.5,22150.0,2025-08-12 12:28:25.862537
2025-08-12,50492,2025081201006175,PRVU,Online Securities Pvt. Ltd.,Aryatara Investment & Securities,200,221.3,44260.0,2025-08-12 12:29:15.021967
2025-08-12,49961,2025081201006330,PRVU,Agrawal Securities (PVT) Ltd.,Vision Securities Pvt. Ltd,147,221.2,32516.4,2025-08-12 12:30:59.228875
2025-08-12,49925,2025081201006337,PRVU,Sani Securities Company Ltd.,Sani Securities Company Ltd.,890,221.5,197135.0,2025-08-12 12:31:14.232463
2025-08-12,49908,2025081201006340,PRVU,ABC Securities Private Limited,Online Securities Pvt. Ltd.,66,221.8,14638.8,2025-08-12 12:31:24.364872
2025-08-12,49907,2025081201006341,PRVU,ABC Securities Private Limited,Vision Securities Pvt. Ltd,400,221.9,88760.0,2025-08-12 12:31:24.365234
2025-08-12,49906,2025081201006342,PRVU,ABC Securities Private Limited,Sani Securities Company Ltd.,1982,222.0,440004.0,2025-08-12 12:31:24.365470
2025-08-12,49905,2025081201006343,PRVU,ABC Securities Private Limited,Midas Stock Broking Company Private Limited,52,222.0,11544.0,2025-08-12 12:31:24.365686
2025-08-12,49692,2025081201006377,PRVU,Midas Stock Broking Company Private Limited,Midas Stock Broking Company Private Limited,20,222.0,4440.0,2025-08-12 12:32:06.812684
2025-08-12,49588,2025081201006411,PRVU,Sani Securities Company Ltd.,Dipshikha Dhitopatra Karobar Co. Pvt Ltd.,110,221.5,24365.0,2025-08-12 12:32:31.946632
2025-08-12,49587,2025081201006412,PRVU,Dakshinkali Investment & Securities Pvt. Ltd.,Dipshikha Dhitopatra Karobar Co. Pvt Ltd.,285,221.5,63127.5,2025-08-12 12:32:31.946800
2025-08-12,49577,2025081201006415,PRVU,Miyo Securities Pvt Ltd,Midas Stock Broking Company Private Limited,14,222.0,3108.0,2025-08-12 12:32:36.940997
2025-08-12,49576,2025081201006416,PRVU,Miyo Securities Pvt Ltd,Deevyaa Securities & Stock House Pvt. Ltd,500,222.0,111000.0,2025-08-12 12:32:36.941229
2025-08-12,49575,2025081201006417,PRVU,Miyo Securities Pvt Ltd,Deevyaa Securities & Stock House Pvt. Ltd,10,222.0,2220.0,2025-08-12 12:32:36.941311
2025-08-12,48478,2025081201006637,PRVU,ABC Securities Private Limited,ABC Securities Private Limited,1000,222.0,222000.0,2025-08-12 12:36:42.455505
2025-08-12,48477,2025081201006638,PRVU,Vision Securities Pvt. Ltd,ABC Securities Private Limited,25,222.0,5550.0,2025-08-12 12:36:42.455879
2025-08-12,48476,2025081201006639,PRVU,Aryatara Investment & Securities,ABC Securities Private Limited,100,222.0,22200.0,2025-08-12 12:36:42.456132
2025-08-12,48429,2025081201006651,PRVU,Capital Max Securities Ltd,Sri Hari Securities Pvt. Ltd.,10,222.8,2228.0,2025-08-12 12:36:53.640350
2025-08-12,48055,2025081201006716,PRVU,Dakshinkali Investment & Securities Pvt. Ltd.,Thrive Brokerage House Pvt. Ltd,123,221.5,27244.5,2025-08-12 12:38:11.394466
2025-08-12,47731,2025081201006773,PRVU,Dakshinkali Investment & Securities Pvt. Ltd.,Deevyaa Securities & Stock House Pvt. Ltd,40,221.5,8860.0,2025-08-12 12:39:29.704043
2025-08-12,47188,2025081201006895,PRVU,Imperial Securities Company Pvt. Ltd.,Trishakti Securities Public Limited,200,222.0,44400.0,2025-08-12 12:41:18.734419
2025-08-12,46889,2025081201006956,PRVU,Imperial Securities Company Pvt. Ltd.,Linch Stock Market Ltd.,100,222.0,22200.0,2025-08-12 12:42:16.357559
2025-08-12,46735,2025081201006999,PRVU,Dakshinkali Investment & Securities Pvt. Ltd.,Nepal Investment And Securities Trading Private Limited,52,221.5,11518.0,2025-08-12 12:42:42.677014
2025-08-12,46734,2025081201007000,PRVU,Premier Securities Company Ltd.,Nepal Investment And Securities Trading Private Limited,50,221.5,11075.0,2025-08-12 12:42:42.677252
2025-08-12,46733,2025081201007001,PRVU,Swarna Laxmi Securities Pvt. Ltd.,Nepal Investment And Securities Trading Private Limited,100,221.5,22150.0,2025-08-12 12:42:42.677338
2025-08-12,46732,2025081201007002,PRVU,Vision Securities Pvt. Ltd,Nepal Investment And Securities Trading Private Limited,100,221.5,22150.0,2025-08-12 12:42:42.677419
2025-08-12,46731,2025081201007003,PRVU,Agrawal Securities (PVT) Ltd.,Nepal Investment And Securities Trading Private Limited,78,221.2,17253.6,2025-08-12 12:42:42.677502
2025-08-12,46730,2025081201007004,PRVU,Shree Krishna Securities Ltd.,Nepal Investment And Securities Trading Private Limited,100,221.2,22120.0,2025-08-12 12:42:42.677584
2025-08-12,46729,2025081201007005,PRVU,Online Securities Pvt. Ltd.,Nepal Investment And Securities Trading Private Limited,200,221.1,44220.0,2025-08-12 12:42:42.677662
2025-08-12,46728,2025081201007006,PRVU,ABC Securities Private Limited,Nepal Investment And Securities Trading Private Limited,250,221.1,55275.0,2025-08-12 12:42:42.677742
2025-08-12,46697,2025081201007010,PRVU,ABC Securities Private Limited,Nepal Investment And Securities Trading Private Limited,250,221.1,55275.0,2025-08-12 12:42:49.723868
2025-08-12,46696,2025081201007011,PRVU,Vision Securities Pvt. Ltd,Nepal Investment And Securities Trading Private Limited,546,221.0,120666.0,2025-08-12 12:42:49.724288
2025-08-12,46591,2025081201007042,PRVU,Vision Securities Pvt. Ltd,Linch Stock Market Ltd.,410,221.0,90610.0,2025-08-12 12:43:06.641861
2025-08-12,46489,2025081201007075,PRVU,Nepal Investment And Securities Trading Private Limited,Online Securities Pvt. Ltd.,10,221.0,2210.0,2025-08-12 12:43:20.572125
2025-08-12,46474,2025081201007080,PRVU,Nepal Investment And Securities Trading Private Limited,Midas Stock Broking Company Private Limited,490,221.0,108290.0,2025-08-12 12:43:24.456523
2025-08-12,46473,2025081201007081,PRVU,Capital Max Securities Ltd,Midas Stock Broking Company Private Limited,1000,221.0,221000.0,2025-08-12 12:43:24.456733
2025-08-12,46472,2025081201007082,PRVU,Sri Hari Securities Pvt. Ltd.,Midas Stock Broking Company Private Limited,200,221.0,44200.0,2025-08-12 12:43:24.456815
2025-08-12,46471,2025081201007083,PRVU,Vision Securities Pvt. Ltd,Midas Stock Broking Company Private Limited,100,221.0,22100.0,2025-08-12 12:43:24.456894
2025-08-12,45526,2025081201007270,PRVU,Imperial Securities Company Pvt. Ltd.,Dipshikha Dhitopatra Karobar Co. Pvt Ltd.,59,220.3,12997.7,2025-08-12 12:46:19.039134
2025-08-12,45228,2025081201007343,PRVU,Imperial Securities Company Pvt. Ltd.,Sani Securities Company Ltd.,1096,220.3,241448.8,2025-08-12 12:47:28.583259
2025-08-12,44938,2025081201007424,PRVU,Online Securities Pvt. Ltd.,ABC Securities Private Limited,200,220.5,44100.0,2025-08-12 12:48:30.966075
2025-08-12,44937,2025081201007425,PRVU,Sweta Securities Private Limited,ABC Securities Private Limited,10,220.4,2204.0,2025-08-12 12:48:30.966310
2025-08-12,44936,2025081201007426,PRVU,Imperial Securities Company Pvt. Ltd.,ABC Securities Private Limited,3845,220.3,847053.5,2025-08-12 12:48:30.966413
2025-08-12,44935,2025081201007427,PRVU,Swarna Laxmi Securities Pvt. Ltd.,ABC Securities Private Limited,400,220.2,88080.0,2025-08-12 12:48:30.966500
2025-08-12,44934,2025081201007428,PRVU,Market Securities & Exchange (PVT) Ltd.,ABC Securities Private Limited,300,220.1,66030.0,2025-08-12 12:48:30.966585
2025-08-12,44933,2025081201007429,PRVU,Market Securities & Exchange (PVT) Ltd.,ABC Securities Private Limited,20,220.1,4402.0,2025-08-12 12:48:30.966664
2025-08-12,44932,2025081201007430,PRVU,Linch Stock Market Ltd.,ABC Securities Private Limited,119,220.0,26180.0,2025-08-12 12:48:30.966748
2025-08-12,44931,2025081201007431,PRVU,Thrive Brokerage House Pvt. Ltd,ABC Securities Private Limited,200,220.0,44000.0,2025-08-12 12:48:30.966833
2025-08-12,44930,2025081201007432,PRVU,Premier Securities Company Ltd.,ABC Securities Private Limited,45,220.0,9900.0,2025-08-12 12:48:30.966914
2025-08-12,44929,2025081201007433,PRVU,Capital Hub P. Ltd,ABC Securities Private Limited,1000,220.0,220000.0,2025-08-12 12:48:30.967004
2025-08-12,44928,2025081201007434,PRVU,Naasa Securities Co. Ltd.,ABC Securities Private Limited,50,220.0,11000.0,2025-08-12 12:48:30.967090
2025-08-12,44927,2025081201007435,PRVU,Dipshikha Dhitopatra Karobar Co. Pvt Ltd.,ABC Securities Private Limited,50,220.0,11000.0,2025-08-12 12:48:30.967169
2025-08-12,44926,2025081201007436,PRVU,ABC Securities Private Limited,ABC Securities Private Limited,500,220.0,110000.0,2025-08-12 12:48:30.967245
2025-08-12,44925,2025081201007437,PRVU,Agrawal Securities (PVT) Ltd.,ABC Securities Private Limited,100,220.0,22000.0,2025-08-12 12:48:30.967328
2025-08-12,44924,2025081201007438,PRVU,Capital Max Securities Ltd,ABC Securities Private Limited,115,220.0,25300.0,2025-08-12 12:48:30.967407
2025-08-12,44923,2025081201007439,PRVU,Vision Securities Pvt. Ltd,ABC Securities Private Limited,200,220.0,44000.0,2025-08-12 12:48:30.967487
2025-08-12,44922,2025081201007440,PRVU,Aryatara Investment & Securities,ABC Securities Private Limited,475,220.0,104500.0,2025-08-12 12:48:30.967564
2025-08-12,44921,2025081201007441,PRVU,Dipshikha Dhitopatra Karobar Co. Pvt Ltd.,ABC Securities Private Limited,500,220.0,110000.0,2025-08-12 12:48:30.967636
2025-08-12,44920,2025081201007442,PRVU,Linch Stock Market Ltd.,ABC Securities Private Limited,1000,220.0,220000.0,2025-08-12 12:48:30.967709
2025-08-12,44919,2025081201007443,PRVU,Premier Securities Company Ltd.,ABC Securities Private Limited,250,220.0,55000.0,2025-08-12 12:48:30.967780
2025-08-12,44918,2025081201007444,PRVU,Naasa Securities Co. Ltd.,ABC Securities Private Limited,500,220.0,110000.0,2025-08-12 12:48:30.967857
2025-08-12,44917,2025081201007445,PRVU,Vision Securities Pvt. Ltd,ABC Securities Private Limited,100,220.0,22000.0,2025-08-12 12:48:30.967929
2025-08-12,44916,2025081201007446,PRVU,Secured Securities Ltd.,ABC Securities Private Limited,370,220.0,81400.0,2025-08-12 12:48:30.968019
2025-08-12,44915,2025081201007447,PRVU,Dynamic Money Managers Securities Pvt. Ltd.,ABC Securities Private Limited,200,220.0,44000.0,2025-08-12 12:48:30.968095
2025-08-12,44914,2025081201007448,PRVU,Sumeru Securities Pvt. Ltd.,ABC Securities Private Limited,200,220.0,44000.0,2025-08-12 12:48:30.968169
2025-08-12,44913,2025081201007449,PRVU,Sri Hari Securities Pvt. Ltd.,ABC Securities Private Limited,50,220.0,11000.0,2025-08-12 12:48:30.968253
2025-08-12,44912,2025081201007450,PRVU,Capital Max Securities Ltd,ABC Securities Private Limited,1000,220.0,220000.0,2025-08-12 12:48:30.968365
2025-08-12,44911,2025081201007451,PRVU,Deevyaa Securities & Stock House Pvt. Ltd,ABC Securities Private Limited,50,220.0,11000.0,2025-08-12 12:48:30.968478
2025-08-12,44828,2025081201007464,PRVU,Midas Stock Broking Company Private Limited,Sri Hari Securities Pvt. Ltd.,151,219.7,33174.7,2025-08-12 12:48:51.180438
2025-08-12,44827,2025081201007465,PRVU,Siprabi Securities Pvt. Ltd.,Sri Hari Securities Pvt. Ltd.,100,219.6,21960.0,2025-08-12 12:48:51.180476
2025-08-12,44826,2025081201007466,PRVU,Online Securities Pvt. Ltd.,Sri Hari Securities Pvt. Ltd.,100,219.6,21960.0,2025-08-12 12:48:51.180507
2025-08-12,44825,2025081201007467,PRVU,Vision Securities Pvt. Ltd,Sri Hari Securities Pvt. Ltd.,150,219.5,32925.0,2025-08-12 12:48:51.180537
2025-08-12,44824,2025081201007468,PRVU,Sumeru Securities Pvt. Ltd.,Sri Hari Securities Pvt. Ltd.,242,219.2,53046.4,2025-08-12 12:48:51.180566
2025-08-12,44823,2025081201007469,PRVU,Kumari Securities Private Limited,Sri Hari Securities Pvt. Ltd.,200,219.1,43820.0,2025-08-12 12:48:51.180616
2025-08-12,44822,2025081201007470,PRVU,ABC Securities Private Limited,Sri Hari Securities Pvt. Ltd.,250,219.0,54750.0,2025-08-12 12:48:51.180639
2025-08-12,44821,2025081201007471,PRVU,Dakshinkali Investment & Securities Pvt. Ltd.,Sri Hari Securities Pvt. Ltd.,100,219.0,21900.0,2025-08-12 12:48:51.180667
2025-08-12,44820,2025081201007472,PRVU,Aryatara Investment & Securities,Sri Hari Securities Pvt. Ltd.,100,219.0,21900.0,2025-08-12 12:48:51.180695
2025-08-12,44819,2025081201007473,PRVU,Agrawal Securities (PVT) Ltd.,Sri Hari Securities Pvt. Ltd.,500,219.0,109500.0,2025-08-12 12:48:51.180723
2025-08-12,44818,2025081201007474,PRVU,Pragyan Securities (PVT) Ltd.,Sri Hari Securities Pvt. Ltd.,50,219.0,10950.0,2025-08-12 12:48:51.180749
2025-08-12,44817,2025081201007475,PRVU,Siprabi Securities Pvt. Ltd.,Sri Hari Securities Pvt. Ltd.,57,219.0,12483.0,2025-08-12 12:48:51.180776
2025-08-12,44560,2025081201007521,PRVU,Dakshinkali Investment & Securities Pvt. Ltd.,ABC Securities Private Limited,151,220.0,33220.0,2025-08-12 12:49:50.473751
2025-08-12,44486,2025081201007536,PRVU,Dakshinkali Investment & Securities Pvt. Ltd.,Online Securities Pvt. Ltd.,995,220.0,218900.0,2025-08-12 12:50:11.491084
2025-08-12,44233,2025081201007569,PRVU,Kumari Securities Private Limited,Kohinoor Investment & Securities Pvt. Ltd.,50,220.1,11005.0,2025-08-12 12:50:56.829443
2025-08-12,44232,2025081201007570,PRVU,Dakshinkali Investment & Securities Pvt. Ltd.,Kohinoor Investment & Securities Pvt. Ltd.,307,220.0,67540.0,2025-08-12 12:50:56.829612
2025-08-12,44219,2025081201007579,PRVU,Dakshinkali Investment & Securities Pvt. Ltd.,ABC Securities Private Limited,875,220.0,192500.0,2025-08-12 12:50:58.191399
2025-08-12,44217,2025081201007580,PRVU,Dakshinkali Investment & Securities Pvt. Ltd.,Sweta Securities Private Limited,59,220.0,12980.0,2025-08-12 12:50:58.518761
2025-08-12,44148,2025081201007591,PRVU,Naasa Securities Co. Ltd.,Trisul Securities & Invt. Ltd.,50,220.2,11010.0,2025-08-12 12:51:21.735084
2025-08-12,44052,2025081201007625,PRVU,Naasa Securities Co. Ltd.,Trisul Securities & Invt. Ltd.,150,220.2,33030.0,2025-08-12 12:51:46.897620
2025-08-12,44012,2025081201007633,PRVU,Vision Securities Pvt. Ltd,Sani Securities Company Ltd.,6,221.0,1326.0,2025-08-12 12:51:59.889049
2025-08-12,43837,2025081201007679,PRVU,Sweta Securities Private Limited,Trisul Securities & Invt. Ltd.,450,220.1,99045.0,2025-08-12 12:52:31.128966
2025-08-12,43800,2025081201007686,PRVU,Sweta Securities Private Limited,Nepal Stock House (PVT) Ltd.,550,220.1,121055.0,2025-08-12 12:52:39.497485
2025-08-12,43799,2025081201007687,PRVU,Dakshinkali Investment & Securities Pvt. Ltd.,Nepal Stock House (PVT) Ltd.,250,220.0,55000.0,2025-08-12 12:52:39.497740
2025-08-12,43772,2025081201007698,PRVU,Dakshinkali Investment & Securities Pvt. Ltd.,Vision Securities Pvt. Ltd,100,220.0,22000.0,2025-08-12 12:52:49.099090
2025-08-12,43703,2025081201007708,PRVU,Machhapuchchhre Securities Limited,Sani Securities Company Ltd.,10,221.0,2210.0,2025-08-12 12:53:08.974995
2025-08-12,43661,2025081201007713,PRVU,KALASH STOCK MARKET PVT. LTD.,Sani Securities Company Ltd.,190,221.0,41990.0,2025-08-12 12:53:21.871347
2025-08-12,43660,2025081201007714,PRVU,KALASH STOCK MARKET PVT. LTD.,Midas Stock Broking Company Private Limited,180,221.0,39780.0,2025-08-12 12:53:21.871545
2025-08-12,43659,2025081201007715,PRVU,KALASH STOCK MARKET PVT. LTD.,Hatemalo Financial Services Private Limited,700,221.0,154700.0,2025-08-12 12:53:21.871640
2025-08-12,43658,2025081201007716,PRVU,KALASH STOCK MARKET PVT. LTD.,Online Securities Pvt. Ltd.,530,221.0,117130.0,2025-08-12 12:53:21.871717
2025-08-12,43565,2025081201007727,PRVU,KALASH STOCK MARKET PVT. LTD.,Linch Stock Market Ltd.,10,221.0,2210.0,2025-08-12 12:53:38.536678
2025-08-12,43475,2025081201007749,PRVU,Asian Securities Private Ltd.,Sharepro Securities Private Limited,11,220.1,2421.1,2025-08-12 12:53:57.157912
2025-08-12,43340,2025081201007782,PRVU,ABC Securities Private Limited,Linch Stock Market Ltd.,200,220.5,44100.0,2025-08-12 12:54:31.769758
2025-08-12,43286,2025081201007792,PRVU,Aryatara Investment & Securities,Linch Stock Market Ltd.,50,220.5,11025.0,2025-08-12 12:54:49.722148
2025-08-12,43030,2025081201007846,PRVU,Asian Securities Private Ltd.,ABC Securities Private Limited,489,220.1,107628.9,2025-08-12 12:55:52.375463
2025-08-12,43029,2025081201007847,PRVU,J.F. Securites (PVT) Ltd.,ABC Securities Private Limited,1000,220.1,220100.0,2025-08-12 12:55:52.375846
2025-08-12,42992,2025081201007859,PRVU,Dakshinkali Investment & Securities Pvt. Ltd.,Premier Securities Company Ltd.,2010,220.0,442200.0,2025-08-12 12:56:01.620462
2025-08-12,42732,2025081201007920,PRVU,Market Securities & Exchange (PVT) Ltd.,Asian Securities Private Ltd.,55,220.1,12105.5,2025-08-12 12:57:14.723602
2025-08-12,42731,2025081201007921,PRVU,Dakshinkali Investment & Securities Pvt. Ltd.,Asian Securities Private Ltd.,427,220.0,93940.0,2025-08-12 12:57:14.723649
2025-08-12,42437,2025081201007972,PRVU,Sani Securities Company Ltd.,ABC Securities Private Limited,10,220.1,2201.0,2025-08-12 12:58:39.220080
2025-08-12,42400,2025081201007979,PRVU,ABC Securities Private Limited,ABC Securities Private Limited,45,220.1,9904.5,2025-08-12 12:58:53.757334
2025-08-12,42399,2025081201007980,PRVU,ABC Securities Private Limited,Kohinoor Investment & Securities Pvt. Ltd.,10,220.1,2201.0,2025-08-12 12:58:53.826902
2025-08-12,42398,2025081201007981,PRVU,Dakshinkali Investment & Securities Pvt. Ltd.,Kohinoor Investment & Securities Pvt. Ltd.,2990,220.0,657800.0,2025-08-12 12:58:53.827091
2025-08-12,42350,2025081201007990,PRVU,Dakshinkali Investment & Securities Pvt. Ltd.,Imperial Securities Company Pvt. Ltd.,46,220.0,10120.0,2025-08-12 12:59:07.363270
2025-08-12,42309,2025081201007998,PRVU,Naasa Securities Co. Ltd.,Linch Stock Market Ltd.,50,220.5,11025.0,2025-08-12 12:59:23.851277
2025-08-12,42132,2025081201008030,PRVU,Secured Securities Ltd.,ABC Securities Private Limited,500,220.1,110050.0,2025-08-12 13:00:04.342242
2025-08-12,42075,2025081201008050,PRVU,Dakshinkali Investment & Securities Pvt. Ltd.,Aryatara Investment & Securities,920,220.0,202400.0,2025-08-12 13:00:22.367232
2025-08-12,41917,2025081201008084,PRVU,Dakshinkali Investment & Securities Pvt. Ltd.,ABC Securities Private Limited,870,220.0,191400.0,2025-08-12 13:00:57.755215
2025-08-12,41916,2025081201008085,PRVU,Naasa Securities Co. Ltd.,ABC Securities Private Limited,50,220.0,11000.0,2025-08-12 13:00:57.755446
2025-08-12,41915,2025081201008086,PRVU,J.F. Securites (PVT) Ltd.,ABC Securities Private Limited,85,220.0,18700.0,2025-08-12 13:00:57.755555
2025-08-12,41914,2025081201008087,PRVU,Nepal Investment And Securities Trading Private Limited,ABC Securities Private Limited,50,220.0,11000.0,2025-08-12 13:00:57.755641
2025-08-12,41913,2025081201008088,PRVU,ABC Securities Private Limited,ABC Securities Private Limited,1000,220.0,220000.0,2025-08-12 13:00:57.755726
2025-08-12,41912,2025081201008089,PRVU,Sweta Securities Private Limited,ABC Securities Private Limited,500,220.0,110000.0,2025-08-12 13:00:57.755813
2025-08-12,41911,2025081201008090,PRVU,J.F. Securites (PVT) Ltd.,ABC Securities Private Limited,1000,220.0,220000.0,2025-08-12 13:00:57.755890
2025-08-12,41910,2025081201008091,PRVU,Sweta Securities Private Limited,ABC Securities Private Limited,401,220.0,88220.0,2025-08-12 13:00:57.755970
2025-08-12,41839,2025081201008101,PRVU,Sweta Securities Private Limited,Aryatara Investment & Securities,60,220.0,13200.0,2025-08-12 13:01:18.790093
2025-08-12,41791,2025081201008113,PRVU,Aakashbhairab Securities Ltd.,Linch Stock Market Ltd.,690,220.5,152145.0,2025-08-12 13:01:26.754592
2025-08-12,40784,2025081201008389,PRVU,Naasa Securities Co. Ltd.,Online Securities Pvt. Ltd.,100,220.5,22050.0,2025-08-12 13:05:12.670386
2025-08-12,40764,2025081201008400,PRVU,Sundhara Securities Limited,Online Securities Pvt. Ltd.,1000,220.5,220500.0,2025-08-12 13:05:19.038533
2025-08-12,40330,2025081201008538,PRVU,Aryatara Investment & Securities,Nepal Investment And Securities Trading Private Limited,500,220.1,110050.0,2025-08-12 13:07:16.050701
2025-08-12,40329,2025081201008539,PRVU,Sweta Securities Private Limited,Nepal Investment And Securities Trading Private Limited,39,220.0,8580.0,2025-08-12 13:07:16.050927
2025-08-12,40328,2025081201008540,PRVU,Kumari Securities Private Limited,Nepal Investment And Securities Trading Private Limited,150,220.0,33000.0,2025-08-12 13:07:16.051018
2025-08-12,40327,2025081201008541,PRVU,Investment Management Nepal Pvt. Ltd.,Nepal Investment And Securities Trading Private Limited,500,220.0,110000.0,2025-08-12 13:07:16.051118
2025-08-12,40326,2025081201008542,PRVU,Naasa Securities Co. Ltd.,Nepal Investment And Securities Trading Private Limited,25,220.0,5500.0,2025-08-12 13:07:16.051206
2025-08-12,40325,2025081201008543,PRVU,Siprabi Securities Pvt. Ltd.,Nepal Investment And Securities Trading Private Limited,100,220.0,22000.0,2025-08-12 13:07:16.051289
2025-08-12,40324,2025081201008544,PRVU,Global IME Securities Limited,Nepal Investment And Securities Trading Private Limited,100,220.0,22000.0,2025-08-12 13:07:16.051373
2025-08-12,40323,2025081201008545,PRVU,Aryatara Investment & Securities,Nepal Investment And Securities Trading Private Limited,10,220.0,2200.0,2025-08-12 13:07:16.051459
2025-08-12,40322,2025081201008546,PRVU,Nepal Investment And Securities Trading Private Limited,Nepal Investment And Securities Trading Private Limited,100,220.0,22000.0,2025-08-12 13:07:16.051541
2025-08-12,40321,2025081201008547,PRVU,Siprabi Securities Pvt. Ltd.,Nepal Investment And Securities Trading Private Limited,200,220.0,44000.0,2025-08-12 13:07:16.051625
2025-08-12,40320,2025081201008548,PRVU,Nabil Stock Dealer Ltd.,Nepal Investment And Securities Trading Private Limited,276,220.0,60720.0,2025-08-12 13:07:16.051707
2025-08-12,40172,2025081201008582,PRVU,Nabil Stock Dealer Ltd.,Aryatara Investment & Securities,100,220.0,22000.0,2025-08-12 13:07:54.822102
2025-08-12,40057,2025081201008614,PRVU,Nabil Stock Dealer Ltd.,Miyo Securities Pvt Ltd,74,220.0,16280.0,2025-08-12 13:08:22.943837
2025-08-12,40056,2025081201008615,PRVU,Opal Securities Investment (PVT) Ltd.,Miyo Securities Pvt Ltd,48,220.0,10560.0,2025-08-12 13:08:22.944102
2025-08-12,39975,2025081201008626,PRVU,Imperial Securities Company Pvt. Ltd.,Miyo Securities Pvt Ltd,20,220.0,4400.0,2025-08-12 13:08:50.903776
2025-08-12,39773,2025081201008655,PRVU,Aryatara Investment & Securities,Sweta Securities Private Limited,10,219.5,2195.0,2025-08-12 13:09:54.611341
2025-08-12,39569,2025081201008719,PRVU,Aryatara Investment & Securities,Premier Securities Company Ltd.,10,219.5,2195.0,2025-08-12 13:10:49.326471
2025-08-12,39568,2025081201008720,PRVU,Shree Krishna Securities Ltd.,Premier Securities Company Ltd.,90,219.5,19755.0,2025-08-12 13:10:49.326878
2025-08-12,39545,2025081201008728,PRVU,Shree Krishna Securities Ltd.,Agrawal Securities (PVT) Ltd.,10,219.5,2195.0,2025-08-12 13:11:00.952066
2025-08-12,39442,2025081201008745,PRVU,Aakashbhairab Securities Ltd.,Pragyan Securities (PVT) Ltd.,10,219.5,2195.0,2025-08-12 13:11:33.541574
2025-08-12,39134,2025081201008807,PRVU,Aakashbhairab Securities Ltd.,Dipshikha Dhitopatra Karobar Co. Pvt Ltd.,40,219.5,8780.0,2025-08-12 13:12:58.210373
2025-08-12,39133,2025081201008808,PRVU,Siprabi Securities Pvt. Ltd.,Dipshikha Dhitopatra Karobar Co. Pvt Ltd.,135,219.4,29619.0,2025-08-12 13:12:58.210415
2025-08-12,39132,2025081201008809,PRVU,Kumari Securities Private Limited,Dipshikha Dhitopatra Karobar Co. Pvt Ltd.,800,219.4,175520.0,2025-08-12 13:12:58.210442
2025-08-12,39131,2025081201008810,PRVU,Kumari Securities Private Limited,Dipshikha Dhitopatra Karobar Co. Pvt Ltd.,500,219.3,109650.0,2025-08-12 13:12:58.210465
2025-08-12,39130,2025081201008811,PRVU,Oxford Securities Pvt. Ltd.,Dipshikha Dhitopatra Karobar Co. Pvt Ltd.,300,219.2,65760.0,2025-08-12 13:12:58.210485
2025-08-12,39129,2025081201008812,PRVU,Imperial Securities Company Pvt. Ltd.,Dipshikha Dhitopatra Karobar Co. Pvt Ltd.,50,219.2,10960.0,2025-08-12 13:12:58.210508
2025-08-12,39128,2025081201008813,PRVU,Online Securities Pvt. Ltd.,Dipshikha Dhitopatra Karobar Co. Pvt Ltd.,500,219.1,109550.0,2025-08-12 13:12:58.210531
2025-08-12,39127,2025081201008814,PRVU,Midas Stock Broking Company Private Limited,Dipshikha Dhitopatra Karobar Co. Pvt Ltd.,675,219.1,147892.5,2025-08-12 13:12:58.210584
2025-08-12,39073,2025081201008821,PRVU,Aryatara Investment & Securities,Dipshikha Dhitopatra Karobar Co. Pvt Ltd.,1500,219.3,328950.0,2025-08-12 13:13:15.308552
2025-08-12,39072,2025081201008822,PRVU,Midas Stock Broking Company Private Limited,Dipshikha Dhitopatra Karobar Co. Pvt Ltd.,325,219.1,71207.5,2025-08-12 13:13:15.308629
2025-08-12,39071,2025081201008823,PRVU,Sumeru Securities Pvt. Ltd.,Dipshikha Dhitopatra Karobar Co. Pvt Ltd.,1100,219.1,241010.0,2025-08-12 13:13:15.308660
2025-08-12,39070,2025081201008824,PRVU,Siprabi Securities Pvt. Ltd.,Dipshikha Dhitopatra Karobar Co. Pvt Ltd.,11,219.0,2409.0,2025-08-12 13:13:15.308687
2025-08-12,39069,2025081201008825,PRVU,Online Securities Pvt. Ltd.,Dipshikha Dhitopatra Karobar Co. Pvt Ltd.,2000,219.0,438000.0,2025-08-12 13:13:15.308715
2025-08-12,39068,2025081201008826,PRVU,ABC Securities Private Limited,Dipshikha Dhitopatra Karobar Co. Pvt Ltd.,64,219.0,14016.0,2025-08-12 13:13:15.308750
2025-08-12,39019,2025081201008834,PRVU,Vision Securities Pvt. Ltd,Miyo Securities Pvt Ltd,50,220.0,11000.0,2025-08-12 13:13:28.424650
2025-08-12,38956,2025081201008841,PRVU,ABC Securities Private Limited,Dipshikha Dhitopatra Karobar Co. Pvt Ltd.,317,219.0,69423.0,2025-08-12 13:13:35.432938
2025-08-12,38955,2025081201008842,PRVU,Premier Securities Company Ltd.,Dipshikha Dhitopatra Karobar Co. Pvt Ltd.,50,219.0,10950.0,2025-08-12 13:13:35.433144
2025-08-12,38954,2025081201008843,PRVU,Capital Max Securities Ltd,Dipshikha Dhitopatra Karobar Co. Pvt Ltd.,1000,219.0,219000.0,2025-08-12 13:13:35.433235
2025-08-12,38953,2025081201008844,PRVU,KALASH STOCK MARKET PVT. LTD.,Dipshikha Dhitopatra Karobar Co. Pvt Ltd.,200,219.0,43800.0,2025-08-12 13:13:35.433324
2025-08-12,38952,2025081201008845,PRVU,Midas Stock Broking Company Private Limited,Dipshikha Dhitopatra Karobar Co. Pvt Ltd.,50,219.0,10950.0,2025-08-12 13:13:35.433408
2025-08-12,38951,2025081201008846,PRVU,Vision Securities Pvt. Ltd,Dipshikha Dhitopatra Karobar Co. Pvt Ltd.,100,218.8,21880.0,2025-08-12 13:13:35.433502
2025-08-12,38950,2025081201008847,PRVU,Kalika Securities Pvt. Ltd.,Dipshikha Dhitopatra Karobar Co. Pvt Ltd.,10,218.8,2188.0,2025-08-12 13:13:35.433595
2025-08-12,38949,2025081201008848,PRVU,Vision Securities Pvt. Ltd,Dipshikha Dhitopatra Karobar Co. Pvt Ltd.,275,218.7,60142.5,2025-08-12 13:13:35.433683
2025-08-12,38948,2025081201008849,PRVU,Imperial Securities Company Pvt. Ltd.,Dipshikha Dhitopatra Karobar Co. Pvt Ltd.,100,218.6,21860.0,2025-08-12 13:13:35.433772
2025-08-12,38947,2025081201008850,PRVU,Oxford Securities Pvt. Ltd.,Dipshikha Dhitopatra Karobar Co. Pvt Ltd.,500,218.6,109300.0,2025-08-12 13:13:35.433864
2025-08-12,38946,2025081201008851,PRVU,Opal Securities Investment (PVT) Ltd.,Dipshikha Dhitopatra Karobar Co. Pvt Ltd.,7398,218.6,1617202.8,2025-08-12 13:13:35.433958
2025-08-12,38628,2025081201008929,PRVU,Dakshinkali Investment & Securities Pvt. Ltd.,Hatemalo Financial Services Private Limited,65,219.0,14235.0,2025-08-12 13:14:37.255679
2025-08-12,38627,2025081201008930,PRVU,Creative Securities Pvt Ltd,Hatemalo Financial Services Private Limited,150,219.0,32850.0,2025-08-12 13:14:37.256085
2025-08-12,38626,2025081201008931,PRVU,Aryatara Investment & Securities,Hatemalo Financial Services Private Limited,200,219.0,43800.0,2025-08-12 13:14:37.256345
2025-08-12,38625,2025081201008932,PRVU,Opal Securities Investment (PVT) Ltd.,Hatemalo Financial Services Private Limited,2602,218.6,568797.2,2025-08-12 13:14:37.256594
2025-08-12,38624,2025081201008933,PRVU,Deevyaa Securities & Stock House Pvt. Ltd,Hatemalo Financial Services Private Limited,50,218.6,10930.0,2025-08-12 13:14:37.256839
2025-08-12,38623,2025081201008934,PRVU,Sharepro Securities Private Limited,Hatemalo Financial Services Private Limited,1000,218.4,218400.0,2025-08-12 13:14:37.257110
2025-08-12,38622,2025081201008935,PRVU,Vision Securities Pvt. Ltd,Hatemalo Financial Services Private Limited,1000,218.3,218300.0,2025-08-12 13:14:37.257358
2025-08-12,38621,2025081201008936,PRVU,Capital Max Securities Ltd,Hatemalo Financial Services Private Limited,1233,218.2,269040.6,2025-08-12 13:14:37.257597
2025-08-12,38175,2025081201009060,PRVU,Online Securities Pvt. Ltd.,Dipshikha Dhitopatra Karobar Co. Pvt Ltd.,28,218.3,6112.4,2025-08-12 13:16:25.838256
2025-08-12,38174,2025081201009061,PRVU,ABC Securities Private Limited,Dipshikha Dhitopatra Karobar Co. Pvt Ltd.,125,218.1,27262.5,2025-08-12 13:16:25.838632
2025-08-12,38173,2025081201009062,PRVU,Vision Securities Pvt. Ltd,Dipshikha Dhitopatra Karobar Co. Pvt Ltd.,200,218.1,43620.0,2025-08-12 13:16:25.838880
2025-08-12,38172,2025081201009063,PRVU,Cristal Kanchanjanga Securites Pvt. Ltd.,Dipshikha Dhitopatra Karobar Co. Pvt Ltd.,1000,218.1,218100.0,2025-08-12 13:16:25.839126
2025-08-12,38171,2025081201009064,PRVU,Miyo Securities Pvt Ltd,Dipshikha Dhitopatra Karobar Co. Pvt Ltd.,500,218.1,109050.0,2025-08-12 13:16:25.839365
2025-08-12,38170,2025081201009065,PRVU,Secured Securities Ltd.,Dipshikha Dhitopatra Karobar Co. Pvt Ltd.,500,218.1,109050.0,2025-08-12 13:16:25.839597
2025-08-12,38169,2025081201009066,PRVU,Elite Stock House Limited,Dipshikha Dhitopatra Karobar Co. Pvt Ltd.,1000,218.1,218100.0,2025-08-12 13:16:25.839830
2025-08-12,38168,2025081201009067,PRVU,Market Securities & Exchange (PVT) Ltd.,Dipshikha Dhitopatra Karobar Co. Pvt Ltd.,20,218.1,4362.0,2025-08-12 13:16:25.840075
2025-08-12,38167,2025081201009068,PRVU,Aakashbhairab Securities Ltd.,Dipshikha Dhitopatra Karobar Co. Pvt Ltd.,50,218.1,10905.0,2025-08-12 13:16:25.840311
2025-08-12,38166,2025081201009069,PRVU,ABC Securities Private Limited,Dipshikha Dhitopatra Karobar Co. Pvt Ltd.,125,218.0,27250.0,2025-08-12 13:16:25.840563
2025-08-12,38165,2025081201009070,PRVU,SUN SECURITIES PVT LTD,Dipshikha Dhitopatra Karobar Co. Pvt Ltd.,100,218.0,21800.0,2025-08-12 13:16:25.840790
2025-08-12,38164,2025081201009071,PRVU,Dipshikha Dhitopatra Karobar Co. Pvt Ltd.,Dipshikha Dhitopatra Karobar Co. Pvt Ltd.,100,218.0,21800.0,2025-08-12 13:16:25.841016
2025-08-12,38163,2025081201009072,PRVU,ABC Securities Private Limited,Dipshikha Dhitopatra Karobar Co. Pvt Ltd.,125,218.0,27250.0,2025-08-12 13:16:25.841255
2025-08-12,38162,2025081201009073,PRVU,Aryatara Investment & Securities,Dipshikha Dhitopatra Karobar Co. Pvt Ltd.,100,218.0,21800.0,2025-08-12 13:16:25.841475
2025-08-12,38161,2025081201009074,PRVU,Ashutosh Brokerage & Securities (PVT) Ltd.,Dipshikha Dhitopatra Karobar Co. Pvt Ltd.,500,218.0,109000.0,2025-08-12 13:16:25.841694
2025-08-12,38160,2025081201009075,PRVU,Dipshikha Dhitopatra Karobar Co. Pvt Ltd.,Dipshikha Dhitopatra Karobar Co. Pvt Ltd.,500,218.0,109000.0,2025-08-12 13:16:25.841916
2025-08-12,38159,2025081201009076,PRVU,Vision Securities Pvt. Ltd,Dipshikha Dhitopatra Karobar Co. Pvt Ltd.,700,218.0,152600.0,2025-08-12 13:16:25.842143
2025-08-12,38158,2025081201009077,PRVU,Agrawal Securities (PVT) Ltd.,Dipshikha Dhitopatra Karobar Co. Pvt Ltd.,500,218.0,109000.0,2025-08-12 13:16:25.842360
2025-08-12,38157,2025081201009078,PRVU,Sri Hari Securities Pvt. Ltd.,Dipshikha Dhitopatra Karobar Co. Pvt Ltd.,100,218.0,21800.0,2025-08-12 13:16:25.842566
2025-08-12,38156,2025081201009079,PRVU,Naasa Securities Co. Ltd.,Dipshikha Dhitopatra Karobar Co. Pvt Ltd.,500,218.0,109000.0,2025-08-12 13:16:25.842777
2025-08-12,38155,2025081201009080,PRVU,Sani Securities Company Ltd.,Dipshikha Dhitopatra Karobar Co. Pvt Ltd.,50,218.0,10900.0,2025-08-12 13:16:25.842989
2025-08-12,38154,2025081201009081,PRVU,MILKY WAY SHARE BROKER COMPANY LTD ,Dipshikha Dhitopatra Karobar Co. Pvt Ltd.,5000,218.0,1090000.0,2025-08-12 13:16:25.843210
2025-08-12,38153,2025081201009082,PRVU,Imperial Securities Company Pvt. Ltd.,Dipshikha Dhitopatra Karobar Co. Pvt Ltd.,100,218.0,21800.0,2025-08-12 13:16:25.843423
2025-08-12,38152,2025081201009083,PRVU,Malla & Malla Stock Broking Company Pvt. Limited,Dipshikha Dhitopatra Karobar Co. Pvt Ltd.,100,218.0,21800.0,2025-08-12 13:16:25.843639
2025-08-12,38151,2025081201009084,PRVU,Sani Securities Company Ltd.,Dipshikha Dhitopatra Karobar Co. Pvt Ltd.,45,218.0,9810.0,2025-08-12 13:16:25.843863
2025-08-12,38150,2025081201009085,PRVU,Online Securities Pvt. Ltd.,Dipshikha Dhitopatra Karobar Co. Pvt Ltd.,100,218.0,21800.0,2025-08-12 13:16:25.844086
2025-08-12,38149,2025081201009086,PRVU,Imperial Securities Company Pvt. Ltd.,Dipshikha Dhitopatra Karobar Co. Pvt Ltd.,50,218.0,10900.0,2025-08-12 13:16:25.844283
2025-08-12,38148,2025081201009087,PRVU,Asian Securities Private Ltd.,Dipshikha Dhitopatra Karobar Co. Pvt Ltd.,200,218.0,43600.0,2025-08-12 13:16:25.844496
2025-08-12,38147,2025081201009088,PRVU,ABC Securities Private Limited,Dipshikha Dhitopatra Karobar Co. Pvt Ltd.,582,218.0,126876.0,2025-08-12 13:16:25.844700
2025-08-12,37994,2025081201009128,PRVU,Nepal Stock House (PVT) Ltd.,Creative Securities Pvt Ltd,10,219.0,2190.0,2025-08-12 13:17:09.181734
2025-08-12,37637,2025081201009211,PRVU,Linch Stock Market Ltd.,Naasa Securities Co. Ltd.,10,219.9,2199.0,2025-08-12 13:19:01.383977
2025-08-12,37133,2025081201009329,PRVU,Kalika Securities Pvt. Ltd.,Sani Securities Company Ltd.,150,218.5,32775.0,2025-08-12 13:21:44.727612
2025-08-12,37132,2025081201009330,PRVU,Aryatara Investment & Securities,Sani Securities Company Ltd.,250,218.5,54625.0,2025-08-12 13:21:44.728173
2025-08-12,37131,2025081201009331,PRVU,Opal Securities Investment (PVT) Ltd.,Sani Securities Company Ltd.,420,218.5,91770.0,2025-08-12 13:21:44.728565
2025-08-12,36733,2025081201009426,PRVU,Machhapuchchhre Securities Limited,Shree Krishna Securities Ltd.,10,219.7,2197.0,2025-08-12 13:23:31.409531
2025-08-12,36697,2025081201009430,PRVU,ABC Securities Private Limited,J.F. Securites (PVT) Ltd.,10,219.0,2190.0,2025-08-12 13:23:41.839069
2025-08-12,36416,2025081201009492,PRVU,Kumari Securities Private Limited,Shree Krishna Securities Ltd.,10,219.7,2197.0,2025-08-12 13:24:52.714677
2025-08-12,36281,2025081201009528,PRVU,Kumari Securities Private Limited,Nepal Stock House (PVT) Ltd.,10,219.1,2191.0,2025-08-12 13:25:29.305659
2025-08-12,36280,2025081201009529,PRVU,Vision Securities Pvt. Ltd,Nepal Stock House (PVT) Ltd.,215,219.1,47106.5,2025-08-12 13:25:29.305890
2025-08-12,36279,2025081201009530,PRVU,ABC Securities Private Limited,Nepal Stock House (PVT) Ltd.,90,219.0,19710.0,2025-08-12 13:25:29.305979
2025-08-12,36278,2025081201009531,PRVU,Naasa Securities Co. Ltd.,Nepal Stock House (PVT) Ltd.,10,219.0,2190.0,2025-08-12 13:25:29.306073
2025-08-12,36277,2025081201009532,PRVU,Vision Securities Pvt. Ltd,Nepal Stock House (PVT) Ltd.,500,219.0,109500.0,2025-08-12 13:25:29.306152
2025-08-12,36276,2025081201009533,PRVU,Sundhara Securities Limited,Nepal Stock House (PVT) Ltd.,20,219.0,4380.0,2025-08-12 13:25:29.306232
2025-08-12,36275,2025081201009534,PRVU,Oxford Securities Pvt. Ltd.,Nepal Stock House (PVT) Ltd.,155,219.0,33945.0,2025-08-12 13:25:29.306329
2025-08-12,36194,2025081201009546,PRVU,J.F. Securites (PVT) Ltd.,Shree Krishna Securities Ltd.,136,219.7,29879.2,2025-08-12 13:25:48.457537
2025-08-12,35812,2025081201009620,PRVU,Aakashbhairab Securities Ltd.,Naasa Securities Co. Ltd.,990,219.9,217701.0,2025-08-12 13:27:20.401713
2025-08-12,35615,2025081201009667,PRVU,J.F. Securites (PVT) Ltd.,Miyo Securities Pvt Ltd,54,220.0,11880.0,2025-08-12 13:28:12.151282
2025-08-12,35536,2025081201009684,PRVU,Online Securities Pvt. Ltd.,Miyo Securities Pvt Ltd,180,220.0,39600.0,2025-08-12 13:28:39.969342
2025-08-12,35535,2025081201009685,PRVU,Online Securities Pvt. Ltd.,Thrive Brokerage House Pvt. Ltd,134,220.0,29480.0,2025-08-12 13:28:39.969820
2025-08-12,35534,2025081201009686,PRVU,Online Securities Pvt. Ltd.,Ashutosh Brokerage & Securities (PVT) Ltd.,400,220.0,88000.0,2025-08-12 13:28:39.970102
2025-08-12,35533,2025081201009687,PRVU,Online Securities Pvt. Ltd.,Naasa Securities Co. Ltd.,286,220.0,62920.0,2025-08-12 13:28:39.970340
2025-08-12,35463,2025081201009707,PRVU,Creative Securities Pvt Ltd,Linch Stock Market Ltd.,101,219.9,22209.9,2025-08-12 13:29:08.848490
2025-08-12,35462,2025081201009708,PRVU,Creative Securities Pvt Ltd,Naasa Securities Co. Ltd.,399,220.0,87780.0,2025-08-12 13:29:08.848738
2025-08-12,35194,2025081201009752,PRVU,Aakashbhairab Securities Ltd.,Naasa Securities Co. Ltd.,10,220.0,2200.0,2025-08-12 13:30:15.910972
2025-08-12,35159,2025081201009763,PRVU,Siprabi Securities Pvt. Ltd.,Naasa Securities Co. Ltd.,150,220.0,33000.0,2025-08-12 13:30:31.132512
2025-08-12,35117,2025081201009767,PRVU,ABC Securities Private Limited,Naasa Securities Co. Ltd.,155,220.0,34100.0,2025-08-12 13:30:42.298574
2025-08-12,35116,2025081201009768,PRVU,ABC Securities Private Limited,Premier Securities Company Ltd.,299,220.0,65780.0,2025-08-12 13:30:42.298793
2025-08-12,35071,2025081201009792,PRVU,Property Wiard Limited,Dynamic Money Managers Securities Pvt. Ltd.,20,219.8,4396.0,2025-08-12 13:30:51.345752
2025-08-12,34957,2025081201009813,PRVU,Property Wiard Limited,Sewa Securities Pvt. Ltd.,30,219.8,6594.0,2025-08-12 13:31:21.527252
2025-08-12,34797,2025081201009837,PRVU,J.F. Securites (PVT) Ltd.,Premier Securities Company Ltd.,10,220.0,2200.0,2025-08-12 13:32:09.421621
2025-08-12,34643,2025081201009882,PRVU,Secured Securities Ltd.,Kumari Securities Private Limited,200,219.7,43940.0,2025-08-12 13:32:59.594308
2025-08-12,34496,2025081201009903,PRVU,Creative Securities Pvt Ltd,Kumari Securities Private Limited,19,219.5,4170.5,2025-08-12 13:33:24.748476
2025-08-12,34482,2025081201009904,PRVU,Creative Securities Pvt Ltd,Premier Securities Company Ltd.,10,219.5,2195.0,2025-08-12 13:33:30.982650
2025-08-12,34244,2025081201009954,PRVU,Creative Securities Pvt Ltd,Nepal Investment And Securities Trading Private Limited,44,219.5,9658.0,2025-08-12 13:34:47.118164
2025-08-12,34068,2025081201009986,PRVU,Creative Securities Pvt Ltd,ABC Securities Private Limited,101,219.5,22169.5,2025-08-12 13:35:32.878059
2025-08-12,33961,2025081201010003,PRVU,Premier Securities Company Ltd.,Premier Securities Company Ltd.,30,220.0,6600.0,2025-08-12 13:36:02.692748
2025-08-12,33637,2025081201010053,PRVU,Creative Securities Pvt Ltd,Vision Securities Pvt. Ltd,200,219.5,43900.0,2025-08-12 13:37:29.039447
2025-08-12,33306,2025081201010153,PRVU,Creative Securities Pvt Ltd,Dipshikha Dhitopatra Karobar Co. Pvt Ltd.,126,219.5,27657.0,2025-08-12 13:39:01.404377
2025-08-12,33305,2025081201010154,PRVU,Primo Securities (PVT) Ltd.,Dipshikha Dhitopatra Karobar Co. Pvt Ltd.,200,219.5,43900.0,2025-08-12 13:39:01.404552
2025-08-12,33304,2025081201010155,PRVU,Dipshikha Dhitopatra Karobar Co. Pvt Ltd.,Dipshikha Dhitopatra Karobar Co. Pvt Ltd.,90,219.5,19755.0,2025-08-12 13:39:01.404620
2025-08-12,33303,2025081201010156,PRVU,Oxford Securities Pvt. Ltd.,Dipshikha Dhitopatra Karobar Co. Pvt Ltd.,200,219.2,43840.0,2025-08-12 13:39:01.404690
2025-08-12,33302,2025081201010157,PRVU,Siprabi Securities Pvt. Ltd.,Dipshikha Dhitopatra Karobar Co. Pvt Ltd.,400,219.1,87640.0,2025-08-12 13:39:01.404766
2025-08-12,33301,2025081201010158,PRVU,Imperial Securities Company Pvt. Ltd.,Dipshikha Dhitopatra Karobar Co. Pvt Ltd.,300,219.1,65730.0,2025-08-12 13:39:01.404830
2025-08-12,33300,2025081201010159,PRVU,Oxford Securities Pvt. Ltd.,Dipshikha Dhitopatra Karobar Co. Pvt Ltd.,45,219.0,9855.0,2025-08-12 13:39:01.404898
2025-08-12,33299,2025081201010160,PRVU,Naasa Securities Co. Ltd.,Dipshikha Dhitopatra Karobar Co. Pvt Ltd.,10,219.0,2190.0,2025-08-12 13:39:01.405005
2025-08-12,33298,2025081201010161,PRVU,Naasa Securities Co. Ltd.,Dipshikha Dhitopatra Karobar Co. Pvt Ltd.,20,219.0,4380.0,2025-08-12 13:39:01.405093
2025-08-12,33297,2025081201010162,PRVU,Primo Securities (PVT) Ltd.,Dipshikha Dhitopatra Karobar Co. Pvt Ltd.,100,219.0,21900.0,2025-08-12 13:39:01.405195
2025-08-12,33296,2025081201010163,PRVU,Naasa Securities Co. Ltd.,Dipshikha Dhitopatra Karobar Co. Pvt Ltd.,80,219.0,17520.0,2025-08-12 13:39:01.405252
2025-08-12,33295,2025081201010164,PRVU,Vision Securities Pvt. Ltd,Dipshikha Dhitopatra Karobar Co. Pvt Ltd.,1429,219.0,312951.0,2025-08-12 13:39:01.405318
2025-08-12,33140,2025081201010178,PRVU,Naasa Securities Co. Ltd.,Premier Securities Company Ltd.,500,220.0,110000.0,2025-08-12 13:39:52.575014
2025-08-12,33099,2025081201010182,PRVU,Vision Securities Pvt. Ltd,MILKY WAY SHARE BROKER COMPANY LTD ,500,219.0,109500.0,2025-08-12 13:40:04.196159
2025-08-12,32763,2025081201010254,PRVU,Machhapuchchhre Securities Limited,Premier Securities Company Ltd.,10,220.0,2200.0,2025-08-12 13:41:35.299541
2025-08-12,32631,2025081201010277,PRVU,Vision Securities Pvt. Ltd,Sani Securities Company Ltd.,71,219.0,15549.0,2025-08-12 13:42:11.941756
2025-08-12,32630,2025081201010278,PRVU,Naasa Securities Co. Ltd.,Sani Securities Company Ltd.,89,218.9,19482.1,2025-08-12 13:42:11.942013
2025-08-12,32087,2025081201010376,PRVU,Machhapuchchhre Securities Limited,Deevyaa Securities & Stock House Pvt. Ltd,10,219.9,2199.0,2025-08-12 13:44:43.795194
2025-08-12,31081,2025081201010523,PRVU,Dipshikha Dhitopatra Karobar Co. Pvt Ltd.,Deevyaa Securities & Stock House Pvt. Ltd,990,219.9,217701.0,2025-08-12 13:47:55.534081
2025-08-12,30984,2025081201010545,PRVU,Nagarik Stock Dealer ,Premier Securities Company Ltd.,651,220.0,143220.0,2025-08-12 13:48:19.463436
2025-08-12,30983,2025081201010546,PRVU,Nagarik Stock Dealer ,Dipshikha Dhitopatra Karobar Co. Pvt Ltd.,1439,220.0,316580.0,2025-08-12 13:48:19.463660
2025-08-12,30182,2025081201010745,PRVU,K.B.L. Securities Limited ,Dipshikha Dhitopatra Karobar Co. Pvt Ltd.,200,220.0,44000.0,2025-08-12 13:50:57.999995
2025-08-12,30080,2025081201010778,PRVU,Investment Management Nepal Pvt. Ltd.,Dipshikha Dhitopatra Karobar Co. Pvt Ltd.,400,220.0,88000.0,2025-08-12 13:51:15.889180
2025-08-12,29899,2025081201010803,PRVU,Dynamic Money Managers Securities Pvt. Ltd.,Dipshikha Dhitopatra Karobar Co. Pvt Ltd.,200,220.0,44000.0,2025-08-12 13:51:52.958714
2025-08-12,29641,2025081201010850,PRVU,Dipshikha Dhitopatra Karobar Co. Pvt Ltd.,Neev Securities Pvt. Ltd.,10,219.9,2199.0,2025-08-12 13:52:48.690675
2025-08-12,29640,2025081201010851,PRVU,Trishakti Securities Public Limited,Neev Securities Pvt. Ltd.,140,219.8,30772.0,2025-08-12 13:52:48.691146
2025-08-12,29572,2025081201010891,PRVU,ABC Securities Private Limited,Dipshikha Dhitopatra Karobar Co. Pvt Ltd.,375,220.0,82500.0,2025-08-12 13:53:01.060284
2025-08-12,29493,2025081201010909,PRVU,Thrive Brokerage House Pvt. Ltd,Dipshikha Dhitopatra Karobar Co. Pvt Ltd.,386,220.0,84920.0,2025-08-12 13:53:21.368982
2025-08-12,29492,2025081201010910,PRVU,Thrive Brokerage House Pvt. Ltd,Opal Securities Investment (PVT) Ltd.,114,220.0,25080.0,2025-08-12 13:53:21.369301
2025-08-12,29330,2025081201010969,PRVU,Siprabi Securities Pvt. Ltd.,Opal Securities Investment (PVT) Ltd.,100,220.0,22000.0,2025-08-12 13:53:51.261661
2025-08-12,29232,2025081201010981,PRVU,Naasa Securities Co. Ltd.,Kumari Securities Private Limited,10,219.9,2199.0,2025-08-12 13:54:19.279523
2025-08-12,29231,2025081201010982,PRVU,Trishakti Securities Public Limited,Kumari Securities Private Limited,60,219.8,13188.0,2025-08-12 13:54:19.279820
2025-08-12,29230,2025081201010983,PRVU,Siprabi Securities Pvt. Ltd.,Kumari Securities Private Limited,294,219.7,64591.8,2025-08-12 13:54:19.280005
2025-08-12,29135,2025081201011004,PRVU,ABC Securities Private Limited,Kumari Securities Private Limited,136,219.7,29879.2,2025-08-12 13:54:35.970433
2025-08-12,29134,2025081201011005,PRVU,ABC Securities Private Limited,Opal Securities Investment (PVT) Ltd.,86,220.0,18920.0,2025-08-12 13:54:35.970946
2025-08-12,29133,2025081201011006,PRVU,ABC Securities Private Limited,Sani Securities Company Ltd.,250,220.0,55000.0,2025-08-12 13:54:35.971277
2025-08-12,29132,2025081201011007,PRVU,ABC Securities Private Limited,Sewa Securities Pvt. Ltd.,250,220.0,55000.0,2025-08-12 13:54:35.971641
2025-08-12,29131,2025081201011008,PRVU,ABC Securities Private Limited,Sani Securities Company Ltd.,148,220.0,32560.0,2025-08-12 13:54:35.972062
2025-08-12,29130,2025081201011009,PRVU,ABC Securities Private Limited,Dynamic Money Managers Securities Pvt. Ltd.,119,220.0,26180.0,2025-08-12 13:54:35.972425
2025-08-12,29129,2025081201011010,PRVU,ABC Securities Private Limited,Imperial Securities Company Pvt. Ltd.,90,220.0,19800.0,2025-08-12 13:54:35.972770
2025-08-12,29128,2025081201011011,PRVU,ABC Securities Private Limited,Naasa Securities Co. Ltd.,29,220.0,6380.0,2025-08-12 13:54:35.973084
2025-08-12,29127,2025081201011012,PRVU,ABC Securities Private Limited,Hatemalo Financial Services Private Limited,100,220.0,22000.0,2025-08-12 13:54:35.973431
2025-08-12,29126,2025081201011013,PRVU,ABC Securities Private Limited,Sani Securities Company Ltd.,50,220.0,11000.0,2025-08-12 13:54:35.973787
2025-08-12,29125,2025081201011014,PRVU,ABC Securities Private Limited,Malla & Malla Stock Broking Company Pvt. Limited,12,220.0,2640.0,2025-08-12 13:54:35.974096
2025-08-12,29062,2025081201011028,PRVU,Beni Securities Pvt.Ltd.,Naasa Securities Co. Ltd.,10,220.7,2207.0,2025-08-12 13:54:50.213173
2025-08-12,27577,2025081201011385,PRVU,Sani Securities Company Ltd.,Imperial Securities Company Pvt. Ltd.,7,217.1,1519.7,2025-08-12 13:58:46.276932
2025-08-12,27418,2025081201011402,PRVU,Thrive Brokerage House Pvt. Ltd,Dipshikha Dhitopatra Karobar Co. Pvt Ltd.,30,220.2,6606.0,2025-08-12 13:59:15.933461
2025-08-12,27417,2025081201011403,PRVU,Naasa Securities Co. Ltd.,Dipshikha Dhitopatra Karobar Co. Pvt Ltd.,70,220.1,15407.0,2025-08-12 13:59:15.933511
2025-08-12,27416,2025081201011404,PRVU,ABC Securities Private Limited,Dipshikha Dhitopatra Karobar Co. Pvt Ltd.,100,220.1,22010.0,2025-08-12 13:59:15.933538
2025-08-12,27415,2025081201011405,PRVU,ABC Securities Private Limited,Dipshikha Dhitopatra Karobar Co. Pvt Ltd.,230,220.0,50600.0,2025-08-12 13:59:15.933563
2025-08-12,27414,2025081201011406,PRVU,BHOLE GANESH SECURITIES LTD,Dipshikha Dhitopatra Karobar Co. Pvt Ltd.,400,220.0,88000.0,2025-08-12 13:59:15.933589
2025-08-12,27413,2025081201011407,PRVU,Sundhara Securities Limited,Dipshikha Dhitopatra Karobar Co. Pvt Ltd.,10,220.0,2200.0,2025-08-12 13:59:15.933615
2025-08-12,27412,2025081201011408,PRVU,Naasa Securities Co. Ltd.,Dipshikha Dhitopatra Karobar Co. Pvt Ltd.,30,220.0,6600.0,2025-08-12 13:59:15.933647
2025-08-12,27411,2025081201011409,PRVU,Online Securities Pvt. Ltd.,Dipshikha Dhitopatra Karobar Co. Pvt Ltd.,286,220.0,62920.0,2025-08-12 13:59:15.933718
2025-08-12,27343,2025081201011423,PRVU,Online Securities Pvt. Ltd.,Kumari Securities Private Limited,218,220.0,47960.0,2025-08-12 13:59:31.293451
2025-08-12,27273,2025081201011440,PRVU,Online Securities Pvt. Ltd.,Dipshikha Dhitopatra Karobar Co. Pvt Ltd.,96,220.0,21120.0,2025-08-12 13:59:43.235979
2025-08-12,27272,2025081201011441,PRVU,ABC Securities Private Limited,Dipshikha Dhitopatra Karobar Co. Pvt Ltd.,100,220.0,22000.0,2025-08-12 13:59:43.236474
2025-08-12,27271,2025081201011442,PRVU,Imperial Securities Company Pvt. Ltd.,Dipshikha Dhitopatra Karobar Co. Pvt Ltd.,200,220.0,44000.0,2025-08-12 13:59:43.236771
2025-08-12,27128,2025081201011474,PRVU,Oxford Securities Pvt. Ltd.,Dipshikha Dhitopatra Karobar Co. Pvt Ltd.,45,220.0,9900.0,2025-08-12 14:00:08.039863
2025-08-12,26965,2025081201011490,PRVU,Oxford Securities Pvt. Ltd.,Dipshikha Dhitopatra Karobar Co. Pvt Ltd.,1000,219.5,219500.0,2025-08-12 14:00:37.694711
2025-08-12,26964,2025081201011491,PRVU,Online Securities Pvt. Ltd.,Dipshikha Dhitopatra Karobar Co. Pvt Ltd.,65,219.1,14241.5,2025-08-12 14:00:37.694758
2025-08-12,26963,2025081201011492,PRVU,Sumeru Securities Pvt. Ltd.,Dipshikha Dhitopatra Karobar Co. Pvt Ltd.,100,219.1,21910.0,2025-08-12 14:00:37.694785
2025-08-12,26962,2025081201011493,PRVU,Shree Krishna Securities Ltd.,Dipshikha Dhitopatra Karobar Co. Pvt Ltd.,2000,219.1,438200.0,2025-08-12 14:00:37.694811
2025-08-12,26961,2025081201011494,PRVU,Online Securities Pvt. Ltd.,Dipshikha Dhitopatra Karobar Co. Pvt Ltd.,100,219.0,21900.0,2025-08-12 14:00:37.694849
2025-08-12,26960,2025081201011495,PRVU,ABC Securities Private Limited,Dipshikha Dhitopatra Karobar Co. Pvt Ltd.,1450,219.0,317550.0,2025-08-12 14:00:37.694881
2025-08-12,26959,2025081201011496,PRVU,ABC Securities Private Limited,Dipshikha Dhitopatra Karobar Co. Pvt Ltd.,150,219.0,32850.0,2025-08-12 14:00:37.694909
2025-08-12,26958,2025081201011497,PRVU,Online Securities Pvt. Ltd.,Dipshikha Dhitopatra Karobar Co. Pvt Ltd.,91,219.0,19929.0,2025-08-12 14:00:37.694937
2025-08-12,26957,2025081201011498,PRVU,Sani Securities Company Ltd.,Dipshikha Dhitopatra Karobar Co. Pvt Ltd.,44,219.0,9636.0,2025-08-12 14:00:37.694974
2025-08-12,26834,2025081201011552,PRVU,Aryatara Investment & Securities,Dipshikha Dhitopatra Karobar Co. Pvt Ltd.,250,220.0,55000.0,2025-08-12 14:00:57.953176
2025-08-12,26621,2025081201011594,PRVU,Dynamic Money Managers Securities Pvt. Ltd.,Dipshikha Dhitopatra Karobar Co. Pvt Ltd.,100,220.0,22000.0,2025-08-12 14:01:43.828720
2025-08-12,26571,2025081201011614,PRVU,Nepal Stock House (PVT) Ltd.,Dipshikha Dhitopatra Karobar Co. Pvt Ltd.,1000,220.0,220000.0,2025-08-12 14:01:55.351053
2025-08-12,26569,2025081201011615,PRVU,Dipshikha Dhitopatra Karobar Co. Pvt Ltd.,Dipshikha Dhitopatra Karobar Co. Pvt Ltd.,1209,220.0,265980.0,2025-08-12 14:01:55.435201
2025-08-12,26499,2025081201011631,PRVU,Machhapuchchhre Securities Limited,Naasa Securities Co. Ltd.,10,220.7,2207.0,2025-08-12 14:02:10.433997
2025-08-12,26498,2025081201011632,PRVU,Nepal Stock House (PVT) Ltd.,Naasa Securities Co. Ltd.,80,220.7,17656.0,2025-08-12 14:02:10.880772
2025-08-12,26213,2025081201011710,PRVU,Nepal Stock House (PVT) Ltd.,Online Securities Pvt. Ltd.,920,220.7,203044.0,2025-08-12 14:02:56.781346
2025-08-12,26212,2025081201011711,PRVU,Dipshikha Dhitopatra Karobar Co. Pvt Ltd.,Online Securities Pvt. Ltd.,991,220.0,218020.0,2025-08-12 14:02:56.781602
2025-08-12,25907,2025081201011847,PRVU,Midas Stock Broking Company Private Limited,Dipshikha Dhitopatra Karobar Co. Pvt Ltd.,60,219.1,13146.0,2025-08-12 14:03:42.494578
2025-08-12,25342,2025081201011961,PRVU,Shree Krishna Securities Ltd.,Online Securities Pvt. Ltd.,20,220.0,4400.0,2025-08-12 14:05:19.147731
2025-08-12,25291,2025081201011967,PRVU,Dipshikha Dhitopatra Karobar Co. Pvt Ltd.,Nepal Investment And Securities Trading Private Limited,1000,219.2,219200.0,2025-08-12 14:05:27.755456
2025-08-12,25081,2025081201012001,PRVU,Imperial Securities Company Pvt. Ltd.,Kumari Securities Private Limited,100,219.9,21990.0,2025-08-12 14:06:14.584477
2025-08-12,25080,2025081201012002,PRVU,Imperial Securities Company Pvt. Ltd.,Online Securities Pvt. Ltd.,69,220.0,15180.0,2025-08-12 14:06:14.584735
2025-08-12,25079,2025081201012003,PRVU,Imperial Securities Company Pvt. Ltd.,Aryatara Investment & Securities,110,220.0,24200.0,2025-08-12 14:06:14.584837
2025-08-12,25043,2025081201012013,PRVU,Imperial Securities Company Pvt. Ltd.,Nepal Investment And Securities Trading Private Limited,221,220.0,48620.0,2025-08-12 14:06:23.059526
2025-08-12,24536,2025081201012097,PRVU,Shree Krishna Securities Ltd.,Nepal Investment And Securities Trading Private Limited,20,220.0,4400.0,2025-08-12 14:08:14.987424
2025-08-12,24456,2025081201012115,PRVU,Linch Stock Market Ltd.,Aryatara Investment & Securities,30,219.5,6585.0,2025-08-12 14:08:32.813125
2025-08-12,24341,2025081201012137,PRVU,Linch Stock Market Ltd.,Dipshikha Dhitopatra Karobar Co. Pvt Ltd.,100,219.5,21950.0,2025-08-12 14:08:48.842068
2025-08-12,24310,2025081201012148,PRVU,Linch Stock Market Ltd.,South Asian Bulls Pvt. Ltd.,227,219.5,49826.5,2025-08-12 14:08:53.804458
2025-08-12,24304,2025081201012149,PRVU,Machhapuchchhre Securities Limited,Nepal Investment And Securities Trading Private Limited,10,220.0,2200.0,2025-08-12 14:08:54.472320
2025-08-12,24013,2025081201012210,PRVU,Agrawal Securities (PVT) Ltd.,Online Securities Pvt. Ltd.,200,219.6,43920.0,2025-08-12 14:09:49.330550
2025-08-12,24012,2025081201012211,PRVU,Linch Stock Market Ltd.,Online Securities Pvt. Ltd.,143,219.5,31388.5,2025-08-12 14:09:49.330834
2025-08-12,24011,2025081201012212,PRVU,Shree Krishna Securities Ltd.,Online Securities Pvt. Ltd.,200,219.5,43900.0,2025-08-12 14:09:49.330942
2025-08-12,24010,2025081201012213,PRVU,Kumari Securities Private Limited,Online Securities Pvt. Ltd.,100,219.5,21950.0,2025-08-12 14:09:49.331110
2025-08-12,24009,2025081201012214,PRVU,NIMB Stock Markets Limited,Online Securities Pvt. Ltd.,200,219.3,43860.0,2025-08-12 14:09:49.331315
2025-08-12,24008,2025081201012215,PRVU,Dipshikha Dhitopatra Karobar Co. Pvt Ltd.,Online Securities Pvt. Ltd.,1200,219.2,263040.0,2025-08-12 14:09:49.331429
2025-08-12,24007,2025081201012216,PRVU,Malla & Malla Stock Broking Company Pvt. Limited,Online Securities Pvt. Ltd.,100,219.1,21910.0,2025-08-12 14:09:49.331532
2025-08-12,24006,2025081201012217,PRVU,Sani Securities Company Ltd.,Online Securities Pvt. Ltd.,56,219.0,12264.0,2025-08-12 14:09:49.331640
2025-08-12,24005,2025081201012218,PRVU,Imperial Securities Company Pvt. Ltd.,Online Securities Pvt. Ltd.,409,219.0,89571.0,2025-08-12 14:09:49.331743
2025-08-12,24004,2025081201012219,PRVU,Kohinoor Investment & Securities Pvt. Ltd.,Online Securities Pvt. Ltd.,27,219.0,5913.0,2025-08-12 14:09:49.331850
2025-08-12,24003,2025081201012220,PRVU,Online Securities Pvt. Ltd.,Online Securities Pvt. Ltd.,300,219.0,65700.0,2025-08-12 14:09:49.331947
2025-08-12,24002,2025081201012221,PRVU,Online Securities Pvt. Ltd.,Online Securities Pvt. Ltd.,2000,219.0,438000.0,2025-08-12 14:09:49.332050
2025-08-12,24001,2025081201012222,PRVU,ABC Securities Private Limited,Online Securities Pvt. Ltd.,1000,219.0,219000.0,2025-08-12 14:09:49.332142
2025-08-12,24000,2025081201012223,PRVU,Dipshikha Dhitopatra Karobar Co. Pvt Ltd.,Online Securities Pvt. Ltd.,65,219.0,14235.0,2025-08-12 14:09:49.332236
2025-08-12,23997,2025081201012224,PRVU,Sweta Securities Private Limited,Nepal Investment And Securities Trading Private Limited,10,220.0,2200.0,2025-08-12 14:09:50.115142
2025-08-12,23535,2025081201012304,PRVU,Dipshikha Dhitopatra Karobar Co. Pvt Ltd.,Nepal Investment And Securities Trading Private Limited,435,219.0,95265.0,2025-08-12 14:11:13.616127
2025-08-12,23534,2025081201012305,PRVU,Secured Securities Ltd.,Nepal Investment And Securities Trading Private Limited,200,219.0,43800.0,2025-08-12 14:11:13.616364
2025-08-12,23527,2025081201012307,PRVU,Vision Securities Pvt. Ltd,Nepal Investment And Securities Trading Private Limited,30,219.0,6570.0,2025-08-12 14:11:17.017338
2025-08-12,23283,2025081201012329,PRVU,Linch Stock Market Ltd.,Nepal Investment And Securities Trading Private Limited,176,219.0,38544.0,2025-08-12 14:11:44.275581
2025-08-12,23175,2025081201012349,PRVU,Trishakti Securities Public Limited,Nepal Investment And Securities Trading Private Limited,790,219.0,173010.0,2025-08-12 14:12:07.251958
2025-08-12,23120,2025081201012359,PRVU,Trishakti Securities Public Limited,Online Securities Pvt. Ltd.,1000,219.0,219000.0,2025-08-12 14:12:25.081487
2025-08-12,22724,2025081201012439,PRVU,Trishakti Securities Public Limited,Nepal Investment And Securities Trading Private Limited,110,219.0,24090.0,2025-08-12 14:13:59.609664
2025-08-12,22723,2025081201012440,PRVU,Naasa Securities Co. Ltd.,Nepal Investment And Securities Trading Private Limited,161,218.9,35242.9,2025-08-12 14:13:59.610159
2025-08-12,22722,2025081201012441,PRVU,Capital Max Securities Ltd,Nepal Investment And Securities Trading Private Limited,200,218.9,43780.0,2025-08-12 14:13:59.610487
2025-08-12,22721,2025081201012442,PRVU,Primo Securities (PVT) Ltd.,Nepal Investment And Securities Trading Private Limited,250,218.8,54700.0,2025-08-12 14:13:59.610883
2025-08-12,22720,2025081201012443,PRVU,Siprabi Securities Pvt. Ltd.,Nepal Investment And Securities Trading Private Limited,18,218.7,3936.6,2025-08-12 14:13:59.611201
2025-08-12,22663,2025081201012456,PRVU,Machhapuchchhre Securities Limited,Opal Securities Investment (PVT) Ltd.,10,220.0,2200.0,2025-08-12 14:14:16.284284
2025-08-12,22347,2025081201012547,PRVU,Siprabi Securities Pvt. Ltd.,Kohinoor Investment & Securities Pvt. Ltd.,32,218.7,6998.4,2025-08-12 14:15:20.985651
2025-08-12,22346,2025081201012548,PRVU,Property Wiard Limited,Kohinoor Investment & Securities Pvt. Ltd.,25,218.6,5465.0,2025-08-12 14:15:20.985724
2025-08-12,22345,2025081201012549,PRVU,ABC Securities Private Limited,Kohinoor Investment & Securities Pvt. Ltd.,86,218.6,18799.6,2025-08-12 14:15:20.985746
2025-08-12,21995,2025081201012671,PRVU,Kumari Securities Private Limited,Ashutosh Brokerage & Securities (PVT) Ltd.,42,218.7,9185.4,2025-08-12 14:16:13.021267
2025-08-12,21775,2025081201012707,PRVU,Primo Securities (PVT) Ltd.,Opal Securities Investment (PVT) Ltd.,25,220.0,5500.0,2025-08-12 14:17:02.927399
2025-08-12,21774,2025081201012708,PRVU,Primo Securities (PVT) Ltd.,Bhrikuti Stock Broking Co. Pvt. Ltd.,200,220.0,44000.0,2025-08-12 14:17:02.927866
2025-08-12,21773,2025081201012709,PRVU,Primo Securities (PVT) Ltd.,Vision Securities Pvt. Ltd,1000,220.0,220000.0,2025-08-12 14:17:02.928286
2025-08-12,21772,2025081201012710,PRVU,Primo Securities (PVT) Ltd.,Dakshinkali Investment & Securities Pvt. Ltd.,130,220.0,28600.0,2025-08-12 14:17:02.928697
2025-08-12,21771,2025081201012711,PRVU,Primo Securities (PVT) Ltd.,Naasa Securities Co. Ltd.,1000,220.0,220000.0,2025-08-12 14:17:02.928920
2025-08-12,21770,2025081201012712,PRVU,Primo Securities (PVT) Ltd.,Kalika Securities Pvt. Ltd.,645,220.0,141900.0,2025-08-12 14:17:02.929032
2025-08-12,21719,2025081201012726,PRVU,Premier Securities Company Ltd.,Online Securities Pvt. Ltd.,250,219.0,54750.0,2025-08-12 14:17:09.651561
2025-08-12,21649,2025081201012739,PRVU,Asian Securities Private Ltd.,Online Securities Pvt. Ltd.,10,219.0,2190.0,2025-08-12 14:17:20.630487
2025-08-12,21481,2025081201012766,PRVU,Kumari Securities Private Limited,Online Securities Pvt. Ltd.,200,219.0,43800.0,2025-08-12 14:18:04.865795
2025-08-12,21478,2025081201012768,PRVU,Kumari Securities Private Limited,Naasa Securities Co. Ltd.,100,218.7,21870.0,2025-08-12 14:18:06.650758
2025-08-12,21467,2025081201012770,PRVU,Sundhara Securities Limited,Online Securities Pvt. Ltd.,100,219.0,21900.0,2025-08-12 14:18:09.539385
2025-08-12,21413,2025081201012785,PRVU,Online Securities Pvt. Ltd.,N.M.B. SECURITIES LIMITED,50,218.8,10940.0,2025-08-12 14:18:22.126310
2025-08-12,21412,2025081201012786,PRVU,Kumari Securities Private Limited,N.M.B. SECURITIES LIMITED,157,218.7,34335.9,2025-08-12 14:18:22.126783
2025-08-12,21411,2025081201012787,PRVU,Shree Krishna Securities Ltd.,N.M.B. SECURITIES LIMITED,50,218.7,10935.0,2025-08-12 14:18:22.127146
2025-08-12,21410,2025081201012788,PRVU,Capital Max Securities Ltd,N.M.B. SECURITIES LIMITED,250,218.7,54675.0,2025-08-12 14:18:22.127453
2025-08-12,21409,2025081201012789,PRVU,ABC Securities Private Limited,N.M.B. SECURITIES LIMITED,114,218.6,24920.4,2025-08-12 14:18:22.127748
2025-08-12,21408,2025081201012790,PRVU,Kohinoor Investment & Securities Pvt. Ltd.,N.M.B. SECURITIES LIMITED,200,218.6,43720.0,2025-08-12 14:18:22.128063
2025-08-12,21407,2025081201012791,PRVU,Kalika Securities Pvt. Ltd.,N.M.B. SECURITIES LIMITED,20,218.6,4372.0,2025-08-12 14:18:22.128398
2025-08-12,21406,2025081201012792,PRVU,Midas Stock Broking Company Private Limited,N.M.B. SECURITIES LIMITED,100,218.6,21860.0,2025-08-12 14:18:22.128663
2025-08-12,21405,2025081201012793,PRVU,Opal Securities Investment (PVT) Ltd.,N.M.B. SECURITIES LIMITED,30,218.5,6555.0,2025-08-12 14:18:22.128772
2025-08-12,21404,2025081201012794,PRVU,Vision Securities Pvt. Ltd,N.M.B. SECURITIES LIMITED,50,218.5,10925.0,2025-08-12 14:18:22.128875
2025-08-12,21403,2025081201012795,PRVU,Primo Securities (PVT) Ltd.,N.M.B. SECURITIES LIMITED,979,218.5,213911.5,2025-08-12 14:18:22.128984
2025-08-12,21281,2025081201012813,PRVU,Primo Securities (PVT) Ltd.,Vision Securities Pvt. Ltd,1000,218.5,218500.0,2025-08-12 14:18:46.861771
2025-08-12,21055,2025081201012859,PRVU,Nepal Investment And Securities Trading Private Limited,Sani Securities Company Ltd.,500,218.7,109350.0,2025-08-12 14:19:32.485278
2025-08-12,21054,2025081201012860,PRVU,Primo Securities (PVT) Ltd.,Sani Securities Company Ltd.,21,218.5,4588.5,2025-08-12 14:19:32.485341
2025-08-12,21053,2025081201012861,PRVU,Creative Securities Pvt Ltd,Sani Securities Company Ltd.,200,218.5,43700.0,2025-08-12 14:19:32.485369
2025-08-12,21052,2025081201012862,PRVU,Kumari Securities Private Limited,Sani Securities Company Ltd.,100,218.5,21850.0,2025-08-12 14:19:32.485394
2025-08-12,21051,2025081201012863,PRVU,Dipshikha Dhitopatra Karobar Co. Pvt Ltd.,Sani Securities Company Ltd.,50,218.5,10925.0,2025-08-12 14:19:32.485417
2025-08-12,21050,2025081201012864,PRVU,Online Securities Pvt. Ltd.,Sani Securities Company Ltd.,129,218.4,28173.6,2025-08-12 14:19:32.485444
2025-08-12,19855,2025081201013034,PRVU,Secured Securities Ltd.,Online Securities Pvt. Ltd.,45,219.0,9855.0,2025-08-12 14:23:12.833866
2025-08-12,19812,2025081201013041,PRVU,Naasa Securities Co. Ltd.,Online Securities Pvt. Ltd.,250,219.0,54750.0,2025-08-12 14:23:19.552219
2025-08-12,19744,2025081201013048,PRVU,K.B.L. Securities Limited ,Online Securities Pvt. Ltd.,200,219.0,43800.0,2025-08-12 14:23:27.600305
2025-08-12,19724,2025081201013051,PRVU,Sewa Securities Pvt. Ltd.,Online Securities Pvt. Ltd.,200,219.0,43800.0,2025-08-12 14:23:31.077774
2025-08-12,19607,2025081201013072,PRVU,Shree Krishna Securities Ltd.,Vision Securities Pvt. Ltd,100,218.7,21870.0,2025-08-12 14:23:43.702314
2025-08-12,19606,2025081201013073,PRVU,Opal Securities Investment (PVT) Ltd.,Vision Securities Pvt. Ltd,900,218.6,196740.0,2025-08-12 14:23:43.702616
2025-08-12,19059,2025081201013186,PRVU,Sewa Securities Pvt. Ltd.,Online Securities Pvt. Ltd.,200,219.0,43800.0,2025-08-12 14:25:14.585288
2025-08-12,19041,2025081201013189,PRVU,Opal Securities Investment (PVT) Ltd.,Oxford Securities Pvt. Ltd.,100,218.6,21860.0,2025-08-12 14:25:19.587121
2025-08-12,19040,2025081201013190,PRVU,Sani Securities Company Ltd.,Oxford Securities Pvt. Ltd.,44,218.6,9618.4,2025-08-12 14:25:19.587390
2025-08-12,18964,2025081201013207,PRVU,Capital Max Securities Ltd,Oxford Securities Pvt. Ltd.,397,218.5,86744.5,2025-08-12 14:25:33.691325
2025-08-12,18779,2025081201013230,PRVU,Cristal Kanchanjanga Securites Pvt. Ltd.,Online Securities Pvt. Ltd.,2545,219.0,557355.0,2025-08-12 14:26:03.441906
2025-08-12,18694,2025081201013247,PRVU,Cristal Kanchanjanga Securites Pvt. Ltd.,SUN SECURITIES PVT LTD,2000,219.0,438000.0,2025-08-12 14:26:19.383629
2025-08-12,18638,2025081201013259,PRVU,Sewa Securities Pvt. Ltd.,Kalika Securities Pvt. Ltd.,11,220.0,2420.0,2025-08-12 14:26:33.060957
2025-08-12,17767,2025081201013455,PRVU,Oxford Securities Pvt. Ltd.,Ashutosh Brokerage & Securities (PVT) Ltd.,200,219.1,43820.0,2025-08-12 14:29:41.724720
2025-08-12,17668,2025081201013476,PRVU,Cristal Kanchanjanga Securites Pvt. Ltd.,Ashutosh Brokerage & Securities (PVT) Ltd.,150,219.0,32850.0,2025-08-12 14:30:05.944514
2025-08-12,17535,2025081201013507,PRVU,Machhapuchchhre Securities Limited,Kalika Securities Pvt. Ltd.,10,220.0,2200.0,2025-08-12 14:30:37.872595
2025-08-12,17521,2025081201013513,PRVU,South Asian Bulls Pvt. Ltd.,Kalika Securities Pvt. Ltd.,100,220.0,22000.0,2025-08-12 14:30:41.114080
2025-08-12,17136,2025081201013621,PRVU,ABC Securities Private Limited,Nepal Stock House (PVT) Ltd.,11,219.1,2410.1,2025-08-12 14:32:13.252391
2025-08-12,17016,2025081201013650,PRVU,Naasa Securities Co. Ltd.,Kalika Securities Pvt. Ltd.,25,220.0,5500.0,2025-08-12 14:32:47.071614
2025-08-12,16991,2025081201013657,PRVU,ABC Securities Private Limited,Vision Securities Pvt. Ltd,10,219.1,2191.0,2025-08-12 14:32:52.981681
2025-08-12,16715,2025081201013722,PRVU,ABC Securities Private Limited,Vision Securities Pvt. Ltd,500,219.2,109600.0,2025-08-12 14:33:55.498055
2025-08-12,16618,2025081201013738,PRVU,Creative Securities Pvt Ltd,MILKY WAY SHARE BROKER COMPANY LTD ,500,219.2,109600.0,2025-08-12 14:34:17.363549
2025-08-12,16400,2025081201013780,PRVU,Creative Securities Pvt Ltd,Opal Securities Investment (PVT) Ltd.,35,219.5,7682.5,2025-08-12 14:34:59.782561
2025-08-12,16194,2025081201013819,PRVU,Vision Securities Pvt. Ltd,Kalika Securities Pvt. Ltd.,10,220.0,2200.0,2025-08-12 14:35:31.368003
2025-08-12,16147,2025081201013829,PRVU,Sani Securities Company Ltd.,Kalika Securities Pvt. Ltd.,199,220.0,43780.0,2025-08-12 14:35:44.097107
2025-08-12,16146,2025081201013830,PRVU,Sani Securities Company Ltd.,Sundhara Securities Limited,29,220.0,6380.0,2025-08-12 14:35:44.097684
2025-08-12,16110,2025081201013836,PRVU,Imperial Securities Company Pvt. Ltd.,Sundhara Securities Limited,18,220.0,3960.0,2025-08-12 14:35:51.334408
2025-08-12,16109,2025081201013837,PRVU,Imperial Securities Company Pvt. Ltd.,BHOLE GANESH SECURITIES LTD,2,220.0,440.0,2025-08-12 14:35:51.334537
2025-08-12,15827,2025081201013878,PRVU,Vision Securities Pvt. Ltd,Midas Stock Broking Company Private Limited,30,220.0,6600.0,2025-08-12 14:36:29.955319
2025-08-12,15613,2025081201013913,PRVU,Midas Stock Broking Company Private Limited,Midas Stock Broking Company Private Limited,170,220.0,37400.0,2025-08-12 14:37:15.545524
2025-08-12,15612,2025081201013914,PRVU,Midas Stock Broking Company Private Limited,Malla & Malla Stock Broking Company Pvt. Limited,74,220.0,16280.0,2025-08-12 14:37:15.545821
2025-08-12,15611,2025081201013915,PRVU,Midas Stock Broking Company Private Limited,Opal Securities Investment (PVT) Ltd.,60,220.0,13200.0,2025-08-12 14:37:15.545959
2025-08-12,15610,2025081201013916,PRVU,Midas Stock Broking Company Private Limited,Naasa Securities Co. Ltd.,10,220.0,2200.0,2025-08-12 14:37:15.546095
2025-08-12,15555,2025081201013923,PRVU,Midas Stock Broking Company Private Limited,Naasa Securities Co. Ltd.,100,220.0,22000.0,2025-08-12 14:37:20.981236
