Date,S.N.,Contract ID,Symbol,Buyer Broker,Seller Broker,volume,rate,amount,transaction_time
2025-08-12,78202,2025081205000008,SAHAS,Sri Hari Securities Pvt. Ltd.,Siprabi Securities Pvt. Ltd.,10,667.9,6679.0,2025-08-12 10:46:00.032999
2025-08-12,77919,2025081205000190,SAHAS,ABC Securities Private Limited,Nepal Investment And Securities Trading Private Limited,20,681.0,13620.0,2025-08-12 11:01:17.845006
2025-08-12,77872,2025081205000224,SAHAS,Sani Securities Company Ltd.,Deevyaa Securities & Stock House Pvt. Ltd,10,680.3,6803.0,2025-08-12 11:01:28.229775
2025-08-12,77788,2025081205000279,SAHAS,Sundhara Securities Limited,Bhrikuti Stock Broking Co. Pvt. Ltd.,200,681.0,136200.0,2025-08-12 11:01:53.776520
2025-08-12,77787,2025081205000280,SAHAS,Sani Securities Company Ltd.,Bhrikuti Stock Broking Co. Pvt. Ltd.,40,680.3,27212.0,2025-08-12 11:01:53.776630
2025-08-12,77786,2025081205000281,SAHAS,Sani Securities Company Ltd.,Bhrikuti Stock Broking Co. Pvt. Ltd.,50,680.3,34015.0,2025-08-12 11:01:53.776670
2025-08-12,77785,2025081205000282,SAHAS,Nepal Investment And Securities Trading Private Limited,Bhrikuti Stock Broking Co. Pvt. Ltd.,10,680.2,6802.0,2025-08-12 11:01:53.776704
2025-08-12,77512,2025081205000453,SAHAS,Sundhara Securities Limited,Sani Securities Company Ltd.,50,680.3,34015.0,2025-08-12 11:02:56.664233
2025-08-12,77511,2025081205000454,SAHAS,Nepal Investment And Securities Trading Private Limited,Sani Securities Company Ltd.,190,680.2,129238.0,2025-08-12 11:02:56.664359
2025-08-12,77510,2025081205000455,SAHAS,Linch Stock Market Ltd.,Sani Securities Company Ltd.,100,680.2,68020.0,2025-08-12 11:02:56.664417
2025-08-12,77509,2025081205000456,SAHAS,Dipshikha Dhitopatra Karobar Co. Pvt Ltd.,Sani Securities Company Ltd.,500,678.1,339050.0,2025-08-12 11:02:56.664700
2025-08-12,77508,2025081205000457,SAHAS,Trishakti Securities Public Limited,Sani Securities Company Ltd.,100,678.0,67800.0,2025-08-12 11:02:56.664859
2025-08-12,77507,2025081205000458,SAHAS,Online Securities Pvt. Ltd.,Sani Securities Company Ltd.,60,678.0,40680.0,2025-08-12 11:02:56.665053
2025-08-12,77347,2025081205000536,SAHAS,Naasa Securities Co. Ltd.,Naasa Securities Co. Ltd.,10,680.0,6800.0,2025-08-12 11:03:41.009887
2025-08-12,77327,2025081205000545,SAHAS,Secured Securities Ltd.,Prabhu Stock Market Limited,10,686.0,6860.0,2025-08-12 11:03:42.919421
2025-08-12,77296,2025081205000561,SAHAS,ABC Securities Private Limited,ABC Securities Private Limited,10,679.0,6790.0,2025-08-12 11:03:48.181089
2025-08-12,77247,2025081205000588,SAHAS,ABC Securities Private Limited,Naasa Securities Co. Ltd.,40,679.0,27160.0,2025-08-12 11:03:59.293829
2025-08-12,77246,2025081205000589,SAHAS,Online Securities Pvt. Ltd.,Naasa Securities Co. Ltd.,17,679.0,11543.0,2025-08-12 11:03:59.293987
2025-08-12,77245,2025081205000590,SAHAS,Online Securities Pvt. Ltd.,Naasa Securities Co. Ltd.,58,678.0,39324.0,2025-08-12 11:03:59.294056
2025-08-12,77147,2025081205000648,SAHAS,Vision Securities Pvt. Ltd,Aryatara Investment & Securities,10,680.0,6800.0,2025-08-12 11:04:21.589997
2025-08-12,77063,2025081205000688,SAHAS,Vision Securities Pvt. Ltd,Imperial Securities Company Pvt. Ltd.,20,680.0,13600.0,2025-08-12 11:04:40.130973
2025-08-12,76971,2025081205000739,SAHAS,Dipshikha Dhitopatra Karobar Co. Pvt Ltd.,Sumeru Securities Pvt. Ltd.,10,680.0,6800.0,2025-08-12 11:05:02.053257
2025-08-12,76408,2025081205000949,SAHAS,Miyo Securities Pvt Ltd,Kohinoor Investment & Securities Pvt. Ltd.,50,680.0,34000.0,2025-08-12 11:07:23.815275
2025-08-12,76407,2025081205000950,SAHAS,Sri Hari Securities Pvt. Ltd.,Kohinoor Investment & Securities Pvt. Ltd.,450,680.0,306000.0,2025-08-12 11:07:23.815596
2025-08-12,76371,2025081205000959,SAHAS,Sri Hari Securities Pvt. Ltd.,Oxford Securities Pvt. Ltd.,10,680.0,6800.0,2025-08-12 11:07:30.152146
2025-08-12,76187,2025081205001011,SAHAS,Sri Hari Securities Pvt. Ltd.,Nepal Investment And Securities Trading Private Limited,10,680.0,6800.0,2025-08-12 11:08:09.177385
2025-08-12,76174,2025081205001015,SAHAS,Sri Hari Securities Pvt. Ltd.,Stoxkarts Securities Limited,10,680.0,6800.0,2025-08-12 11:08:14.001383
2025-08-12,76153,2025081205001024,SAHAS,Sri Hari Securities Pvt. Ltd.,Indira securities pvt. ltd,20,680.0,13600.0,2025-08-12 11:08:16.564054
2025-08-12,76074,2025081205001054,SAHAS,Naasa Securities Co. Ltd.,Indira securities pvt. ltd,10,680.0,6800.0,2025-08-12 11:08:40.107906
2025-08-12,75951,2025081205001132,SAHAS,Naasa Securities Co. Ltd.,Kumari Securities Private Limited,10,681.0,6810.0,2025-08-12 11:09:00.441111
2025-08-12,75948,2025081205001134,SAHAS,Sewa Securities Pvt. Ltd.,Malla & Malla Stock Broking Company Pvt. Limited,180,680.0,122400.0,2025-08-12 11:09:01.105938
2025-08-12,75877,2025081205001158,SAHAS,Sewa Securities Pvt. Ltd.,Aryatara Investment & Securities,50,680.0,34000.0,2025-08-12 11:09:21.009411
2025-08-12,75803,2025081205001184,SAHAS,Sewa Securities Pvt. Ltd.,Asian Securities Private Ltd.,270,680.0,183600.0,2025-08-12 11:09:31.368354
2025-08-12,75773,2025081205001204,SAHAS,Aryatara Investment & Securities,Asian Securities Private Ltd.,230,680.0,156400.0,2025-08-12 11:09:37.218529
2025-08-12,75717,2025081205001217,SAHAS,Aryatara Investment & Securities,Linch Stock Market Ltd.,10,680.1,6801.0,2025-08-12 11:09:47.127810
2025-08-12,75644,2025081205001242,SAHAS,Sri Hari Securities Pvt. Ltd.,Sweta Securities Private Limited,1000,680.8,680800.0,2025-08-12 11:10:02.959173
2025-08-12,75643,2025081205001243,SAHAS,Sri Hari Securities Pvt. Ltd.,Kumari Securities Private Limited,290,681.0,197490.0,2025-08-12 11:10:02.959363
2025-08-12,75642,2025081205001244,SAHAS,Sri Hari Securities Pvt. Ltd.,Sumeru Securities Pvt. Ltd.,710,681.0,483510.0,2025-08-12 11:10:02.959445
2025-08-12,75630,2025081205001249,SAHAS,Trisul Securities & Invt. Ltd.,Imperial Securities Company Pvt. Ltd.,6,677.0,4062.0,2025-08-12 11:10:08.328911
2025-08-12,75601,2025081205001258,SAHAS,Kumari Securities Private Limited,Premier Securities Company Ltd.,10,680.2,6802.0,2025-08-12 11:10:13.876977
2025-08-12,75571,2025081205001268,SAHAS,Opal Securities Investment (PVT) Ltd.,Sumeru Securities Pvt. Ltd.,200,681.0,136200.0,2025-08-12 11:10:23.505873
2025-08-12,75533,2025081205001290,SAHAS,Kumari Securities Private Limited,Investment Management Nepal Pvt. Ltd.,750,680.2,510150.0,2025-08-12 11:10:30.906651
2025-08-12,75530,2025081205001291,SAHAS,Kumari Securities Private Limited,Dipshikha Dhitopatra Karobar Co. Pvt Ltd.,30,680.2,20406.0,2025-08-12 11:10:32.201732
2025-08-12,75508,2025081205001298,SAHAS,Naasa Securities Co. Ltd.,Sumeru Securities Pvt. Ltd.,10,681.0,6810.0,2025-08-12 11:10:36.325058
2025-08-12,75502,2025081205001301,SAHAS,Kumari Securities Private Limited,Nepal Stock House (PVT) Ltd.,210,680.2,142842.0,2025-08-12 11:10:38.376640
2025-08-12,75458,2025081205001323,SAHAS,Naasa Securities Co. Ltd.,Nepal Stock House (PVT) Ltd.,10,680.2,6802.0,2025-08-12 11:10:50.208717
2025-08-12,75399,2025081205001349,SAHAS,Opal Securities Investment (PVT) Ltd.,Nepal Stock House (PVT) Ltd.,80,680.2,54416.0,2025-08-12 11:11:02.680795
2025-08-12,75398,2025081205001350,SAHAS,Opal Securities Investment (PVT) Ltd.,Primo Securities (PVT) Ltd.,10,680.2,6802.0,2025-08-12 11:11:02.681189
2025-08-12,75281,2025081205001392,SAHAS,Cristal Kanchanjanga Securites Pvt. Ltd.,Sumeru Securities Pvt. Ltd.,80,681.0,54480.0,2025-08-12 11:11:32.697847
2025-08-12,75280,2025081205001393,SAHAS,Cristal Kanchanjanga Securites Pvt. Ltd.,Arun Securities (PVT) Ltd.,20,681.0,13620.0,2025-08-12 11:11:32.698053
2025-08-12,75170,2025081205001429,SAHAS,Opal Securities Investment (PVT) Ltd.,Dipshikha Dhitopatra Karobar Co. Pvt Ltd.,45,680.2,30609.0,2025-08-12 11:11:54.039128
2025-08-12,75129,2025081205001442,SAHAS,Naasa Securities Co. Ltd.,Trisul Securities & Invt. Ltd.,10,681.0,6810.0,2025-08-12 11:12:02.911793
2025-08-12,75012,2025081205001491,SAHAS,Opal Securities Investment (PVT) Ltd.,Naasa Securities Co. Ltd.,10,680.2,6802.0,2025-08-12 11:12:33.013739
2025-08-12,74874,2025081205001533,SAHAS,Naasa Securities Co. Ltd.,Online Securities Pvt. Ltd.,10,682.0,6820.0,2025-08-12 11:13:02.675031
2025-08-12,74867,2025081205001535,SAHAS,Opal Securities Investment (PVT) Ltd.,Vision Securities Pvt. Ltd,45,680.2,30609.0,2025-08-12 11:13:05.443308
2025-08-12,74866,2025081205001536,SAHAS,Sewa Securities Pvt. Ltd.,Vision Securities Pvt. Ltd,60,680.2,40812.0,2025-08-12 11:13:05.443541
2025-08-12,74865,2025081205001537,SAHAS,Sri Hari Securities Pvt. Ltd.,Vision Securities Pvt. Ltd,406,680.2,276161.2,2025-08-12 11:13:05.443637
2025-08-12,74846,2025081205001540,SAHAS,Sri Hari Securities Pvt. Ltd.,Opal Securities Investment (PVT) Ltd.,94,680.2,63938.8,2025-08-12 11:13:09.315668
2025-08-12,74803,2025081205001565,SAHAS,Primo Securities (PVT) Ltd.,Investment Management Nepal Pvt. Ltd.,100,680.2,68020.0,2025-08-12 11:13:21.261920
2025-08-12,74725,2025081205001584,SAHAS,Vision Securities Pvt. Ltd,Online Securities Pvt. Ltd.,10,682.0,6820.0,2025-08-12 11:13:39.627619
2025-08-12,74560,2025081205001630,SAHAS,Aryatara Investment & Securities,BHOLE GANESH SECURITIES LTD,100,680.3,68030.0,2025-08-12 11:14:21.307079
2025-08-12,74471,2025081205001661,SAHAS,Bhrikuti Stock Broking Co. Pvt. Ltd.,Agrawal Securities (PVT) Ltd.,10,681.0,6810.0,2025-08-12 11:14:49.440035
2025-08-12,74470,2025081205001662,SAHAS,Bhrikuti Stock Broking Co. Pvt. Ltd.,Agrawal Securities (PVT) Ltd.,30,681.0,20430.0,2025-08-12 11:14:49.440097
2025-08-12,74469,2025081205001663,SAHAS,Bhrikuti Stock Broking Co. Pvt. Ltd.,Sumeru Securities Pvt. Ltd.,460,682.0,313720.0,2025-08-12 11:14:49.440135
2025-08-12,74357,2025081205001691,SAHAS,Sri Hari Securities Pvt. Ltd.,Vision Securities Pvt. Ltd,1000,681.0,681000.0,2025-08-12 11:15:13.676824
2025-08-12,74220,2025081205001714,SAHAS,Bhrikuti Stock Broking Co. Pvt. Ltd.,Dakshinkali Investment & Securities Pvt. Ltd.,40,681.0,27240.0,2025-08-12 11:15:40.818984
2025-08-12,74219,2025081205001715,SAHAS,Bhrikuti Stock Broking Co. Pvt. Ltd.,Market Securities & Exchange (PVT) Ltd.,60,681.0,40860.0,2025-08-12 11:15:40.819059
2025-08-12,74149,2025081205001755,SAHAS,Online Securities Pvt. Ltd.,Market Securities & Exchange (PVT) Ltd.,31,681.0,21111.0,2025-08-12 11:15:55.548242
2025-08-12,74116,2025081205001760,SAHAS,Cristal Kanchanjanga Securites Pvt. Ltd.,Vision Securities Pvt. Ltd,40,681.0,27240.0,2025-08-12 11:16:04.949850
2025-08-12,74112,2025081205001764,SAHAS,Nepal Stock House (PVT) Ltd.,Capital Max Securities Ltd,555,680.5,377677.5,2025-08-12 11:16:07.637676
2025-08-12,74111,2025081205001765,SAHAS,Premier Securities Company Ltd.,Vision Securities Pvt. Ltd,500,681.0,340500.0,2025-08-12 11:16:07.788842
2025-08-12,74010,2025081205001794,SAHAS,Sri Hari Securities Pvt. Ltd.,Neev Securities Pvt. Ltd.,20,680.4,13608.0,2025-08-12 11:16:28.727438
2025-08-12,74003,2025081205001798,SAHAS,Sri Hari Securities Pvt. Ltd.,Nepal Stock House (PVT) Ltd.,10,680.4,6804.0,2025-08-12 11:16:29.536775
2025-08-12,73994,2025081205001799,SAHAS,Sri Hari Securities Pvt. Ltd.,Linch Stock Market Ltd.,470,680.4,319788.0,2025-08-12 11:16:31.066621
2025-08-12,73993,2025081205001800,SAHAS,Aryatara Investment & Securities,Linch Stock Market Ltd.,660,680.3,448998.0,2025-08-12 11:16:31.066845
2025-08-12,73992,2025081205001801,SAHAS,Sri Hari Securities Pvt. Ltd.,Linch Stock Market Ltd.,500,680.3,340150.0,2025-08-12 11:16:31.066945
2025-08-12,73991,2025081205001802,SAHAS,Primo Securities (PVT) Ltd.,Linch Stock Market Ltd.,200,680.2,136040.0,2025-08-12 11:16:31.067047
2025-08-12,73990,2025081205001803,SAHAS,Sri Hari Securities Pvt. Ltd.,Linch Stock Market Ltd.,170,680.2,115634.0,2025-08-12 11:16:31.067143
2025-08-12,73798,2025081205001869,SAHAS,Sri Hari Securities Pvt. Ltd.,Arun Securities (PVT) Ltd.,290,680.2,197258.0,2025-08-12 11:17:14.980533
2025-08-12,73784,2025081205001873,SAHAS,Sri Hari Securities Pvt. Ltd.,Capital Max Securities Ltd,40,680.2,27208.0,2025-08-12 11:17:18.887496
2025-08-12,73783,2025081205001874,SAHAS,Sri Hari Securities Pvt. Ltd.,Capital Max Securities Ltd,500,680.2,340100.0,2025-08-12 11:17:18.887752
2025-08-12,73782,2025081205001875,SAHAS,Sri Hari Securities Pvt. Ltd.,Capital Max Securities Ltd,500,680.2,340100.0,2025-08-12 11:17:18.887856
2025-08-12,73781,2025081205001876,SAHAS,Sri Hari Securities Pvt. Ltd.,Capital Max Securities Ltd,100,680.2,68020.0,2025-08-12 11:17:18.887957
2025-08-12,73701,2025081205001900,SAHAS,Siprabi Securities Pvt. Ltd.,ABC Securities Private Limited,55,680.0,37400.0,2025-08-12 11:17:32.121545
2025-08-12,73700,2025081205001901,SAHAS,Opal Securities Investment (PVT) Ltd.,ABC Securities Private Limited,205,680.0,139400.0,2025-08-12 11:17:32.121987
2025-08-12,73656,2025081205001915,SAHAS,Opal Securities Investment (PVT) Ltd.,ABC Securities Private Limited,10,680.0,6800.0,2025-08-12 11:17:42.231813
2025-08-12,73491,2025081205001968,SAHAS,Opal Securities Investment (PVT) Ltd.,Capital Max Securities Ltd,35,680.0,23800.0,2025-08-12 11:18:21.281303
2025-08-12,73490,2025081205001969,SAHAS,Dipshikha Dhitopatra Karobar Co. Pvt Ltd.,Capital Max Securities Ltd,278,679.2,188817.6,2025-08-12 11:18:21.281539
2025-08-12,73398,2025081205002006,SAHAS,Sri Hari Securities Pvt. Ltd.,Linch Stock Market Ltd.,50,680.0,34000.0,2025-08-12 11:18:38.528770
2025-08-12,73317,2025081205002023,SAHAS,Sri Hari Securities Pvt. Ltd.,Naasa Securities Co. Ltd.,50,680.0,34000.0,2025-08-12 11:18:56.565360
2025-08-12,73316,2025081205002024,SAHAS,Sani Securities Company Ltd.,Naasa Securities Co. Ltd.,50,680.0,34000.0,2025-08-12 11:18:56.565597
2025-08-12,73310,2025081205002027,SAHAS,Thrive Brokerage House Pvt. Ltd,Vision Securities Pvt. Ltd,350,680.1,238035.0,2025-08-12 11:18:58.315682
2025-08-12,73266,2025081205002049,SAHAS,Sani Securities Company Ltd.,Neev Securities Pvt. Ltd.,30,680.0,20400.0,2025-08-12 11:19:03.429774
2025-08-12,73257,2025081205002052,SAHAS,Sumeru Securities Pvt. Ltd.,Sani Securities Company Ltd.,4,667.0,2668.0,2025-08-12 11:19:07.279347
2025-08-12,73238,2025081205002058,SAHAS,Sani Securities Company Ltd.,Online Securities Pvt. Ltd.,98,680.0,66640.0,2025-08-12 11:19:10.480184
2025-08-12,73215,2025081205002065,SAHAS,Sani Securities Company Ltd.,Vision Securities Pvt. Ltd,322,680.0,218960.0,2025-08-12 11:19:15.617433
2025-08-12,73204,2025081205002069,SAHAS,Sri Hari Securities Pvt. Ltd.,Vision Securities Pvt. Ltd,138,680.0,93840.0,2025-08-12 11:19:17.814623
2025-08-12,73203,2025081205002070,SAHAS,Sri Hari Securities Pvt. Ltd.,Vision Securities Pvt. Ltd,362,680.1,246196.2,2025-08-12 11:19:17.814877
2025-08-12,73157,2025081205002095,SAHAS,Dipshikha Dhitopatra Karobar Co. Pvt Ltd.,Cristal Kanchanjanga Securites Pvt. Ltd.,172,679.2,116822.4,2025-08-12 11:19:23.041422
2025-08-12,73156,2025081205002096,SAHAS,Aryatara Investment & Securities,Cristal Kanchanjanga Securites Pvt. Ltd.,215,679.2,146028.0,2025-08-12 11:19:23.041683
2025-08-12,73084,2025081205002123,SAHAS,Kohinoor Investment & Securities Pvt. Ltd.,Sani Securities Company Ltd.,174,679.1,118163.4,2025-08-12 11:19:31.817639
2025-08-12,73017,2025081205002148,SAHAS,Sri Hari Securities Pvt. Ltd.,Cristal Kanchanjanga Securites Pvt. Ltd.,1000,679.2,679200.0,2025-08-12 11:19:44.155646
2025-08-12,72888,2025081205002208,SAHAS,Kohinoor Investment & Securities Pvt. Ltd.,Sani Securities Company Ltd.,100,679.1,67910.0,2025-08-12 11:20:06.217964
2025-08-12,72848,2025081205002227,SAHAS,Kohinoor Investment & Securities Pvt. Ltd.,Sani Securities Company Ltd.,500,679.1,339550.0,2025-08-12 11:20:13.331268
2025-08-12,72808,2025081205002250,SAHAS,Sri Hari Securities Pvt. Ltd.,Cristal Kanchanjanga Securites Pvt. Ltd.,73,679.2,49581.6,2025-08-12 11:20:18.690122
2025-08-12,72776,2025081205002266,SAHAS,Sri Hari Securities Pvt. Ltd.,Kumari Securities Private Limited,100,679.2,67920.0,2025-08-12 11:20:24.851141
2025-08-12,72746,2025081205002283,SAHAS,Sri Hari Securities Pvt. Ltd.,Vision Securities Pvt. Ltd,27,679.2,18338.4,2025-08-12 11:20:27.877763
2025-08-12,72745,2025081205002284,SAHAS,Kohinoor Investment & Securities Pvt. Ltd.,Vision Securities Pvt. Ltd,226,679.1,153476.6,2025-08-12 11:20:27.878263
2025-08-12,72731,2025081205002287,SAHAS,Nepal Investment And Securities Trading Private Limited,Vision Securities Pvt. Ltd,247,679.1,167737.7,2025-08-12 11:20:30.665548
2025-08-12,72730,2025081205002288,SAHAS,Nepal Investment And Securities Trading Private Limited,Aakashbhairab Securities Ltd.,153,680.0,104040.0,2025-08-12 11:20:30.665779
2025-08-12,72664,2025081205002317,SAHAS,Nepal Investment And Securities Trading Private Limited,Aakashbhairab Securities Ltd.,347,680.0,235960.0,2025-08-12 11:20:38.695539
2025-08-12,72585,2025081205002333,SAHAS,Nepal Investment And Securities Trading Private Limited,Miyo Securities Pvt Ltd,53,680.0,36040.0,2025-08-12 11:20:52.251528
2025-08-12,72584,2025081205002334,SAHAS,Kohinoor Investment & Securities Pvt. Ltd.,Miyo Securities Pvt Ltd,100,679.1,67910.0,2025-08-12 11:20:52.252048
2025-08-12,72583,2025081205002335,SAHAS,Sri Hari Securities Pvt. Ltd.,Miyo Securities Pvt Ltd,500,679.0,339500.0,2025-08-12 11:20:52.252409
2025-08-12,72582,2025081205002336,SAHAS,Sumeru Securities Pvt. Ltd.,Miyo Securities Pvt Ltd,10,679.0,6790.0,2025-08-12 11:20:52.252846
2025-08-12,72581,2025081205002337,SAHAS,Opal Securities Investment (PVT) Ltd.,Miyo Securities Pvt Ltd,230,678.4,156032.0,2025-08-12 11:20:52.253275
2025-08-12,72580,2025081205002338,SAHAS,Dipshikha Dhitopatra Karobar Co. Pvt Ltd.,Miyo Securities Pvt Ltd,500,678.3,339150.0,2025-08-12 11:20:52.253684
2025-08-12,72579,2025081205002339,SAHAS,Thrive Brokerage House Pvt. Ltd,Miyo Securities Pvt Ltd,500,678.2,339100.0,2025-08-12 11:20:52.254065
2025-08-12,72578,2025081205002340,SAHAS,Dipshikha Dhitopatra Karobar Co. Pvt Ltd.,Miyo Securities Pvt Ltd,307,678.1,208176.7,2025-08-12 11:20:52.254432
2025-08-12,72413,2025081205002409,SAHAS,Opal Securities Investment (PVT) Ltd.,Opal Securities Investment (PVT) Ltd.,6,677.9,4067.4,2025-08-12 11:21:18.806304
2025-08-12,72310,2025081205002441,SAHAS,Sri Hari Securities Pvt. Ltd.,ABC Securities Private Limited,10,679.2,6792.0,2025-08-12 11:21:39.085253
2025-08-12,72309,2025081205002442,SAHAS,Dipshikha Dhitopatra Karobar Co. Pvt Ltd.,ABC Securities Private Limited,142,678.1,96290.2,2025-08-12 11:21:39.085381
2025-08-12,72250,2025081205002456,SAHAS,Sani Securities Company Ltd.,Trishakti Securities Public Limited,15,679.5,10192.5,2025-08-12 11:21:49.570388
2025-08-12,72249,2025081205002457,SAHAS,Dipshikha Dhitopatra Karobar Co. Pvt Ltd.,ABC Securities Private Limited,10,678.1,6781.0,2025-08-12 11:21:50.183102
2025-08-12,72051,2025081205002523,SAHAS,Agrawal Securities (PVT) Ltd.,Naasa Securities Co. Ltd.,10,679.0,6790.0,2025-08-12 11:22:30.739474
2025-08-12,72050,2025081205002524,SAHAS,Agrawal Securities (PVT) Ltd.,Trishakti Securities Public Limited,285,679.2,193572.0,2025-08-12 11:22:30.739820
2025-08-12,72049,2025081205002525,SAHAS,Agrawal Securities (PVT) Ltd.,Vision Securities Pvt. Ltd,500,679.8,339900.0,2025-08-12 11:22:30.739978
2025-08-12,72048,2025081205002526,SAHAS,Agrawal Securities (PVT) Ltd.,Prabhu Stock Market Limited,490,679.9,333151.0,2025-08-12 11:22:30.740091
2025-08-12,71891,2025081205002601,SAHAS,Agrawal Securities (PVT) Ltd.,Cristal Kanchanjanga Securites Pvt. Ltd.,40,679.9,27196.0,2025-08-12 11:22:55.973151
2025-08-12,71890,2025081205002602,SAHAS,Agrawal Securities (PVT) Ltd.,Agrawal Securities (PVT) Ltd.,50,679.9,33995.0,2025-08-12 11:22:55.995132
2025-08-12,71888,2025081205002603,SAHAS,Agrawal Securities (PVT) Ltd.,Naasa Securities Co. Ltd.,216,679.9,146858.4,2025-08-12 11:22:56.421539
2025-08-12,71874,2025081205002605,SAHAS,Agrawal Securities (PVT) Ltd.,Vision Securities Pvt. Ltd,232,679.9,157736.8,2025-08-12 11:22:59.645346
2025-08-12,71769,2025081205002633,SAHAS,Agrawal Securities (PVT) Ltd.,Vision Securities Pvt. Ltd,288,679.9,195811.2,2025-08-12 11:23:15.876678
2025-08-12,71659,2025081205002654,SAHAS,Agrawal Securities (PVT) Ltd.,Online Securities Pvt. Ltd.,700,679.9,475930.0,2025-08-12 11:23:29.995570
2025-08-12,71473,2025081205002725,SAHAS,Agrawal Securities (PVT) Ltd.,Kohinoor Investment & Securities Pvt. Ltd.,1000,679.9,679900.0,2025-08-12 11:24:00.988434
2025-08-12,71470,2025081205002726,SAHAS,Agrawal Securities (PVT) Ltd.,Nagarik Stock Dealer ,189,679.9,128501.1,2025-08-12 11:24:01.871503
2025-08-12,71457,2025081205002737,SAHAS,Secured Securities Ltd.,Nagarik Stock Dealer ,250,679.0,169750.0,2025-08-12 11:24:03.749949
2025-08-12,71025,2025081205002864,SAHAS,Cristal Kanchanjanga Securites Pvt. Ltd.,Naasa Securities Co. Ltd.,40,679.0,27160.0,2025-08-12 11:25:12.591688
2025-08-12,70879,2025081205002908,SAHAS,Linch Stock Market Ltd.,Sani Securities Company Ltd.,25,679.0,16975.0,2025-08-12 11:25:35.326487
2025-08-12,70687,2025081205002957,SAHAS,ABC Securities Private Limited,Sani Securities Company Ltd.,300,679.0,203700.0,2025-08-12 11:26:01.716082
2025-08-12,70642,2025081205002965,SAHAS,Arun Securities (PVT) Ltd.,Nagarik Stock Dealer ,50,678.5,33925.0,2025-08-12 11:26:08.222232
2025-08-12,70566,2025081205002986,SAHAS,Dipshikha Dhitopatra Karobar Co. Pvt Ltd.,Aakashbhairab Securities Ltd.,41,678.1,27802.1,2025-08-12 11:26:20.953610
2025-08-12,70565,2025081205002987,SAHAS,Sri Hari Securities Pvt. Ltd.,Aakashbhairab Securities Ltd.,1000,678.1,678100.0,2025-08-12 11:26:20.954099
2025-08-12,70564,2025081205002988,SAHAS,Sri Hari Securities Pvt. Ltd.,Aakashbhairab Securities Ltd.,959,678.0,650202.0,2025-08-12 11:26:20.954468
2025-08-12,70482,2025081205003001,SAHAS,Sri Hari Securities Pvt. Ltd.,Trishakti Securities Public Limited,41,678.0,27798.0,2025-08-12 11:26:33.172116
2025-08-12,70359,2025081205003054,SAHAS,Naasa Securities Co. Ltd.,J.F. Securites (PVT) Ltd.,10,677.9,6779.0,2025-08-12 11:26:47.579580
2025-08-12,70309,2025081205003063,SAHAS,Naasa Securities Co. Ltd.,Imperial Securities Company Pvt. Ltd.,490,677.9,332171.0,2025-08-12 11:26:56.552626
2025-08-12,70255,2025081205003090,SAHAS,Dipshikha Dhitopatra Karobar Co. Pvt Ltd.,Aryatara Investment & Securities,10,676.1,6761.0,2025-08-12 11:27:04.591808
2025-08-12,69857,2025081205003244,SAHAS,Dipshikha Dhitopatra Karobar Co. Pvt Ltd.,Aakashbhairab Securities Ltd.,240,676.1,162264.0,2025-08-12 11:28:06.315097
2025-08-12,69793,2025081205003264,SAHAS,Dipshikha Dhitopatra Karobar Co. Pvt Ltd.,Vision Securities Pvt. Ltd,148,676.1,100062.8,2025-08-12 11:28:18.908697
2025-08-12,69767,2025081205003274,SAHAS,Primo Securities (PVT) Ltd.,Imperial Securities Company Pvt. Ltd.,10,676.2,6762.0,2025-08-12 11:28:23.913432
2025-08-12,69741,2025081205003279,SAHAS,Primo Securities (PVT) Ltd.,Dynamic Money Managers Securities Pvt. Ltd.,60,676.2,40572.0,2025-08-12 11:28:27.114243
2025-08-12,69608,2025081205003319,SAHAS,Primo Securities (PVT) Ltd.,Oxford Securities Pvt. Ltd.,230,676.2,155526.0,2025-08-12 11:28:46.808876
2025-08-12,69607,2025081205003320,SAHAS,Dipshikha Dhitopatra Karobar Co. Pvt Ltd.,Oxford Securities Pvt. Ltd.,70,676.1,47327.0,2025-08-12 11:28:46.809160
2025-08-12,69556,2025081205003336,SAHAS,Dipshikha Dhitopatra Karobar Co. Pvt Ltd.,Sani Securities Company Ltd.,32,676.1,21635.2,2025-08-12 11:28:53.512510
2025-08-12,69555,2025081205003337,SAHAS,Sri Hari Securities Pvt. Ltd.,Sani Securities Company Ltd.,68,676.1,45974.8,2025-08-12 11:28:53.512793
2025-08-12,69360,2025081205003393,SAHAS,Sri Hari Securities Pvt. Ltd.,Online Securities Pvt. Ltd.,595,676.1,402279.5,2025-08-12 11:29:22.153033
2025-08-12,69098,2025081205003493,SAHAS,Sweta Securities Private Limited,Imperial Securities Company Pvt. Ltd.,10,676.2,6762.0,2025-08-12 11:29:54.854410
2025-08-12,69097,2025081205003494,SAHAS,Sri Hari Securities Pvt. Ltd.,Imperial Securities Company Pvt. Ltd.,337,676.1,227845.7,2025-08-12 11:29:54.854690
2025-08-12,69096,2025081205003495,SAHAS,Primo Securities (PVT) Ltd.,Imperial Securities Company Pvt. Ltd.,153,676.1,103443.3,2025-08-12 11:29:54.854814
2025-08-12,69063,2025081205003510,SAHAS,Primo Securities (PVT) Ltd.,Dakshinkali Investment & Securities Pvt. Ltd.,20,676.1,13522.0,2025-08-12 11:29:59.963920
2025-08-12,68999,2025081205003550,SAHAS,Primo Securities (PVT) Ltd.,Agrawal Securities (PVT) Ltd.,127,676.1,85864.7,2025-08-12 11:30:08.237657
2025-08-12,68998,2025081205003551,SAHAS,Naasa Securities Co. Ltd.,Agrawal Securities (PVT) Ltd.,250,675.9,168975.0,2025-08-12 11:30:08.238191
2025-08-12,68997,2025081205003552,SAHAS,Nepal Stock House (PVT) Ltd.,Agrawal Securities (PVT) Ltd.,555,675.6,374958.0,2025-08-12 11:30:08.238564
2025-08-12,68996,2025081205003553,SAHAS,Sundhara Securities Limited,Agrawal Securities (PVT) Ltd.,30,675.5,20265.0,2025-08-12 11:30:08.238916
2025-08-12,68995,2025081205003554,SAHAS,Agrawal Securities (PVT) Ltd.,Agrawal Securities (PVT) Ltd.,30,675.4,20262.0,2025-08-12 11:30:08.239266
2025-08-12,68994,2025081205003555,SAHAS,Agrawal Securities (PVT) Ltd.,Agrawal Securities (PVT) Ltd.,40,675.3,27012.0,2025-08-12 11:30:08.239627
2025-08-12,68993,2025081205003556,SAHAS,Siprabi Securities Pvt. Ltd.,Agrawal Securities (PVT) Ltd.,968,675.2,653593.6,2025-08-12 11:30:08.239972
2025-08-12,68969,2025081205003561,SAHAS,Naasa Securities Co. Ltd.,South Asian Bulls Pvt. Ltd.,10,677.8,6778.0,2025-08-12 11:30:13.016332
2025-08-12,68751,2025081205003616,SAHAS,Naasa Securities Co. Ltd.,Dipshikha Dhitopatra Karobar Co. Pvt Ltd.,2,677.0,1354.0,2025-08-12 11:30:47.376421
2025-08-12,68746,2025081205003617,SAHAS,Secured Securities Ltd.,Sumeru Securities Pvt. Ltd.,10,677.0,6770.0,2025-08-12 11:30:48.917750
2025-08-12,68691,2025081205003636,SAHAS,Naasa Securities Co. Ltd.,Aryatara Investment & Securities,10,676.0,6760.0,2025-08-12 11:31:00.861277
2025-08-12,68571,2025081205003685,SAHAS,Siprabi Securities Pvt. Ltd.,Aryatara Investment & Securities,32,676.0,21632.0,2025-08-12 11:31:19.739037
2025-08-12,68405,2025081205003732,SAHAS,Cristal Kanchanjanga Securites Pvt. Ltd.,Sipla Securities Private Limited,10,675.2,6752.0,2025-08-12 11:31:45.175011
2025-08-12,68388,2025081205003742,SAHAS,Cristal Kanchanjanga Securites Pvt. Ltd.,South Asian Bulls Pvt. Ltd.,10,675.2,6752.0,2025-08-12 11:31:46.774588
2025-08-12,68228,2025081205003788,SAHAS,Cristal Kanchanjanga Securites Pvt. Ltd.,Trishakti Securities Public Limited,459,675.2,309916.8,2025-08-12 11:32:16.675199
2025-08-12,68112,2025081205003823,SAHAS,Cristal Kanchanjanga Securites Pvt. Ltd.,Agrawal Securities (PVT) Ltd.,21,675.2,14179.2,2025-08-12 11:32:37.835581
2025-08-12,68111,2025081205003824,SAHAS,Primo Securities (PVT) Ltd.,Agrawal Securities (PVT) Ltd.,140,675.2,94528.0,2025-08-12 11:32:37.835870
2025-08-12,68110,2025081205003825,SAHAS,Sri Hari Securities Pvt. Ltd.,Agrawal Securities (PVT) Ltd.,39,675.2,26332.8,2025-08-12 11:32:37.836002
2025-08-12,67777,2025081205003958,SAHAS,Dipshikha Dhitopatra Karobar Co. Pvt Ltd.,Online Securities Pvt. Ltd.,10,675.3,6753.0,2025-08-12 11:33:32.384736
2025-08-12,67679,2025081205003978,SAHAS,Dipshikha Dhitopatra Karobar Co. Pvt Ltd.,South Asian Bulls Pvt. Ltd.,190,675.3,128307.0,2025-08-12 11:33:43.656969
2025-08-12,67576,2025081205003998,SAHAS,Dipshikha Dhitopatra Karobar Co. Pvt Ltd.,Agrawal Securities (PVT) Ltd.,100,675.3,67530.0,2025-08-12 11:34:01.757442
2025-08-12,67461,2025081205004044,SAHAS,Nepal Investment And Securities Trading Private Limited,Aryatara Investment & Securities,58,676.0,39208.0,2025-08-12 11:34:21.070575
2025-08-12,67460,2025081205004045,SAHAS,Nepal Investment And Securities Trading Private Limited,Aryatara Investment & Securities,100,676.0,67600.0,2025-08-12 11:34:21.071139
2025-08-12,67459,2025081205004046,SAHAS,Nepal Investment And Securities Trading Private Limited,Kumari Securities Private Limited,52,676.0,35152.0,2025-08-12 11:34:21.071529
2025-08-12,67418,2025081205004056,SAHAS,Dipshikha Dhitopatra Karobar Co. Pvt Ltd.,Vision Securities Pvt. Ltd,200,675.3,135060.0,2025-08-12 11:34:27.856787
2025-08-12,67417,2025081205004057,SAHAS,Sri Hari Securities Pvt. Ltd.,Vision Securities Pvt. Ltd,961,675.2,648867.2,2025-08-12 11:34:27.857380
2025-08-12,67416,2025081205004058,SAHAS,Cristal Kanchanjanga Securites Pvt. Ltd.,Vision Securities Pvt. Ltd,500,675.2,337600.0,2025-08-12 11:34:27.857770
2025-08-12,67415,2025081205004059,SAHAS,Nepal Investment And Securities Trading Private Limited,Vision Securities Pvt. Ltd,200,675.1,135020.0,2025-08-12 11:34:27.858172
2025-08-12,67414,2025081205004060,SAHAS,Pragyan Securities (PVT) Ltd.,Vision Securities Pvt. Ltd,139,675.1,93838.9,2025-08-12 11:34:27.858555
2025-08-12,67334,2025081205004076,SAHAS,Deevyaa Securities & Stock House Pvt. Ltd,Kumari Securities Private Limited,48,676.0,32448.0,2025-08-12 11:34:47.585915
2025-08-12,67165,2025081205004118,SAHAS,Naasa Securities Co. Ltd.,Sani Securities Company Ltd.,500,675.1,337550.0,2025-08-12 11:35:11.293410
2025-08-12,67164,2025081205004119,SAHAS,Aakashbhairab Securities Ltd.,Sani Securities Company Ltd.,1000,675.0,675000.0,2025-08-12 11:35:11.293723
2025-08-12,67163,2025081205004120,SAHAS,Kohinoor Investment & Securities Pvt. Ltd.,Sani Securities Company Ltd.,600,675.0,405000.0,2025-08-12 11:35:11.293852
2025-08-12,67162,2025081205004121,SAHAS,Kumari Securities Private Limited,Sani Securities Company Ltd.,500,675.0,337500.0,2025-08-12 11:35:11.293987
2025-08-12,67161,2025081205004122,SAHAS,Nepal Investment And Securities Trading Private Limited,Sani Securities Company Ltd.,100,675.0,67500.0,2025-08-12 11:35:11.294166
2025-08-12,67160,2025081205004123,SAHAS,Sundhara Securities Limited,Sani Securities Company Ltd.,20,675.0,13500.0,2025-08-12 11:35:11.294330
2025-08-12,67159,2025081205004124,SAHAS,Sundhara Securities Limited,Sani Securities Company Ltd.,600,675.0,405000.0,2025-08-12 11:35:11.294467
2025-08-12,67158,2025081205004125,SAHAS,Asian Securities Private Ltd.,Sani Securities Company Ltd.,52,675.0,35100.0,2025-08-12 11:35:11.294601
2025-08-12,67015,2025081205004156,SAHAS,Kohinoor Investment & Securities Pvt. Ltd.,Vision Securities Pvt. Ltd,100,675.5,67550.0,2025-08-12 11:35:36.443984
2025-08-12,67014,2025081205004157,SAHAS,Asian Securities Private Ltd.,Vision Securities Pvt. Ltd,138,675.0,93150.0,2025-08-12 11:35:36.444353
2025-08-12,67013,2025081205004158,SAHAS,Naasa Securities Co. Ltd.,Vision Securities Pvt. Ltd,100,675.0,67500.0,2025-08-12 11:35:36.444480
2025-08-12,67012,2025081205004159,SAHAS,Aryatara Investment & Securities,Vision Securities Pvt. Ltd,162,675.0,109350.0,2025-08-12 11:35:36.444600
2025-08-12,66775,2025081205004220,SAHAS,Sri Hari Securities Pvt. Ltd.,Opal Securities Investment (PVT) Ltd.,10,675.2,6752.0,2025-08-12 11:36:14.089223
2025-08-12,66774,2025081205004221,SAHAS,Sri Hari Securities Pvt. Ltd.,Primo Securities (PVT) Ltd.,10,675.2,6752.0,2025-08-12 11:36:14.194069
2025-08-12,66751,2025081205004228,SAHAS,Sri Hari Securities Pvt. Ltd.,Vision Securities Pvt. Ltd,55,675.2,37136.0,2025-08-12 11:36:16.751883
2025-08-12,66750,2025081205004229,SAHAS,Aryatara Investment & Securities,Vision Securities Pvt. Ltd,338,675.0,228150.0,2025-08-12 11:36:16.752497
2025-08-12,66749,2025081205004230,SAHAS,Dipshikha Dhitopatra Karobar Co. Pvt Ltd.,Vision Securities Pvt. Ltd,20,675.0,13500.0,2025-08-12 11:36:16.753000
2025-08-12,66748,2025081205004231,SAHAS,Investment Management Nepal Pvt. Ltd.,Vision Securities Pvt. Ltd,10,675.0,6750.0,2025-08-12 11:36:16.753496
2025-08-12,66747,2025081205004232,SAHAS,Miyo Securities Pvt Ltd,Vision Securities Pvt. Ltd,50,675.0,33750.0,2025-08-12 11:36:16.753933
2025-08-12,66746,2025081205004233,SAHAS,Cristal Kanchanjanga Securites Pvt. Ltd.,Vision Securities Pvt. Ltd,27,675.0,18225.0,2025-08-12 11:36:16.754436
2025-08-12,66659,2025081205004274,SAHAS,Cristal Kanchanjanga Securites Pvt. Ltd.,Imperial Securities Company Pvt. Ltd.,28,675.0,18900.0,2025-08-12 11:36:32.660913
2025-08-12,66591,2025081205004295,SAHAS,Cristal Kanchanjanga Securites Pvt. Ltd.,Miyo Securities Pvt Ltd,125,675.0,84375.0,2025-08-12 11:36:42.928710
2025-08-12,66590,2025081205004296,SAHAS,Cristal Kanchanjanga Securites Pvt. Ltd.,Miyo Securities Pvt Ltd,375,675.0,253125.0,2025-08-12 11:36:42.929255
2025-08-12,66537,2025081205004309,SAHAS,Cristal Kanchanjanga Securites Pvt. Ltd.,Arun Securities (PVT) Ltd.,20,675.0,13500.0,2025-08-12 11:36:54.221263
2025-08-12,66527,2025081205004311,SAHAS,Cristal Kanchanjanga Securites Pvt. Ltd.,Sumeru Securities Pvt. Ltd.,144,675.0,97200.0,2025-08-12 11:36:56.668614
2025-08-12,66440,2025081205004357,SAHAS,Cristal Kanchanjanga Securites Pvt. Ltd.,Ashutosh Brokerage & Securities (PVT) Ltd.,50,675.0,33750.0,2025-08-12 11:37:10.223163
2025-08-12,66432,2025081205004358,SAHAS,Cristal Kanchanjanga Securites Pvt. Ltd.,Sani Securities Company Ltd.,375,675.0,253125.0,2025-08-12 11:37:11.457437
2025-08-12,66359,2025081205004391,SAHAS,Cristal Kanchanjanga Securites Pvt. Ltd.,ABC Securities Private Limited,36,675.0,24300.0,2025-08-12 11:37:21.824487
2025-08-12,66300,2025081205004426,SAHAS,Trishakti Securities Public Limited,ABC Securities Private Limited,394,674.0,265556.0,2025-08-12 11:37:33.901533
2025-08-12,66272,2025081205004441,SAHAS,Trishakti Securities Public Limited,Trishakti Securities Public Limited,46,674.0,31004.0,2025-08-12 11:37:38.105471
2025-08-12,66055,2025081205004519,SAHAS,Agrawal Securities (PVT) Ltd.,Imperial Securities Company Pvt. Ltd.,10,672.8,6728.0,2025-08-12 11:38:14.803143
2025-08-12,66025,2025081205004538,SAHAS,Sundhara Securities Limited,Oxford Securities Pvt. Ltd.,100,673.0,67300.0,2025-08-12 11:38:21.342470
2025-08-12,66024,2025081205004539,SAHAS,Sundhara Securities Limited,Trishakti Securities Public Limited,40,674.0,26960.0,2025-08-12 11:38:21.342841
2025-08-12,66016,2025081205004541,SAHAS,Agrawal Securities (PVT) Ltd.,Vision Securities Pvt. Ltd,10,672.8,6728.0,2025-08-12 11:38:22.981192
2025-08-12,66015,2025081205004542,SAHAS,Sri Hari Securities Pvt. Ltd.,Vision Securities Pvt. Ltd,230,672.8,154744.0,2025-08-12 11:38:22.981532
2025-08-12,65942,2025081205004553,SAHAS,Sri Hari Securities Pvt. Ltd.,Creative Securities Pvt Ltd,10,672.8,6728.0,2025-08-12 11:38:32.162486
2025-08-12,65538,2025081205004715,SAHAS,Miyo Securities Pvt Ltd,Secured Securities Ltd.,100,673.0,67300.0,2025-08-12 11:39:41.365884
2025-08-12,65537,2025081205004716,SAHAS,Sri Hari Securities Pvt. Ltd.,Secured Securities Ltd.,660,672.8,444048.0,2025-08-12 11:39:41.366160
2025-08-12,65505,2025081205004727,SAHAS,Sani Securities Company Ltd.,Naasa Securities Co. Ltd.,25,673.0,16825.0,2025-08-12 11:39:49.064879
2025-08-12,65399,2025081205004773,SAHAS,Nepal Investment And Securities Trading Private Limited,Imperial Securities Company Pvt. Ltd.,50,673.9,33695.0,2025-08-12 11:40:09.809945
2025-08-12,65397,2025081205004775,SAHAS,Cristal Kanchanjanga Securites Pvt. Ltd.,Secured Securities Ltd.,500,672.9,336450.0,2025-08-12 11:40:10.507420
2025-08-12,65338,2025081205004789,SAHAS,Sri Hari Securities Pvt. Ltd.,Naasa Securities Co. Ltd.,10,672.8,6728.0,2025-08-12 11:40:20.591024
2025-08-12,65318,2025081205004797,SAHAS,Nepal Investment And Securities Trading Private Limited,Imperial Securities Company Pvt. Ltd.,10,673.9,6739.0,2025-08-12 11:40:23.907856
2025-08-12,65311,2025081205004798,SAHAS,Nepal Investment And Securities Trading Private Limited,Sumeru Securities Pvt. Ltd.,40,673.9,26956.0,2025-08-12 11:40:24.796517
2025-08-12,65239,2025081205004825,SAHAS,Secured Securities Ltd.,Sumeru Securities Pvt. Ltd.,500,673.9,336950.0,2025-08-12 11:40:37.295953
2025-08-12,65117,2025081205004883,SAHAS,Naasa Securities Co. Ltd.,Secured Securities Ltd.,10,673.0,6730.0,2025-08-12 11:40:56.068370
2025-08-12,65116,2025081205004884,SAHAS,Ashutosh Brokerage & Securities (PVT) Ltd.,Secured Securities Ltd.,100,672.9,67290.0,2025-08-12 11:40:56.068683
2025-08-12,65115,2025081205004885,SAHAS,Sri Hari Securities Pvt. Ltd.,Secured Securities Ltd.,90,672.8,60552.0,2025-08-12 11:40:56.069072
2025-08-12,65114,2025081205004886,SAHAS,Agrawal Securities (PVT) Ltd.,Secured Securities Ltd.,30,672.7,20181.0,2025-08-12 11:40:56.069511
2025-08-12,65113,2025081205004887,SAHAS,Asian Securities Private Ltd.,Secured Securities Ltd.,100,672.7,67270.0,2025-08-12 11:40:56.069938
2025-08-12,65112,2025081205004888,SAHAS,Agrawal Securities (PVT) Ltd.,Secured Securities Ltd.,40,672.6,26904.0,2025-08-12 11:40:56.070446
2025-08-12,65111,2025081205004889,SAHAS,Agrawal Securities (PVT) Ltd.,Secured Securities Ltd.,50,672.5,33625.0,2025-08-12 11:40:56.070954
2025-08-12,65110,2025081205004890,SAHAS,Opal Securities Investment (PVT) Ltd.,Secured Securities Ltd.,180,672.5,121050.0,2025-08-12 11:40:56.071430
2025-08-12,64952,2025081205004937,SAHAS,Opal Securities Investment (PVT) Ltd.,Secured Securities Ltd.,380,672.5,255550.0,2025-08-12 11:41:40.143548
2025-08-12,64951,2025081205004938,SAHAS,Nepal Stock House (PVT) Ltd.,Secured Securities Ltd.,25,672.5,16812.5,2025-08-12 11:41:40.143856
2025-08-12,64950,2025081205004939,SAHAS,Siprabi Securities Pvt. Ltd.,Secured Securities Ltd.,270,672.5,181575.0,2025-08-12 11:41:40.144018
2025-08-12,64949,2025081205004940,SAHAS,Malla & Malla Stock Broking Company Pvt. Limited,Secured Securities Ltd.,38,672.5,25555.0,2025-08-12 11:41:40.144151
2025-08-12,64946,2025081205004941,SAHAS,Cristal Kanchanjanga Securites Pvt. Ltd.,Online Securities Pvt. Ltd.,10,672.9,6729.0,2025-08-12 11:41:40.534773
2025-08-12,64945,2025081205004942,SAHAS,Cristal Kanchanjanga Securites Pvt. Ltd.,ABC Securities Private Limited,10,673.0,6730.0,2025-08-12 11:41:40.535361
2025-08-12,64844,2025081205004980,SAHAS,Malla & Malla Stock Broking Company Pvt. Limited,Aakashbhairab Securities Ltd.,10,672.5,6725.0,2025-08-12 11:41:53.642612
2025-08-12,64740,2025081205005012,SAHAS,Trishakti Securities Public Limited,Naasa Securities Co. Ltd.,10,673.0,6730.0,2025-08-12 11:42:12.556889
2025-08-12,64435,2025081205005125,SAHAS,Trishakti Securities Public Limited,Online Securities Pvt. Ltd.,190,673.0,127870.0,2025-08-12 11:43:03.057168
2025-08-12,64434,2025081205005126,SAHAS,Malla & Malla Stock Broking Company Pvt. Limited,Online Securities Pvt. Ltd.,52,673.0,34996.0,2025-08-12 11:43:03.057526
2025-08-12,64337,2025081205005152,SAHAS,Siprabi Securities Pvt. Ltd.,Online Securities Pvt. Ltd.,100,673.0,67300.0,2025-08-12 11:43:17.144242
2025-08-12,64287,2025081205005172,SAHAS,Agrawal Securities (PVT) Ltd.,Online Securities Pvt. Ltd.,1500,673.0,1009500.0,2025-08-12 11:43:29.443815
2025-08-12,64286,2025081205005173,SAHAS,Sri Hari Securities Pvt. Ltd.,Naasa Securities Co. Ltd.,100,672.6,67260.0,2025-08-12 11:43:29.856200
2025-08-12,64285,2025081205005174,SAHAS,Naasa Securities Co. Ltd.,Naasa Securities Co. Ltd.,250,672.5,168125.0,2025-08-12 11:43:29.856249
2025-08-12,64284,2025081205005175,SAHAS,Agrawal Securities (PVT) Ltd.,Naasa Securities Co. Ltd.,60,672.4,40344.0,2025-08-12 11:43:29.856274
2025-08-12,64283,2025081205005176,SAHAS,Thrive Brokerage House Pvt. Ltd,Naasa Securities Co. Ltd.,290,672.3,194967.0,2025-08-12 11:43:29.856300
2025-08-12,64232,2025081205005201,SAHAS,Dipshikha Dhitopatra Karobar Co. Pvt Ltd.,Online Securities Pvt. Ltd.,150,673.0,100950.0,2025-08-12 11:43:37.946427
2025-08-12,64131,2025081205005242,SAHAS,Thrive Brokerage House Pvt. Ltd,Vision Securities Pvt. Ltd,210,672.3,141183.0,2025-08-12 11:43:55.274112
2025-08-12,64130,2025081205005243,SAHAS,Malla & Malla Stock Broking Company Pvt. Limited,Vision Securities Pvt. Ltd,50,672.3,33615.0,2025-08-12 11:43:55.274783
2025-08-12,64129,2025081205005244,SAHAS,Asian Securities Private Ltd.,Vision Securities Pvt. Ltd,200,672.2,134440.0,2025-08-12 11:43:55.275276
2025-08-12,64128,2025081205005245,SAHAS,Vision Securities Pvt. Ltd,Vision Securities Pvt. Ltd,1000,672.2,672200.0,2025-08-12 11:43:55.275684
2025-08-12,64103,2025081205005251,SAHAS,Sri Hari Securities Pvt. Ltd.,Vision Securities Pvt. Ltd,40,672.0,26880.0,2025-08-12 11:43:59.208224
2025-08-12,64081,2025081205005263,SAHAS,Cristal Kanchanjanga Securites Pvt. Ltd.,Online Securities Pvt. Ltd.,250,673.0,168250.0,2025-08-12 11:44:04.059214
2025-08-12,63968,2025081205005307,SAHAS,Cristal Kanchanjanga Securites Pvt. Ltd.,Neev Securities Pvt. Ltd.,100,673.0,67300.0,2025-08-12 11:44:24.133981
2025-08-12,63699,2025081205005407,SAHAS,Siprabi Securities Pvt. Ltd.,Trishakti Securities Public Limited,100,674.0,67400.0,2025-08-12 11:45:05.896547
2025-08-12,63107,2025081205005620,SAHAS,Premier Securities Company Ltd.,Creative Securities Pvt Ltd,140,674.0,94360.0,2025-08-12 11:46:51.629046
2025-08-12,63035,2025081205005642,SAHAS,Cristal Kanchanjanga Securites Pvt. Ltd.,Creative Securities Pvt Ltd,360,674.0,242640.0,2025-08-12 11:47:03.841560
2025-08-12,62998,2025081205005665,SAHAS,Dipshikha Dhitopatra Karobar Co. Pvt Ltd.,Dipshikha Dhitopatra Karobar Co. Pvt Ltd.,600,675.0,405000.0,2025-08-12 11:47:08.824399
2025-08-12,62997,2025081205005666,SAHAS,Dipshikha Dhitopatra Karobar Co. Pvt Ltd.,Kohinoor Investment & Securities Pvt. Ltd.,10,675.0,6750.0,2025-08-12 11:47:08.824719
2025-08-12,62996,2025081205005667,SAHAS,Dipshikha Dhitopatra Karobar Co. Pvt Ltd.,Sani Securities Company Ltd.,18,675.0,12150.0,2025-08-12 11:47:08.824866
2025-08-12,62995,2025081205005668,SAHAS,Dipshikha Dhitopatra Karobar Co. Pvt Ltd.,Nepal Stock House (PVT) Ltd.,10,675.0,6750.0,2025-08-12 11:47:08.825011
2025-08-12,62920,2025081205005691,SAHAS,Machhapuchchhre Securities Limited,Arun Securities (PVT) Ltd.,10,676.0,6760.0,2025-08-12 11:47:19.077131
2025-08-12,62910,2025081205005696,SAHAS,Dipshikha Dhitopatra Karobar Co. Pvt Ltd.,Sewa Securities Pvt. Ltd.,60,676.0,40560.0,2025-08-12 11:47:20.972269
2025-08-12,62909,2025081205005697,SAHAS,Dipshikha Dhitopatra Karobar Co. Pvt Ltd.,Online Securities Pvt. Ltd.,10,676.0,6760.0,2025-08-12 11:47:20.972630
2025-08-12,62908,2025081205005698,SAHAS,Dipshikha Dhitopatra Karobar Co. Pvt Ltd.,Vision Securities Pvt. Ltd,10,676.0,6760.0,2025-08-12 11:47:20.972768
2025-08-12,62907,2025081205005699,SAHAS,Dipshikha Dhitopatra Karobar Co. Pvt Ltd.,Agrawal Securities (PVT) Ltd.,10,676.0,6760.0,2025-08-12 11:47:20.972904
2025-08-12,62842,2025081205005727,SAHAS,Dipshikha Dhitopatra Karobar Co. Pvt Ltd.,Sumeru Securities Pvt. Ltd.,12,677.0,8124.0,2025-08-12 11:47:31.359431
2025-08-12,62771,2025081205005740,SAHAS,Imperial Securities Company Pvt. Ltd.,Bhrikuti Stock Broking Co. Pvt. Ltd.,10,675.0,6750.0,2025-08-12 11:47:41.178127
2025-08-12,62520,2025081205005809,SAHAS,Imperial Securities Company Pvt. Ltd.,Ashutosh Brokerage & Securities (PVT) Ltd.,80,675.0,54000.0,2025-08-12 11:48:20.686678
2025-08-12,62252,2025081205005927,SAHAS,Imperial Securities Company Pvt. Ltd.,Naasa Securities Co. Ltd.,10,675.0,6750.0,2025-08-12 11:49:04.132776
2025-08-12,62231,2025081205005932,SAHAS,Imperial Securities Company Pvt. Ltd.,Oxford Securities Pvt. Ltd.,100,675.0,67500.0,2025-08-12 11:49:10.644256
2025-08-12,62139,2025081205005970,SAHAS,Cristal Kanchanjanga Securites Pvt. Ltd.,Online Securities Pvt. Ltd.,140,674.0,94360.0,2025-08-12 11:49:24.563992
2025-08-12,62138,2025081205005971,SAHAS,Naasa Securities Co. Ltd.,Online Securities Pvt. Ltd.,60,673.4,40404.0,2025-08-12 11:49:24.564368
2025-08-12,61896,2025081205006075,SAHAS,Naasa Securities Co. Ltd.,Neev Securities Pvt. Ltd.,10,675.0,6750.0,2025-08-12 11:50:03.096569
2025-08-12,61877,2025081205006082,SAHAS,Naasa Securities Co. Ltd.,Sri Hari Securities Pvt. Ltd.,10,675.0,6750.0,2025-08-12 11:50:07.827950
2025-08-12,61876,2025081205006083,SAHAS,Naasa Securities Co. Ltd.,Sumeru Securities Pvt. Ltd.,90,677.0,60930.0,2025-08-12 11:50:07.828375
2025-08-12,61866,2025081205006086,SAHAS,Cristal Kanchanjanga Securites Pvt. Ltd.,J.F. Securites (PVT) Ltd.,10,675.0,6750.0,2025-08-12 11:50:12.187446
2025-08-12,61826,2025081205006104,SAHAS,Cristal Kanchanjanga Securites Pvt. Ltd.,Online Securities Pvt. Ltd.,10,675.0,6750.0,2025-08-12 11:50:22.192809
2025-08-12,61768,2025081205006128,SAHAS,Trishakti Securities Public Limited,Online Securities Pvt. Ltd.,290,675.0,195750.0,2025-08-12 11:50:34.467876
2025-08-12,61767,2025081205006129,SAHAS,Trishakti Securities Public Limited,Sumeru Securities Pvt. Ltd.,528,677.0,357456.0,2025-08-12 11:50:34.468619
2025-08-12,61766,2025081205006130,SAHAS,Trishakti Securities Public Limited,Arun Securities (PVT) Ltd.,10,677.0,6770.0,2025-08-12 11:50:34.469057
2025-08-12,61765,2025081205006131,SAHAS,Trishakti Securities Public Limited,Siprabi Securities Pvt. Ltd.,50,677.0,33850.0,2025-08-12 11:50:34.469485
2025-08-12,61764,2025081205006132,SAHAS,Trishakti Securities Public Limited,Linch Stock Market Ltd.,10,677.0,6770.0,2025-08-12 11:50:34.469896
2025-08-12,61763,2025081205006133,SAHAS,Trishakti Securities Public Limited,Sani Securities Company Ltd.,54,677.0,36558.0,2025-08-12 11:50:34.470299
2025-08-12,61762,2025081205006134,SAHAS,Trishakti Securities Public Limited,Imperial Securities Company Pvt. Ltd.,40,677.0,27080.0,2025-08-12 11:50:34.470719
2025-08-12,61761,2025081205006135,SAHAS,Trishakti Securities Public Limited,Dakshinkali Investment & Securities Pvt. Ltd.,40,677.8,27112.0,2025-08-12 11:50:34.471124
2025-08-12,61760,2025081205006136,SAHAS,Trishakti Securities Public Limited,Asian Securities Private Ltd.,257,677.8,174194.6,2025-08-12 11:50:34.471555
2025-08-12,61759,2025081205006137,SAHAS,Trishakti Securities Public Limited,Arun Securities (PVT) Ltd.,20,677.9,13558.0,2025-08-12 11:50:34.471959
2025-08-12,61758,2025081205006138,SAHAS,Trishakti Securities Public Limited,Sani Securities Company Ltd.,10,677.9,6779.0,2025-08-12 11:50:34.472382
2025-08-12,61757,2025081205006139,SAHAS,Trishakti Securities Public Limited,Agrawal Securities (PVT) Ltd.,25,678.0,16950.0,2025-08-12 11:50:34.472783
2025-08-12,61756,2025081205006140,SAHAS,Trishakti Securities Public Limited,Nepal Investment And Securities Trading Private Limited,10,678.0,6780.0,2025-08-12 11:50:34.473175
2025-08-12,61755,2025081205006141,SAHAS,Trishakti Securities Public Limited,Imperial Securities Company Pvt. Ltd.,10,678.0,6780.0,2025-08-12 11:50:34.473586
2025-08-12,61754,2025081205006142,SAHAS,Trishakti Securities Public Limited,Premier Securities Company Ltd.,10,678.0,6780.0,2025-08-12 11:50:34.473979
2025-08-12,61753,2025081205006143,SAHAS,Trishakti Securities Public Limited,Premier Securities Company Ltd.,54,678.8,36655.2,2025-08-12 11:50:34.474386
2025-08-12,61752,2025081205006144,SAHAS,Trishakti Securities Public Limited,Sumeru Securities Pvt. Ltd.,600,678.8,407280.0,2025-08-12 11:50:34.474777
2025-08-12,61751,2025081205006145,SAHAS,Trishakti Securities Public Limited,Nagarik Stock Dealer ,50,679.0,33950.0,2025-08-12 11:50:34.474914
2025-08-12,61750,2025081205006146,SAHAS,Trishakti Securities Public Limited,Elite Stock House Limited,108,679.0,73332.0,2025-08-12 11:50:34.475046
2025-08-12,61749,2025081205006147,SAHAS,Trishakti Securities Public Limited,Arun Securities (PVT) Ltd.,20,679.0,13580.0,2025-08-12 11:50:34.475180
2025-08-12,61748,2025081205006148,SAHAS,Trishakti Securities Public Limited,Aryatara Investment & Securities,1000,679.5,679500.0,2025-08-12 11:50:34.475320
2025-08-12,61747,2025081205006149,SAHAS,Trishakti Securities Public Limited,Asian Securities Private Ltd.,300,679.9,203970.0,2025-08-12 11:50:34.475456
2025-08-12,61746,2025081205006150,SAHAS,Trishakti Securities Public Limited,Premier Securities Company Ltd.,300,679.9,203970.0,2025-08-12 11:50:34.475603
2025-08-12,61745,2025081205006151,SAHAS,Trishakti Securities Public Limited,Linch Stock Market Ltd.,20,680.0,13600.0,2025-08-12 11:50:34.475741
2025-08-12,61744,2025081205006152,SAHAS,Trishakti Securities Public Limited,Naasa Securities Co. Ltd.,67,680.0,45560.0,2025-08-12 11:50:34.475876
2025-08-12,61743,2025081205006153,SAHAS,Trishakti Securities Public Limited,Sri Hari Securities Pvt. Ltd.,500,680.0,340000.0,2025-08-12 11:50:34.476009
2025-08-12,61742,2025081205006154,SAHAS,Trishakti Securities Public Limited,Kohinoor Investment & Securities Pvt. Ltd.,500,680.0,340000.0,2025-08-12 11:50:34.476151
2025-08-12,61741,2025081205006155,SAHAS,Trishakti Securities Public Limited,Agrawal Securities (PVT) Ltd.,50,680.0,34000.0,2025-08-12 11:50:34.476298
2025-08-12,61740,2025081205006156,SAHAS,Trishakti Securities Public Limited,Naasa Securities Co. Ltd.,67,680.0,45560.0,2025-08-12 11:50:34.476443
2025-08-12,61610,2025081205006210,SAHAS,Sri Hari Securities Pvt. Ltd.,Naasa Securities Co. Ltd.,10,675.0,6750.0,2025-08-12 11:50:59.719710
2025-08-12,61426,2025081205006297,SAHAS,Sri Hari Securities Pvt. Ltd.,Oxford Securities Pvt. Ltd.,10,679.0,6790.0,2025-08-12 11:51:36.502664
2025-08-12,61177,2025081205006372,SAHAS,Secured Securities Ltd.,Dipshikha Dhitopatra Karobar Co. Pvt Ltd.,10,675.1,6751.0,2025-08-12 11:52:18.459012
2025-08-12,60821,2025081205006450,SAHAS,Kohinoor Investment & Securities Pvt. Ltd.,Kohinoor Investment & Securities Pvt. Ltd.,10,675.3,6753.0,2025-08-12 11:53:39.912024
2025-08-12,60819,2025081205006451,SAHAS,Pragyan Securities (PVT) Ltd.,Dipshikha Dhitopatra Karobar Co. Pvt Ltd.,1,675.1,675.1,2025-08-12 11:53:40.184191
2025-08-12,60767,2025081205006458,SAHAS,Machhapuchchhre Securities Limited,Ashutosh Brokerage & Securities (PVT) Ltd.,10,677.9,6779.0,2025-08-12 11:53:51.055447
2025-08-12,60735,2025081205006468,SAHAS,Oxford Securities Pvt. Ltd.,Sri Hari Securities Pvt. Ltd.,10,677.0,6770.0,2025-08-12 11:54:02.158642
2025-08-12,60609,2025081205006491,SAHAS,Oxford Securities Pvt. Ltd.,Blue Chip Securities Ltd,50,677.0,33850.0,2025-08-12 11:54:23.476090
2025-08-12,60549,2025081205006525,SAHAS,Oxford Securities Pvt. Ltd.,Arun Securities (PVT) Ltd.,30,677.0,20310.0,2025-08-12 11:54:38.998838
2025-08-12,60484,2025081205006551,SAHAS,Oxford Securities Pvt. Ltd.,Sani Securities Company Ltd.,10,677.0,6770.0,2025-08-12 11:54:53.959592
2025-08-12,60418,2025081205006578,SAHAS,Cristal Kanchanjanga Securites Pvt. Ltd.,Ashutosh Brokerage & Securities (PVT) Ltd.,10,677.9,6779.0,2025-08-12 11:55:09.362133
2025-08-12,60417,2025081205006579,SAHAS,Cristal Kanchanjanga Securites Pvt. Ltd.,Oxford Securities Pvt. Ltd.,90,678.0,61020.0,2025-08-12 11:55:09.362486
2025-08-12,60416,2025081205006580,SAHAS,Cristal Kanchanjanga Securites Pvt. Ltd.,Vision Securities Pvt. Ltd,40,678.0,27120.0,2025-08-12 11:55:09.362633
2025-08-12,60285,2025081205006623,SAHAS,Dipshikha Dhitopatra Karobar Co. Pvt Ltd.,Asian Securities Private Ltd.,75,678.0,50850.0,2025-08-12 11:55:32.714893
2025-08-12,60284,2025081205006624,SAHAS,Dakshinkali Investment & Securities Pvt. Ltd.,Asian Securities Private Ltd.,200,677.1,135420.0,2025-08-12 11:55:32.715235
2025-08-12,60283,2025081205006625,SAHAS,Oxford Securities Pvt. Ltd.,Asian Securities Private Ltd.,400,677.0,270800.0,2025-08-12 11:55:32.715442
2025-08-12,60282,2025081205006626,SAHAS,Premier Securities Company Ltd.,Asian Securities Private Ltd.,100,676.0,67600.0,2025-08-12 11:55:32.715626
2025-08-12,60281,2025081205006627,SAHAS,Aryatara Investment & Securities,Asian Securities Private Ltd.,1000,675.4,675400.0,2025-08-12 11:55:32.715779
2025-08-12,60280,2025081205006628,SAHAS,Kohinoor Investment & Securities Pvt. Ltd.,Asian Securities Private Ltd.,90,675.3,60777.0,2025-08-12 11:55:32.715926
2025-08-12,60279,2025081205006629,SAHAS,Naasa Securities Co. Ltd.,Asian Securities Private Ltd.,50,675.2,33760.0,2025-08-12 11:55:32.716088
2025-08-12,60278,2025081205006630,SAHAS,Secured Securities Ltd.,Asian Securities Private Ltd.,90,675.1,60759.0,2025-08-12 11:55:32.716233
2025-08-12,60277,2025081205006631,SAHAS,Online Securities Pvt. Ltd.,Asian Securities Private Ltd.,200,675.1,135020.0,2025-08-12 11:55:32.716401
2025-08-12,60276,2025081205006632,SAHAS,Sri Hari Securities Pvt. Ltd.,Asian Securities Private Ltd.,40,675.0,27000.0,2025-08-12 11:55:32.716551
2025-08-12,60275,2025081205006633,SAHAS,Capital Max Securities Ltd,Asian Securities Private Ltd.,50,675.0,33750.0,2025-08-12 11:55:32.716713
2025-08-12,60274,2025081205006634,SAHAS,Imperial Securities Company Pvt. Ltd.,Asian Securities Private Ltd.,100,675.0,67500.0,2025-08-12 11:55:32.716871
2025-08-12,60273,2025081205006635,SAHAS,Kalika Securities Pvt. Ltd.,Asian Securities Private Ltd.,100,675.0,67500.0,2025-08-12 11:55:32.717017
2025-08-12,60272,2025081205006636,SAHAS,Imperial Securities Company Pvt. Ltd.,Asian Securities Private Ltd.,100,675.0,67500.0,2025-08-12 11:55:32.717178
2025-08-12,60271,2025081205006637,SAHAS,Dipshikha Dhitopatra Karobar Co. Pvt Ltd.,Asian Securities Private Ltd.,1000,675.0,675000.0,2025-08-12 11:55:32.717335
2025-08-12,60270,2025081205006638,SAHAS,Nepal Stock House (PVT) Ltd.,Asian Securities Private Ltd.,1405,675.0,948375.0,2025-08-12 11:55:32.717493
2025-08-12,60197,2025081205006661,SAHAS,Oxford Securities Pvt. Ltd.,Asian Securities Private Ltd.,300,677.0,203100.0,2025-08-12 11:55:53.824441
2025-08-12,60196,2025081205006662,SAHAS,Nepal Stock House (PVT) Ltd.,Asian Securities Private Ltd.,95,675.0,64125.0,2025-08-12 11:55:53.824818
2025-08-12,60195,2025081205006663,SAHAS,Sani Securities Company Ltd.,Asian Securities Private Ltd.,20,675.0,13500.0,2025-08-12 11:55:53.824963
2025-08-12,60194,2025081205006664,SAHAS,Cristal Kanchanjanga Securites Pvt. Ltd.,Asian Securities Private Ltd.,1000,675.0,675000.0,2025-08-12 11:55:53.825106
2025-08-12,60193,2025081205006665,SAHAS,Vision Securities Pvt. Ltd,Asian Securities Private Ltd.,85,675.0,57375.0,2025-08-12 11:55:53.825264
2025-08-12,60173,2025081205006670,SAHAS,Trisul Securities & Invt. Ltd.,Online Securities Pvt. Ltd.,8,673.0,5384.0,2025-08-12 11:55:59.439148
2025-08-12,60032,2025081205006736,SAHAS,Vision Securities Pvt. Ltd,Opal Securities Investment (PVT) Ltd.,10,675.0,6750.0,2025-08-12 11:56:19.711475
2025-08-12,59961,2025081205006761,SAHAS,Cristal Kanchanjanga Securites Pvt. Ltd.,Siprabi Securities Pvt. Ltd.,100,677.0,67700.0,2025-08-12 11:56:31.682210
2025-08-12,59840,2025081205006799,SAHAS,Cristal Kanchanjanga Securites Pvt. Ltd.,Sani Securities Company Ltd.,100,676.0,67600.0,2025-08-12 11:57:04.770604
2025-08-12,59838,2025081205006800,SAHAS,Arun Securities (PVT) Ltd.,Sani Securities Company Ltd.,100,676.0,67600.0,2025-08-12 11:57:05.562184
2025-08-12,59793,2025081205006818,SAHAS,Trishakti Securities Public Limited,Sani Securities Company Ltd.,300,676.0,202800.0,2025-08-12 11:57:15.596866
2025-08-12,59792,2025081205006819,SAHAS,Trishakti Securities Public Limited,Arun Securities (PVT) Ltd.,20,678.0,13560.0,2025-08-12 11:57:15.597223
2025-08-12,59791,2025081205006820,SAHAS,Trishakti Securities Public Limited,Online Securities Pvt. Ltd.,1000,678.0,678000.0,2025-08-12 11:57:15.597374
2025-08-12,59790,2025081205006821,SAHAS,Trishakti Securities Public Limited,Siprabi Securities Pvt. Ltd.,10,678.0,6780.0,2025-08-12 11:57:15.597527
2025-08-12,59788,2025081205006823,SAHAS,Trishakti Securities Public Limited,Arun Securities (PVT) Ltd.,10,678.0,6780.0,2025-08-12 11:57:16.435192
2025-08-12,59737,2025081205006836,SAHAS,Trishakti Securities Public Limited,Cristal Kanchanjanga Securites Pvt. Ltd.,100,678.0,67800.0,2025-08-12 11:57:28.873370
2025-08-12,59736,2025081205006837,SAHAS,Trishakti Securities Public Limited,Blue Chip Securities Ltd,50,678.0,33900.0,2025-08-12 11:57:28.961652
2025-08-12,59689,2025081205006855,SAHAS,Trishakti Securities Public Limited,Aakashbhairab Securities Ltd.,2182,678.0,1479396.0,2025-08-12 11:57:38.227899
2025-08-12,59662,2025081205006871,SAHAS,Trishakti Securities Public Limited,Asian Securities Private Ltd.,3000,678.0,2034000.0,2025-08-12 11:57:44.984437
2025-08-12,59570,2025081205006910,SAHAS,Trishakti Securities Public Limited,Imperial Securities Company Pvt. Ltd.,10,678.0,6780.0,2025-08-12 11:58:02.958094
2025-08-12,59481,2025081205006951,SAHAS,Trishakti Securities Public Limited,Siprabi Securities Pvt. Ltd.,100,678.0,67800.0,2025-08-12 11:58:19.535010
2025-08-12,59469,2025081205006956,SAHAS,Trishakti Securities Public Limited,Asian Securities Private Ltd.,218,678.0,147804.0,2025-08-12 11:58:21.147421
2025-08-12,59468,2025081205006957,SAHAS,Nabil Stock Dealer Ltd.,Asian Securities Private Ltd.,400,678.0,271200.0,2025-08-12 11:58:21.147747
2025-08-12,59155,2025081205007108,SAHAS,Dakshinkali Investment & Securities Pvt. Ltd.,Asian Securities Private Ltd.,50,677.0,33850.0,2025-08-12 11:59:18.475523
2025-08-12,59072,2025081205007140,SAHAS,Capital Max Securities Ltd,Imperial Securities Company Pvt. Ltd.,200,675.1,135020.0,2025-08-12 11:59:38.244608
2025-08-12,59071,2025081205007141,SAHAS,Vision Securities Pvt. Ltd,Imperial Securities Company Pvt. Ltd.,105,675.0,70875.0,2025-08-12 11:59:38.245039
2025-08-12,59070,2025081205007142,SAHAS,Sani Securities Company Ltd.,Imperial Securities Company Pvt. Ltd.,100,675.0,67500.0,2025-08-12 11:59:38.245262
2025-08-12,59069,2025081205007143,SAHAS,Online Securities Pvt. Ltd.,Imperial Securities Company Pvt. Ltd.,38,675.0,25650.0,2025-08-12 11:59:38.245502
2025-08-12,58849,2025081205007213,SAHAS,Dynamic Money Managers Securities Pvt. Ltd.,Asian Securities Private Ltd.,82,674.3,55292.6,2025-08-12 12:00:18.771222
2025-08-12,58825,2025081205007224,SAHAS,Dynamic Money Managers Securities Pvt. Ltd.,Asian Securities Private Ltd.,350,674.3,236005.0,2025-08-12 12:00:22.793243
2025-08-12,58770,2025081205007243,SAHAS,Trishakti Securities Public Limited,Imperial Securities Company Pvt. Ltd.,117,675.0,78975.0,2025-08-12 12:00:42.806953
2025-08-12,58701,2025081205007277,SAHAS,Trishakti Securities Public Limited,Naasa Securities Co. Ltd.,300,675.0,202500.0,2025-08-12 12:01:06.192754
2025-08-12,58493,2025081205007370,SAHAS,Cristal Kanchanjanga Securites Pvt. Ltd.,Swarna Laxmi Securities Pvt. Ltd.,10,675.1,6751.0,2025-08-12 12:01:55.480125
2025-08-12,58492,2025081205007371,SAHAS,Trishakti Securities Public Limited,Swarna Laxmi Securities Pvt. Ltd.,490,675.0,330750.0,2025-08-12 12:01:55.480860
2025-08-12,58261,2025081205007470,SAHAS,Trishakti Securities Public Limited,Naasa Securities Co. Ltd.,10,675.0,6750.0,2025-08-12 12:02:45.656441
2025-08-12,58247,2025081205007475,SAHAS,Sani Securities Company Ltd.,Naasa Securities Co. Ltd.,10,678.0,6780.0,2025-08-12 12:02:47.641124
2025-08-12,58246,2025081205007476,SAHAS,Trishakti Securities Public Limited,Nepal Stock House (PVT) Ltd.,4000,675.0,2700000.0,2025-08-12 12:02:47.785578
2025-08-12,57944,2025081205007582,SAHAS,Online Securities Pvt. Ltd.,Primo Securities (PVT) Ltd.,10,675.1,6751.0,2025-08-12 12:03:47.755137
2025-08-12,57894,2025081205007592,SAHAS,Online Securities Pvt. Ltd.,NIMB Stock Markets Limited,990,675.1,668349.0,2025-08-12 12:03:55.929979
2025-08-12,57818,2025081205007621,SAHAS,Trishakti Securities Public Limited,NIMB Stock Markets Limited,10,675.1,6751.0,2025-08-12 12:04:10.809024
2025-08-12,57561,2025081205007712,SAHAS,Trishakti Securities Public Limited,Agrawal Securities (PVT) Ltd.,10,676.0,6760.0,2025-08-12 12:04:59.857724
2025-08-12,57530,2025081205007720,SAHAS,Trishakti Securities Public Limited,Arun Securities (PVT) Ltd.,20,676.0,13520.0,2025-08-12 12:05:08.729864
2025-08-12,57416,2025081205007742,SAHAS,Machhapuchchhre Securities Limited,Sundhara Securities Limited,10,678.0,6780.0,2025-08-12 12:05:23.362297
2025-08-12,57402,2025081205007748,SAHAS,Trishakti Securities Public Limited,Trisul Securities & Invt. Ltd.,43,678.0,29154.0,2025-08-12 12:05:29.356814
2025-08-12,56797,2025081205008012,SAHAS,Machhapuchchhre Securities Limited,Sani Securities Company Ltd.,30,675.1,20253.0,2025-08-12 12:07:14.575074
2025-08-12,56796,2025081205008013,SAHAS,Asian Securities Private Ltd.,Sani Securities Company Ltd.,870,675.1,587337.0,2025-08-12 12:07:14.575882
2025-08-12,56228,2025081205008162,SAHAS,Asian Securities Private Ltd.,Pragyan Securities (PVT) Ltd.,10,675.1,6751.0,2025-08-12 12:08:50.688750
2025-08-12,56184,2025081205008178,SAHAS,Asian Securities Private Ltd.,Bhrikuti Stock Broking Co. Pvt. Ltd.,10,675.1,6751.0,2025-08-12 12:08:55.730256
2025-08-12,56120,2025081205008200,SAHAS,Imperial Securities Company Pvt. Ltd.,SHUBHAKAMANA SECURITIES PVT. LTD,50,675.2,33760.0,2025-08-12 12:09:12.333788
2025-08-12,56119,2025081205008201,SAHAS,Asian Securities Private Ltd.,SHUBHAKAMANA SECURITIES PVT. LTD,18,675.1,12151.8,2025-08-12 12:09:12.334195
2025-08-12,56054,2025081205008219,SAHAS,Asian Securities Private Ltd.,South Asian Bulls Pvt. Ltd.,30,675.1,20253.0,2025-08-12 12:09:27.695255
2025-08-12,56013,2025081205008232,SAHAS,Asian Securities Private Ltd.,Investment Management Nepal Pvt. Ltd.,50,675.1,33755.0,2025-08-12 12:09:37.190456
2025-08-12,55877,2025081205008274,SAHAS,Asian Securities Private Ltd.,Nepal Stock House (PVT) Ltd.,12,675.1,8101.2,2025-08-12 12:09:57.456242
2025-08-12,55876,2025081205008275,SAHAS,Asian Securities Private Ltd.,Nepal Stock House (PVT) Ltd.,488,675.1,329448.8,2025-08-12 12:09:57.456982
2025-08-12,55614,2025081205008361,SAHAS,Dynamic Money Managers Securities Pvt. Ltd.,Kumari Securities Private Limited,1000,676.0,676000.0,2025-08-12 12:10:39.765952
2025-08-12,55463,2025081205008387,SAHAS,Dynamic Money Managers Securities Pvt. Ltd.,Siprabi Securities Pvt. Ltd.,200,677.0,135400.0,2025-08-12 12:11:01.297218
2025-08-12,55462,2025081205008388,SAHAS,Dynamic Money Managers Securities Pvt. Ltd.,Vision Securities Pvt. Ltd,500,677.0,338500.0,2025-08-12 12:11:01.297962
2025-08-12,55461,2025081205008389,SAHAS,Dynamic Money Managers Securities Pvt. Ltd.,Cristal Kanchanjanga Securites Pvt. Ltd.,500,677.9,338950.0,2025-08-12 12:11:01.298456
2025-08-12,55460,2025081205008390,SAHAS,Dynamic Money Managers Securities Pvt. Ltd.,Trisul Securities & Invt. Ltd.,457,678.0,309846.0,2025-08-12 12:11:01.299063
2025-08-12,55459,2025081205008391,SAHAS,Dynamic Money Managers Securities Pvt. Ltd.,Nepal Investment And Securities Trading Private Limited,366,678.0,248148.0,2025-08-12 12:11:01.299633
2025-08-12,55458,2025081205008392,SAHAS,Dynamic Money Managers Securities Pvt. Ltd.,Cristal Kanchanjanga Securites Pvt. Ltd.,477,678.0,323406.0,2025-08-12 12:11:01.300243
2025-08-12,55447,2025081205008395,SAHAS,Asian Securities Private Ltd.,ABC Securities Private Limited,10,675.1,6751.0,2025-08-12 12:11:03.782813
2025-08-12,55391,2025081205008411,SAHAS,Dynamic Money Managers Securities Pvt. Ltd.,Vision Securities Pvt. Ltd,300,676.0,202800.0,2025-08-12 12:11:20.336742
2025-08-12,55327,2025081205008424,SAHAS,Dynamic Money Managers Securities Pvt. Ltd.,Vision Securities Pvt. Ltd,1000,676.0,676000.0,2025-08-12 12:11:33.067954
2025-08-12,54748,2025081205008587,SAHAS,Asian Securities Private Ltd.,Imperial Securities Company Pvt. Ltd.,498,676.1,336697.8,2025-08-12 12:13:29.922939
2025-08-12,54459,2025081205008663,SAHAS,Opal Securities Investment (PVT) Ltd.,Sani Securities Company Ltd.,10,676.5,6765.0,2025-08-12 12:14:20.005484
2025-08-12,54367,2025081205008697,SAHAS,Asian Securities Private Ltd.,Cristal Kanchanjanga Securites Pvt. Ltd.,23,676.7,15564.1,2025-08-12 12:14:36.505790
2025-08-12,53799,2025081205008917,SAHAS,Asian Securities Private Ltd.,Miyo Securities Pvt Ltd,108,677.0,73116.0,2025-08-12 12:17:00.641038
2025-08-12,53798,2025081205008918,SAHAS,Asian Securities Private Ltd.,Arun Securities (PVT) Ltd.,20,677.0,13540.0,2025-08-12 12:17:00.641455
2025-08-12,53797,2025081205008919,SAHAS,Asian Securities Private Ltd.,Investment Management Nepal Pvt. Ltd.,83,677.9,56265.7,2025-08-12 12:17:00.641621
2025-08-12,53796,2025081205008920,SAHAS,Asian Securities Private Ltd.,Asian Securities Private Ltd.,500,677.9,338950.0,2025-08-12 12:17:00.641794
2025-08-12,53795,2025081205008921,SAHAS,Asian Securities Private Ltd.,Arun Securities (PVT) Ltd.,20,678.0,13560.0,2025-08-12 12:17:00.641953
2025-08-12,53794,2025081205008922,SAHAS,Asian Securities Private Ltd.,Sani Securities Company Ltd.,700,678.0,474600.0,2025-08-12 12:17:00.642109
2025-08-12,53793,2025081205008923,SAHAS,Asian Securities Private Ltd.,Vision Securities Pvt. Ltd,500,678.0,339000.0,2025-08-12 12:17:00.642264
2025-08-12,53792,2025081205008924,SAHAS,Asian Securities Private Ltd.,Kumari Securities Private Limited,1000,678.0,678000.0,2025-08-12 12:17:00.642440
2025-08-12,53791,2025081205008925,SAHAS,Asian Securities Private Ltd.,Aryatara Investment & Securities,69,678.0,46782.0,2025-08-12 12:17:00.642597
2025-08-12,53645,2025081205008982,SAHAS,Asian Securities Private Ltd.,Ashutosh Brokerage & Securities (PVT) Ltd.,10,677.0,6770.0,2025-08-12 12:17:36.464690
2025-08-12,53367,2025081205009048,SAHAS,Asian Securities Private Ltd.,Siprabi Securities Pvt. Ltd.,10,677.0,6770.0,2025-08-12 12:18:36.979589
2025-08-12,53156,2025081205009098,SAHAS,Asian Securities Private Ltd.,Arun Securities (PVT) Ltd.,20,677.0,13540.0,2025-08-12 12:19:26.860469
2025-08-12,53148,2025081205009099,SAHAS,Asian Securities Private Ltd.,Nepal Stock House (PVT) Ltd.,960,677.0,649920.0,2025-08-12 12:19:29.320395
2025-08-12,53147,2025081205009100,SAHAS,Sweta Securities Private Limited,Nepal Stock House (PVT) Ltd.,300,677.0,203100.0,2025-08-12 12:19:29.320790
2025-08-12,53146,2025081205009101,SAHAS,Opal Securities Investment (PVT) Ltd.,Nepal Stock House (PVT) Ltd.,190,676.5,128535.0,2025-08-12 12:19:29.320959
2025-08-12,53145,2025081205009102,SAHAS,Dynamic Money Managers Securities Pvt. Ltd.,Nepal Stock House (PVT) Ltd.,700,676.0,473200.0,2025-08-12 12:19:29.321123
2025-08-12,53144,2025081205009103,SAHAS,Vision Securities Pvt. Ltd,Nepal Stock House (PVT) Ltd.,400,676.0,270400.0,2025-08-12 12:19:29.321306
2025-08-12,52907,2025081205009191,SAHAS,Asian Securities Private Ltd.,Naasa Securities Co. Ltd.,300,675.1,202530.0,2025-08-12 12:20:24.289043
2025-08-12,52906,2025081205009192,SAHAS,Thrive Brokerage House Pvt. Ltd,Nepal Stock House (PVT) Ltd.,10,676.0,6760.0,2025-08-12 12:20:24.669369
2025-08-12,52804,2025081205009211,SAHAS,Asian Securities Private Ltd.,Sani Securities Company Ltd.,90,675.1,60759.0,2025-08-12 12:20:47.813823
2025-08-12,52536,2025081205009285,SAHAS,Oxford Securities Pvt. Ltd.,Nepal Stock House (PVT) Ltd.,80,676.0,54080.0,2025-08-12 12:21:56.217020
2025-08-12,52444,2025081205009300,SAHAS,Vision Securities Pvt. Ltd,Nepal Stock House (PVT) Ltd.,360,676.0,243360.0,2025-08-12 12:22:17.299618
2025-08-12,52443,2025081205009301,SAHAS,Vision Securities Pvt. Ltd,Nepal Investment And Securities Trading Private Limited,10,676.0,6760.0,2025-08-12 12:22:17.300376
2025-08-12,52243,2025081205009364,SAHAS,Vision Securities Pvt. Ltd,Nepal Investment And Securities Trading Private Limited,10,676.0,6760.0,2025-08-12 12:22:47.948640
2025-08-12,52014,2025081205009432,SAHAS,Vision Securities Pvt. Ltd,Naasa Securities Co. Ltd.,10,676.0,6760.0,2025-08-12 12:23:42.679139
2025-08-12,51919,2025081205009448,SAHAS,Vision Securities Pvt. Ltd,Oxford Securities Pvt. Ltd.,60,676.0,40560.0,2025-08-12 12:24:04.107574
2025-08-12,51918,2025081205009449,SAHAS,Linch Stock Market Ltd.,Oxford Securities Pvt. Ltd.,10,676.0,6760.0,2025-08-12 12:24:04.108304
2025-08-12,51681,2025081205009525,SAHAS,Asian Securities Private Ltd.,Sagarmatha Securities Private Limited,610,675.1,411811.0,2025-08-12 12:24:51.325380
2025-08-12,51666,2025081205009537,SAHAS,Naasa Securities Co. Ltd.,Sagarmatha Securities Private Limited,35,675.1,23628.5,2025-08-12 12:24:56.557791
2025-08-12,51573,2025081205009558,SAHAS,Asian Securities Private Ltd.,Sagarmatha Securities Private Limited,255,675.1,172150.5,2025-08-12 12:25:14.972222
2025-08-12,51499,2025081205009595,SAHAS,Thrive Brokerage House Pvt. Ltd,Oxford Securities Pvt. Ltd.,40,676.0,27040.0,2025-08-12 12:25:28.817939
2025-08-12,51497,2025081205009597,SAHAS,Market Securities & Exchange (PVT) Ltd.,Oxford Securities Pvt. Ltd.,10,676.0,6760.0,2025-08-12 12:25:29.214519
2025-08-12,51421,2025081205009625,SAHAS,Asian Securities Private Ltd.,ABC Securities Private Limited,745,675.1,502949.5,2025-08-12 12:25:43.740839
2025-08-12,51420,2025081205009626,SAHAS,Nepal Stock House (PVT) Ltd.,ABC Securities Private Limited,255,675.1,172150.5,2025-08-12 12:25:43.741260
2025-08-12,51383,2025081205009641,SAHAS,Nepal Stock House (PVT) Ltd.,Oxford Securities Pvt. Ltd.,290,676.0,196040.0,2025-08-12 12:25:53.496376
2025-08-12,51382,2025081205009642,SAHAS,Nepal Stock House (PVT) Ltd.,ABC Securities Private Limited,10,676.0,6760.0,2025-08-12 12:25:53.496814
2025-08-12,51322,2025081205009663,SAHAS,Cristal Kanchanjanga Securites Pvt. Ltd.,Nepal Investment And Securities Trading Private Limited,10,676.0,6760.0,2025-08-12 12:26:06.004014
2025-08-12,51321,2025081205009664,SAHAS,Cristal Kanchanjanga Securites Pvt. Ltd.,Dipshikha Dhitopatra Karobar Co. Pvt Ltd.,75,676.0,50700.0,2025-08-12 12:26:06.004776
2025-08-12,51222,2025081205009697,SAHAS,Nepal Stock House (PVT) Ltd.,Nepal Investment And Securities Trading Private Limited,10,677.0,6770.0,2025-08-12 12:26:26.936521
2025-08-12,51221,2025081205009698,SAHAS,Nepal Stock House (PVT) Ltd.,Online Securities Pvt. Ltd.,10,677.0,6770.0,2025-08-12 12:26:26.937275
2025-08-12,51213,2025081205009700,SAHAS,Nepal Stock House (PVT) Ltd.,Sundhara Securities Limited,10,677.0,6770.0,2025-08-12 12:26:27.578537
2025-08-12,51122,2025081205009732,SAHAS,Cristal Kanchanjanga Securites Pvt. Ltd.,ABC Securities Private Limited,20,676.0,13520.0,2025-08-12 12:26:53.245600
2025-08-12,51106,2025081205009740,SAHAS,Cristal Kanchanjanga Securites Pvt. Ltd.,ABC Securities Private Limited,45,676.0,30420.0,2025-08-12 12:27:00.297854
2025-08-12,51105,2025081205009741,SAHAS,Nepal Stock House (PVT) Ltd.,ABC Securities Private Limited,85,676.0,57460.0,2025-08-12 12:27:00.298614
2025-08-12,51101,2025081205009743,SAHAS,Asian Securities Private Ltd.,Dipshikha Dhitopatra Karobar Co. Pvt Ltd.,10,675.1,6751.0,2025-08-12 12:27:03.370235
2025-08-12,51040,2025081205009760,SAHAS,Asian Securities Private Ltd.,ABC Securities Private Limited,50,675.1,33755.0,2025-08-12 12:27:10.367023
2025-08-12,50801,2025081205009825,SAHAS,Asian Securities Private Ltd.,Malla & Malla Stock Broking Company Pvt. Limited,10,675.1,6751.0,2025-08-12 12:28:01.472310
2025-08-12,50752,2025081205009844,SAHAS,Market Securities & Exchange (PVT) Ltd.,Sundhara Securities Limited,10,677.0,6770.0,2025-08-12 12:28:08.001440
2025-08-12,50591,2025081205009910,SAHAS,Asian Securities Private Ltd.,Shree Krishna Securities Ltd.,10,675.1,6751.0,2025-08-12 12:28:51.292913
2025-08-12,50335,2025081205009961,SAHAS,Asian Securities Private Ltd.,Premier Securities Company Ltd.,10,675.1,6751.0,2025-08-12 12:29:49.038435
2025-08-12,50260,2025081205009993,SAHAS,Asian Securities Private Ltd.,Miyo Securities Pvt Ltd,500,675.1,337550.0,2025-08-12 12:30:06.340190
2025-08-12,50251,2025081205009999,SAHAS,Cristal Kanchanjanga Securites Pvt. Ltd.,Sundhara Securities Limited,500,677.0,338500.0,2025-08-12 12:30:08.910098
2025-08-12,50210,2025081205010015,SAHAS,Asian Securities Private Ltd.,Vision Securities Pvt. Ltd,10,675.1,6751.0,2025-08-12 12:30:21.933015
2025-08-12,50095,2025081205010039,SAHAS,Asian Securities Private Ltd.,Nepal Investment And Securities Trading Private Limited,400,675.1,270040.0,2025-08-12 12:30:37.061204
2025-08-12,50094,2025081205010040,SAHAS,Asian Securities Private Ltd.,Nepal Investment And Securities Trading Private Limited,11,675.1,7426.1,2025-08-12 12:30:37.062160
2025-08-12,50093,2025081205010041,SAHAS,Asian Securities Private Ltd.,Nepal Investment And Securities Trading Private Limited,20,675.1,13502.0,2025-08-12 12:30:37.062849
2025-08-12,50092,2025081205010042,SAHAS,Premier Securities Company Ltd.,Nepal Investment And Securities Trading Private Limited,25,675.0,16875.0,2025-08-12 12:30:37.063535
2025-08-12,50091,2025081205010043,SAHAS,Dakshinkali Investment & Securities Pvt. Ltd.,Nepal Investment And Securities Trading Private Limited,1000,675.0,675000.0,2025-08-12 12:30:37.064219
2025-08-12,50090,2025081205010044,SAHAS,Naasa Securities Co. Ltd.,Nepal Investment And Securities Trading Private Limited,20,675.0,13500.0,2025-08-12 12:30:37.064903
2025-08-12,50089,2025081205010045,SAHAS,Linch Stock Market Ltd.,Nepal Investment And Securities Trading Private Limited,15,675.0,10125.0,2025-08-12 12:30:37.065591
2025-08-12,50088,2025081205010046,SAHAS,Siprabi Securities Pvt. Ltd.,Nepal Investment And Securities Trading Private Limited,1009,675.0,681075.0,2025-08-12 12:30:37.066231
2025-08-12,49897,2025081205010088,SAHAS,Asian Securities Private Ltd.,Miyo Securities Pvt Ltd,200,675.1,135020.0,2025-08-12 12:31:25.668822
2025-08-12,49821,2025081205010112,SAHAS,Asian Securities Private Ltd.,Dipshikha Dhitopatra Karobar Co. Pvt Ltd.,440,675.1,297044.0,2025-08-12 12:31:43.512337
2025-08-12,49614,2025081205010163,SAHAS,Asian Securities Private Ltd.,Siprabi Securities Pvt. Ltd.,10,675.1,6751.0,2025-08-12 12:32:24.819193
2025-08-12,49461,2025081205010204,SAHAS,Asian Securities Private Ltd.,Online Securities Pvt. Ltd.,70,675.1,47257.0,2025-08-12 12:33:07.575830
2025-08-12,49434,2025081205010217,SAHAS,Sagarmatha Securities Private Limited,Vision Securities Pvt. Ltd,200,675.2,135040.0,2025-08-12 12:33:16.276855
2025-08-12,49433,2025081205010218,SAHAS,Asian Securities Private Ltd.,Vision Securities Pvt. Ltd,350,675.1,236285.0,2025-08-12 12:33:16.277280
2025-08-12,49432,2025081205010219,SAHAS,Sri Hari Securities Pvt. Ltd.,Vision Securities Pvt. Ltd,1000,675.1,675100.0,2025-08-12 12:33:16.277466
2025-08-12,49431,2025081205010220,SAHAS,Siprabi Securities Pvt. Ltd.,Vision Securities Pvt. Ltd,3450,675.0,2328750.0,2025-08-12 12:33:16.277643
2025-08-12,49390,2025081205010234,SAHAS,Siprabi Securities Pvt. Ltd.,Nepal Stock House (PVT) Ltd.,2948,675.0,1989900.0,2025-08-12 12:33:28.370125
2025-08-12,49339,2025081205010254,SAHAS,Dynamic Money Managers Securities Pvt. Ltd.,Shree Krishna Securities Ltd.,10,674.3,6743.0,2025-08-12 12:33:38.472955
2025-08-12,49290,2025081205010271,SAHAS,Asian Securities Private Ltd.,Nepal Stock House (PVT) Ltd.,10,674.4,6744.0,2025-08-12 12:33:45.937015
2025-08-12,49249,2025081205010285,SAHAS,Asian Securities Private Ltd.,Bhrikuti Stock Broking Co. Pvt. Ltd.,990,674.4,667656.0,2025-08-12 12:33:56.308164
2025-08-12,49248,2025081205010286,SAHAS,Dynamic Money Managers Securities Pvt. Ltd.,Bhrikuti Stock Broking Co. Pvt. Ltd.,58,674.3,39109.4,2025-08-12 12:33:56.308286
2025-08-12,49247,2025081205010287,SAHAS,Sani Securities Company Ltd.,Bhrikuti Stock Broking Co. Pvt. Ltd.,100,674.1,67410.0,2025-08-12 12:33:56.308430
2025-08-12,49246,2025081205010288,SAHAS,Midas Stock Broking Company Private Limited,Bhrikuti Stock Broking Co. Pvt. Ltd.,200,674.0,134800.0,2025-08-12 12:33:56.308527
2025-08-12,49245,2025081205010289,SAHAS,Opal Securities Investment (PVT) Ltd.,Bhrikuti Stock Broking Co. Pvt. Ltd.,152,674.0,102448.0,2025-08-12 12:33:56.308600
2025-08-12,49036,2025081205010335,SAHAS,Opal Securities Investment (PVT) Ltd.,Naasa Securities Co. Ltd.,10,674.0,6740.0,2025-08-12 12:34:34.278693
2025-08-12,48870,2025081205010381,SAHAS,Dipshikha Dhitopatra Karobar Co. Pvt Ltd.,Nepal Stock House (PVT) Ltd.,50,675.0,33750.0,2025-08-12 12:35:10.387359
2025-08-12,48788,2025081205010405,SAHAS,Opal Securities Investment (PVT) Ltd.,Capital Max Securities Ltd,10,674.0,6740.0,2025-08-12 12:35:24.169621
2025-08-12,48751,2025081205010421,SAHAS,Opal Securities Investment (PVT) Ltd.,Deevyaa Securities & Stock House Pvt. Ltd,10,674.0,6740.0,2025-08-12 12:35:32.787419
2025-08-12,48677,2025081205010443,SAHAS,Opal Securities Investment (PVT) Ltd.,Dipshikha Dhitopatra Karobar Co. Pvt Ltd.,118,674.0,79532.0,2025-08-12 12:35:51.525870
2025-08-12,48676,2025081205010444,SAHAS,Arun Securities (PVT) Ltd.,Dipshikha Dhitopatra Karobar Co. Pvt Ltd.,82,674.0,55268.0,2025-08-12 12:35:51.526657
2025-08-12,48582,2025081205010472,SAHAS,Arun Securities (PVT) Ltd.,Online Securities Pvt. Ltd.,18,674.0,12132.0,2025-08-12 12:36:18.338137
2025-08-12,48581,2025081205010473,SAHAS,Bhrikuti Stock Broking Co. Pvt. Ltd.,Online Securities Pvt. Ltd.,112,674.0,75488.0,2025-08-12 12:36:18.338577
2025-08-12,48292,2025081205010567,SAHAS,Bhrikuti Stock Broking Co. Pvt. Ltd.,Agrawal Securities (PVT) Ltd.,200,674.0,134800.0,2025-08-12 12:37:16.400362
2025-08-12,48179,2025081205010602,SAHAS,Bhrikuti Stock Broking Co. Pvt. Ltd.,Naasa Securities Co. Ltd.,10,674.0,6740.0,2025-08-12 12:37:41.697459
2025-08-12,47950,2025081205010676,SAHAS,Bhrikuti Stock Broking Co. Pvt. Ltd.,Arun Securities (PVT) Ltd.,20,674.0,13480.0,2025-08-12 12:38:35.114293
2025-08-12,47920,2025081205010680,SAHAS,Bhrikuti Stock Broking Co. Pvt. Ltd.,Vision Securities Pvt. Ltd,10,674.0,6740.0,2025-08-12 12:38:46.847567
2025-08-12,47860,2025081205010689,SAHAS,Bhrikuti Stock Broking Co. Pvt. Ltd.,Online Securities Pvt. Ltd.,148,674.0,99752.0,2025-08-12 12:39:01.701104
2025-08-12,47859,2025081205010690,SAHAS,Sri Hari Securities Pvt. Ltd.,Online Securities Pvt. Ltd.,10,674.0,6740.0,2025-08-12 12:39:01.701528
2025-08-12,47858,2025081205010691,SAHAS,Sagarmatha Securities Private Limited,Online Securities Pvt. Ltd.,50,674.0,33700.0,2025-08-12 12:39:01.701741
2025-08-12,47857,2025081205010692,SAHAS,Sri Hari Securities Pvt. Ltd.,Online Securities Pvt. Ltd.,10,674.0,6740.0,2025-08-12 12:39:01.701916
2025-08-12,47856,2025081205010693,SAHAS,Sri Hari Securities Pvt. Ltd.,Online Securities Pvt. Ltd.,10,674.0,6740.0,2025-08-12 12:39:01.702099
2025-08-12,47855,2025081205010694,SAHAS,Sani Securities Company Ltd.,Online Securities Pvt. Ltd.,100,674.0,67400.0,2025-08-12 12:39:01.702272
2025-08-12,47854,2025081205010695,SAHAS,Siprabi Securities Pvt. Ltd.,Online Securities Pvt. Ltd.,372,674.0,250728.0,2025-08-12 12:39:01.702468
2025-08-12,47697,2025081205010759,SAHAS,Siprabi Securities Pvt. Ltd.,Imperial Securities Company Pvt. Ltd.,200,674.0,134800.0,2025-08-12 12:39:38.629842
2025-08-12,47674,2025081205010762,SAHAS,Siprabi Securities Pvt. Ltd.,Imperial Securities Company Pvt. Ltd.,10,674.0,6740.0,2025-08-12 12:39:41.661238
2025-08-12,47673,2025081205010763,SAHAS,Siprabi Securities Pvt. Ltd.,ABC Securities Private Limited,10,674.0,6740.0,2025-08-12 12:39:41.761270
2025-08-12,47557,2025081205010810,SAHAS,Siprabi Securities Pvt. Ltd.,Nepal Investment And Securities Trading Private Limited,10,674.0,6740.0,2025-08-12 12:40:06.824623
2025-08-12,47320,2025081205010912,SAHAS,Sipla Securities Private Limited,Naasa Securities Co. Ltd.,10,675.0,6750.0,2025-08-12 12:40:59.909339
2025-08-12,47319,2025081205010913,SAHAS,Sipla Securities Private Limited,Midas Stock Broking Company Private Limited,10,675.0,6750.0,2025-08-12 12:40:59.910197
2025-08-12,47318,2025081205010914,SAHAS,Sipla Securities Private Limited,Nagarik Stock Dealer ,10,675.0,6750.0,2025-08-12 12:40:59.910892
2025-08-12,47317,2025081205010915,SAHAS,Sipla Securities Private Limited,Sweta Securities Private Limited,10,675.0,6750.0,2025-08-12 12:40:59.911510
2025-08-12,47316,2025081205010916,SAHAS,Sipla Securities Private Limited,Nepal Investment And Securities Trading Private Limited,10,675.0,6750.0,2025-08-12 12:40:59.912143
2025-08-12,47315,2025081205010917,SAHAS,Sipla Securities Private Limited,Sani Securities Company Ltd.,10,675.0,6750.0,2025-08-12 12:40:59.912804
2025-08-12,47314,2025081205010918,SAHAS,Sipla Securities Private Limited,Sani Securities Company Ltd.,10,675.0,6750.0,2025-08-12 12:40:59.913469
2025-08-12,47176,2025081205010965,SAHAS,Sipla Securities Private Limited,Sundhara Securities Limited,108,675.0,72900.0,2025-08-12 12:41:23.985149
2025-08-12,47012,2025081205011028,SAHAS,Sipla Securities Private Limited,Online Securities Pvt. Ltd.,192,675.0,129600.0,2025-08-12 12:41:55.442667
2025-08-12,46174,2025081205011244,SAHAS,Primo Securities (PVT) Ltd.,Vision Securities Pvt. Ltd,10,674.1,6741.0,2025-08-12 12:44:13.017665
2025-08-12,46145,2025081205011253,SAHAS,Primo Securities (PVT) Ltd.,J.F. Securites (PVT) Ltd.,10,674.1,6741.0,2025-08-12 12:44:20.013082
2025-08-12,45705,2025081205011446,SAHAS,Vision Securities Pvt. Ltd,Nepal Stock House (PVT) Ltd.,500,674.9,337450.0,2025-08-12 12:45:41.686602
2025-08-12,45574,2025081205011494,SAHAS,Aryatara Investment & Securities,Miyo Securities Pvt Ltd,10,674.5,6745.0,2025-08-12 12:46:09.011359
2025-08-12,45573,2025081205011495,SAHAS,Primo Securities (PVT) Ltd.,Miyo Securities Pvt Ltd,90,674.1,60669.0,2025-08-12 12:46:09.012182
2025-08-12,45514,2025081205011515,SAHAS,Primo Securities (PVT) Ltd.,Trishakti Securities Public Limited,115,674.1,77521.5,2025-08-12 12:46:22.440929
2025-08-12,45395,2025081205011562,SAHAS,Primo Securities (PVT) Ltd.,Online Securities Pvt. Ltd.,250,674.1,168525.0,2025-08-12 12:46:52.755097
2025-08-12,45394,2025081205011563,SAHAS,Aryatara Investment & Securities,Online Securities Pvt. Ltd.,30,674.1,20223.0,2025-08-12 12:46:52.755948
2025-08-12,45316,2025081205011591,SAHAS,Online Securities Pvt. Ltd.,Online Securities Pvt. Ltd.,4,675.0,2700.0,2025-08-12 12:47:13.919062
2025-08-12,45166,2025081205011654,SAHAS,Aryatara Investment & Securities,Premier Securities Company Ltd.,10,674.1,6741.0,2025-08-12 12:47:41.644002
2025-08-12,45110,2025081205011663,SAHAS,Aryatara Investment & Securities,Opal Securities Investment (PVT) Ltd.,60,674.1,40446.0,2025-08-12 12:47:51.808533
2025-08-12,45109,2025081205011664,SAHAS,Sri Hari Securities Pvt. Ltd.,Opal Securities Investment (PVT) Ltd.,10,674.1,6741.0,2025-08-12 12:47:51.808988
2025-08-12,45108,2025081205011665,SAHAS,Siprabi Securities Pvt. Ltd.,Opal Securities Investment (PVT) Ltd.,881,674.0,593794.0,2025-08-12 12:47:51.809380
2025-08-12,45107,2025081205011666,SAHAS,Sri Hari Securities Pvt. Ltd.,Opal Securities Investment (PVT) Ltd.,549,674.0,370026.0,2025-08-12 12:47:51.809695
2025-08-12,44639,2025081205011827,SAHAS,Sri Hari Securities Pvt. Ltd.,Siprabi Securities Pvt. Ltd.,100,674.1,67410.0,2025-08-12 12:49:32.545947
2025-08-12,44638,2025081205011828,SAHAS,Primo Securities (PVT) Ltd.,Siprabi Securities Pvt. Ltd.,474,674.1,319523.4,2025-08-12 12:49:32.546791
2025-08-12,44637,2025081205011829,SAHAS,Sri Hari Securities Pvt. Ltd.,Siprabi Securities Pvt. Ltd.,426,674.0,287124.0,2025-08-12 12:49:32.547371
2025-08-12,44554,2025081205011864,SAHAS,Sri Hari Securities Pvt. Ltd.,Sundhara Securities Limited,25,674.0,16850.0,2025-08-12 12:49:52.213537
2025-08-12,44553,2025081205011865,SAHAS,Imperial Securities Company Pvt. Ltd.,Sundhara Securities Limited,455,674.0,306670.0,2025-08-12 12:49:52.214369
2025-08-12,44502,2025081205011881,SAHAS,Imperial Securities Company Pvt. Ltd.,Siprabi Securities Pvt. Ltd.,1000,674.0,674000.0,2025-08-12 12:50:06.813758
2025-08-12,44378,2025081205011936,SAHAS,Imperial Securities Company Pvt. Ltd.,Aryatara Investment & Securities,50,674.0,33700.0,2025-08-12 12:50:32.129863
2025-08-12,44359,2025081205011947,SAHAS,Imperial Securities Company Pvt. Ltd.,Nepal Investment And Securities Trading Private Limited,495,674.0,333630.0,2025-08-12 12:50:36.960419
2025-08-12,44358,2025081205011948,SAHAS,Arun Securities (PVT) Ltd.,Nepal Investment And Securities Trading Private Limited,25,674.0,16850.0,2025-08-12 12:50:36.961415
2025-08-12,44264,2025081205011992,SAHAS,Arun Securities (PVT) Ltd.,ABC Securities Private Limited,75,674.0,50550.0,2025-08-12 12:50:51.124904
2025-08-12,44263,2025081205011993,SAHAS,Naasa Securities Co. Ltd.,ABC Securities Private Limited,25,674.0,16850.0,2025-08-12 12:50:51.125326
2025-08-12,44194,2025081205012029,SAHAS,Naasa Securities Co. Ltd.,ABC Securities Private Limited,10,674.0,6740.0,2025-08-12 12:51:07.287818
2025-08-12,43792,2025081205012130,SAHAS,Naasa Securities Co. Ltd.,Online Securities Pvt. Ltd.,10,675.0,6750.0,2025-08-12 12:52:43.751782
2025-08-12,43768,2025081205012139,SAHAS,Naasa Securities Co. Ltd.,Imperial Securities Company Pvt. Ltd.,10,674.0,6740.0,2025-08-12 12:52:50.858398
2025-08-12,43329,2025081205012276,SAHAS,Linch Stock Market Ltd.,Dipshikha Dhitopatra Karobar Co. Pvt Ltd.,300,673.6,202080.0,2025-08-12 12:54:37.076040
2025-08-12,43328,2025081205012277,SAHAS,Sri Hari Securities Pvt. Ltd.,Dipshikha Dhitopatra Karobar Co. Pvt Ltd.,60,673.6,40416.0,2025-08-12 12:54:37.076553
2025-08-12,43327,2025081205012278,SAHAS,Sri Hari Securities Pvt. Ltd.,Dipshikha Dhitopatra Karobar Co. Pvt Ltd.,234,673.6,157622.4,2025-08-12 12:54:37.076815
2025-08-12,43236,2025081205012317,SAHAS,Dynamic Money Managers Securities Pvt. Ltd.,Online Securities Pvt. Ltd.,68,675.0,45900.0,2025-08-12 12:55:04.653506
2025-08-12,43235,2025081205012318,SAHAS,Dynamic Money Managers Securities Pvt. Ltd.,Premier Securities Company Ltd.,100,675.0,67500.0,2025-08-12 12:55:04.654406
2025-08-12,43234,2025081205012319,SAHAS,Dynamic Money Managers Securities Pvt. Ltd.,Online Securities Pvt. Ltd.,20,675.0,13500.0,2025-08-12 12:55:04.655248
2025-08-12,43233,2025081205012320,SAHAS,Dynamic Money Managers Securities Pvt. Ltd.,Deevyaa Securities & Stock House Pvt. Ltd,10,675.0,6750.0,2025-08-12 12:55:04.656071
2025-08-12,43232,2025081205012321,SAHAS,Dynamic Money Managers Securities Pvt. Ltd.,Aryatara Investment & Securities,335,675.0,226125.0,2025-08-12 12:55:04.656941
2025-08-12,43034,2025081205012400,SAHAS,ABC Securities Private Limited,Aryatara Investment & Securities,30,675.0,20250.0,2025-08-12 12:55:51.366238
2025-08-12,43021,2025081205012403,SAHAS,Sri Hari Securities Pvt. Ltd.,Dipshikha Dhitopatra Karobar Co. Pvt Ltd.,10,673.6,6736.0,2025-08-12 12:55:52.965720
2025-08-12,42802,2025081205012467,SAHAS,Sri Hari Securities Pvt. Ltd.,Malla & Malla Stock Broking Company Pvt. Limited,100,673.6,67360.0,2025-08-12 12:56:51.708402
2025-08-12,42697,2025081205012516,SAHAS,Sri Hari Securities Pvt. Ltd.,Imperial Securities Company Pvt. Ltd.,10,673.6,6736.0,2025-08-12 12:57:27.020734
2025-08-12,42665,2025081205012531,SAHAS,Sri Hari Securities Pvt. Ltd.,Asian Securities Private Ltd.,10,673.6,6736.0,2025-08-12 12:57:36.840077
2025-08-12,42657,2025081205012532,SAHAS,Cristal Kanchanjanga Securites Pvt. Ltd.,Opal Securities Investment (PVT) Ltd.,16,674.0,10784.0,2025-08-12 12:57:37.540034
2025-08-12,42537,2025081205012578,SAHAS,Sri Hari Securities Pvt. Ltd.,Naasa Securities Co. Ltd.,15,673.6,10104.0,2025-08-12 12:58:09.533183
2025-08-12,42319,2025081205012667,SAHAS,Cristal Kanchanjanga Securites Pvt. Ltd.,Kalika Securities Pvt. Ltd.,10,674.0,6740.0,2025-08-12 12:59:19.936060
2025-08-12,42162,2025081205012726,SAHAS,Sri Hari Securities Pvt. Ltd.,Nepal Stock House (PVT) Ltd.,10,673.6,6736.0,2025-08-12 13:00:01.401772
2025-08-12,42114,2025081205012735,SAHAS,Sri Hari Securities Pvt. Ltd.,Investment Management Nepal Pvt. Ltd.,200,673.6,134720.0,2025-08-12 13:00:11.049366
2025-08-12,41874,2025081205012850,SAHAS,Sundhara Securities Limited,Online Securities Pvt. Ltd.,50,673.7,33685.0,2025-08-12 13:01:06.222414
2025-08-12,41873,2025081205012851,SAHAS,Sri Hari Securities Pvt. Ltd.,Online Securities Pvt. Ltd.,411,673.6,276849.6,2025-08-12 13:01:06.222878
2025-08-12,41872,2025081205012852,SAHAS,Kohinoor Investment & Securities Pvt. Ltd.,Online Securities Pvt. Ltd.,172,673.5,115842.0,2025-08-12 13:01:06.223084
2025-08-12,41853,2025081205012862,SAHAS,Kohinoor Investment & Securities Pvt. Ltd.,Nepal Investment And Securities Trading Private Limited,128,673.5,86208.0,2025-08-12 13:01:14.037205
2025-08-12,41852,2025081205012863,SAHAS,Nepal Investment And Securities Trading Private Limited,Nepal Investment And Securities Trading Private Limited,72,673.5,48492.0,2025-08-12 13:01:14.037652
2025-08-12,41805,2025081205012872,SAHAS,Nepal Investment And Securities Trading Private Limited,Online Securities Pvt. Ltd.,500,673.5,336750.0,2025-08-12 13:01:22.523199
2025-08-12,41790,2025081205012878,SAHAS,Nepal Investment And Securities Trading Private Limited,Online Securities Pvt. Ltd.,428,673.5,288258.0,2025-08-12 13:01:27.566700
2025-08-12,41789,2025081205012879,SAHAS,Naasa Securities Co. Ltd.,Online Securities Pvt. Ltd.,72,673.4,48484.8,2025-08-12 13:01:27.567220
2025-08-12,41770,2025081205012884,SAHAS,Naasa Securities Co. Ltd.,Online Securities Pvt. Ltd.,118,673.4,79461.2,2025-08-12 13:01:32.626638
2025-08-12,41769,2025081205012885,SAHAS,Agrawal Securities (PVT) Ltd.,Online Securities Pvt. Ltd.,10,673.3,6733.0,2025-08-12 13:01:32.627139
2025-08-12,41768,2025081205012886,SAHAS,Sri Hari Securities Pvt. Ltd.,Online Securities Pvt. Ltd.,200,673.3,134660.0,2025-08-12 13:01:32.627430
2025-08-12,41767,2025081205012887,SAHAS,Imperial Securities Company Pvt. Ltd.,Online Securities Pvt. Ltd.,50,673.2,33660.0,2025-08-12 13:01:32.627863
2025-08-12,41766,2025081205012888,SAHAS,Premier Securities Company Ltd.,Online Securities Pvt. Ltd.,100,673.2,67320.0,2025-08-12 13:01:32.628137
2025-08-12,41765,2025081205012889,SAHAS,Agrawal Securities (PVT) Ltd.,Online Securities Pvt. Ltd.,20,673.1,13462.0,2025-08-12 13:01:32.628390
2025-08-12,41741,2025081205012897,SAHAS,Dakshinkali Investment & Securities Pvt. Ltd.,Online Securities Pvt. Ltd.,500,673.0,336500.0,2025-08-12 13:01:36.685179
2025-08-12,41704,2025081205012901,SAHAS,Dakshinkali Investment & Securities Pvt. Ltd.,Online Securities Pvt. Ltd.,500,673.0,336500.0,2025-08-12 13:01:43.749228
2025-08-12,41676,2025081205012915,SAHAS,Miyo Securities Pvt Ltd,Online Securities Pvt. Ltd.,50,673.0,33650.0,2025-08-12 13:01:48.784552
2025-08-12,41675,2025081205012916,SAHAS,Opal Securities Investment (PVT) Ltd.,Online Securities Pvt. Ltd.,330,673.0,222090.0,2025-08-12 13:01:48.785050
2025-08-12,41674,2025081205012917,SAHAS,Oxford Securities Pvt. Ltd.,Online Securities Pvt. Ltd.,120,673.0,80760.0,2025-08-12 13:01:48.785285
2025-08-12,41646,2025081205012921,SAHAS,Sri Hari Securities Pvt. Ltd.,Online Securities Pvt. Ltd.,500,673.1,336550.0,2025-08-12 13:01:53.822078
2025-08-12,41597,2025081205012946,SAHAS,Sri Hari Securities Pvt. Ltd.,Online Securities Pvt. Ltd.,500,673.1,336550.0,2025-08-12 13:02:00.868632
2025-08-12,41329,2025081205013058,SAHAS,Pragyan Securities (PVT) Ltd.,Nepal Investment And Securities Trading Private Limited,10,673.5,6735.0,2025-08-12 13:03:01.503010
2025-08-12,41131,2025081205013125,SAHAS,Pragyan Securities (PVT) Ltd.,Vision Securities Pvt. Ltd,190,673.5,127965.0,2025-08-12 13:03:52.484442
2025-08-12,41130,2025081205013126,SAHAS,Oxford Securities Pvt. Ltd.,Vision Securities Pvt. Ltd,178,673.0,119794.0,2025-08-12 13:03:52.484879
2025-08-12,41129,2025081205013127,SAHAS,Sri Hari Securities Pvt. Ltd.,Vision Securities Pvt. Ltd,1000,673.0,673000.0,2025-08-12 13:03:52.485110
2025-08-12,40122,2025081205013360,SAHAS,Agrawal Securities (PVT) Ltd.,Oxford Securities Pvt. Ltd.,10,672.1,6721.0,2025-08-12 13:08:05.896570
2025-08-12,40017,2025081205013392,SAHAS,Agrawal Securities (PVT) Ltd.,Machhapuchchhre Securities Limited,40,672.1,26884.0,2025-08-12 13:08:33.828443
2025-08-12,40016,2025081205013393,SAHAS,Agrawal Securities (PVT) Ltd.,Machhapuchchhre Securities Limited,10,672.1,6721.0,2025-08-12 13:08:33.828511
2025-08-12,40015,2025081205013394,SAHAS,Agrawal Securities (PVT) Ltd.,Machhapuchchhre Securities Limited,20,672.1,13442.0,2025-08-12 13:08:33.828536
2025-08-12,40014,2025081205013395,SAHAS,Agrawal Securities (PVT) Ltd.,Machhapuchchhre Securities Limited,30,672.1,20163.0,2025-08-12 13:08:33.828560
2025-08-12,40013,2025081205013396,SAHAS,Sri Hari Securities Pvt. Ltd.,Machhapuchchhre Securities Limited,30,672.1,20163.0,2025-08-12 13:08:33.828581
2025-08-12,40006,2025081205013399,SAHAS,Sri Hari Securities Pvt. Ltd.,Naasa Securities Co. Ltd.,250,672.1,168025.0,2025-08-12 13:08:38.285203
2025-08-12,39994,2025081205013405,SAHAS,Sri Hari Securities Pvt. Ltd.,ABC Securities Private Limited,100,672.1,67210.0,2025-08-12 13:08:43.565600
2025-08-12,39958,2025081205013416,SAHAS,Sri Hari Securities Pvt. Ltd.,Machhapuchchhre Securities Limited,30,672.1,20163.0,2025-08-12 13:08:57.892197
2025-08-12,39956,2025081205013417,SAHAS,Sri Hari Securities Pvt. Ltd.,Nagarik Stock Dealer ,561,672.1,377048.1,2025-08-12 13:08:59.901286
2025-08-12,39919,2025081205013427,SAHAS,Sri Hari Securities Pvt. Ltd.,Asian Securities Private Ltd.,129,672.1,86700.9,2025-08-12 13:09:07.771137
2025-08-12,39918,2025081205013428,SAHAS,Primo Securities (PVT) Ltd.,Asian Securities Private Ltd.,371,672.0,249312.0,2025-08-12 13:09:07.772075
2025-08-12,39902,2025081205013434,SAHAS,Primo Securities (PVT) Ltd.,Machhapuchchhre Securities Limited,40,672.0,26880.0,2025-08-12 13:09:15.941393
2025-08-12,39873,2025081205013444,SAHAS,Primo Securities (PVT) Ltd.,Machhapuchchhre Securities Limited,35,672.0,23520.0,2025-08-12 13:09:25.970951
2025-08-12,39820,2025081205013454,SAHAS,Primo Securities (PVT) Ltd.,Machhapuchchhre Securities Limited,40,672.0,26880.0,2025-08-12 13:09:38.010771
2025-08-12,39789,2025081205013471,SAHAS,Primo Securities (PVT) Ltd.,Machhapuchchhre Securities Limited,50,672.0,33600.0,2025-08-12 13:09:47.038560
2025-08-12,39769,2025081205013479,SAHAS,Primo Securities (PVT) Ltd.,Machhapuchchhre Securities Limited,25,672.0,16800.0,2025-08-12 13:09:56.067200
2025-08-12,39759,2025081205013483,SAHAS,Primo Securities (PVT) Ltd.,Primo Securities (PVT) Ltd.,10,672.0,6720.0,2025-08-12 13:10:00.103971
2025-08-12,39734,2025081205013489,SAHAS,Primo Securities (PVT) Ltd.,Machhapuchchhre Securities Limited,40,672.0,26880.0,2025-08-12 13:10:05.091185
2025-08-12,39686,2025081205013503,SAHAS,Primo Securities (PVT) Ltd.,Machhapuchchhre Securities Limited,40,672.0,26880.0,2025-08-12 13:10:15.119356
2025-08-12,39661,2025081205013513,SAHAS,Primo Securities (PVT) Ltd.,Machhapuchchhre Securities Limited,30,672.0,20160.0,2025-08-12 13:10:24.143726
2025-08-12,39639,2025081205013524,SAHAS,Primo Securities (PVT) Ltd.,Machhapuchchhre Securities Limited,30,672.0,20160.0,2025-08-12 13:10:33.172175
2025-08-12,39611,2025081205013530,SAHAS,Naasa Securities Co. Ltd.,Investment Management Nepal Pvt. Ltd.,10,672.8,6728.0,2025-08-12 13:10:37.800815
2025-08-12,39599,2025081205013532,SAHAS,Primo Securities (PVT) Ltd.,Machhapuchchhre Securities Limited,30,672.0,20160.0,2025-08-12 13:10:42.195862
2025-08-12,39565,2025081205013536,SAHAS,Primo Securities (PVT) Ltd.,Vision Securities Pvt. Ltd,259,672.0,174048.0,2025-08-12 13:10:51.104950
2025-08-12,39564,2025081205013537,SAHAS,Imperial Securities Company Pvt. Ltd.,Vision Securities Pvt. Ltd,100,672.0,67200.0,2025-08-12 13:10:51.105816
2025-08-12,39563,2025081205013538,SAHAS,Kalika Securities Pvt. Ltd.,Vision Securities Pvt. Ltd,100,672.0,67200.0,2025-08-12 13:10:51.106458
2025-08-12,39562,2025081205013539,SAHAS,ABC Securities Private Limited,Vision Securities Pvt. Ltd,200,672.0,134400.0,2025-08-12 13:10:51.107056
2025-08-12,39561,2025081205013540,SAHAS,Asian Securities Private Ltd.,Vision Securities Pvt. Ltd,500,672.0,336000.0,2025-08-12 13:10:51.107663
2025-08-12,39554,2025081205013542,SAHAS,Naasa Securities Co. Ltd.,Machhapuchchhre Securities Limited,200,671.9,134380.0,2025-08-12 13:10:56.230124
2025-08-12,39530,2025081205013550,SAHAS,Naasa Securities Co. Ltd.,Machhapuchchhre Securities Limited,20,671.9,13438.0,2025-08-12 13:11:06.255752
2025-08-12,39508,2025081205013560,SAHAS,Naasa Securities Co. Ltd.,Machhapuchchhre Securities Limited,20,671.9,13438.0,2025-08-12 13:11:15.280367
2025-08-12,39470,2025081205013567,SAHAS,Naasa Securities Co. Ltd.,Machhapuchchhre Securities Limited,10,671.9,6719.0,2025-08-12 13:11:25.308167
2025-08-12,39438,2025081205013573,SAHAS,Agrawal Securities (PVT) Ltd.,Machhapuchchhre Securities Limited,30,671.6,20148.0,2025-08-12 13:11:34.332243
2025-08-12,39437,2025081205013574,SAHAS,Agrawal Securities (PVT) Ltd.,Machhapuchchhre Securities Limited,20,671.5,13430.0,2025-08-12 13:11:34.332345
2025-08-12,39397,2025081205013585,SAHAS,Agrawal Securities (PVT) Ltd.,Machhapuchchhre Securities Limited,20,671.5,13430.0,2025-08-12 13:11:47.369309
2025-08-12,39396,2025081205013586,SAHAS,Agrawal Securities (PVT) Ltd.,Machhapuchchhre Securities Limited,10,671.4,6714.0,2025-08-12 13:11:47.369369
2025-08-12,39356,2025081205013595,SAHAS,Agrawal Securities (PVT) Ltd.,Machhapuchchhre Securities Limited,10,671.4,6714.0,2025-08-12 13:11:59.403495
2025-08-12,39355,2025081205013596,SAHAS,Sweta Securities Private Limited,Machhapuchchhre Securities Limited,40,671.4,26856.0,2025-08-12 13:11:59.403539
2025-08-12,39240,2025081205013639,SAHAS,Sweta Securities Private Limited,Machhapuchchhre Securities Limited,10,671.4,6714.0,2025-08-12 13:12:23.459468
2025-08-12,39239,2025081205013640,SAHAS,Agrawal Securities (PVT) Ltd.,Machhapuchchhre Securities Limited,20,671.4,13428.0,2025-08-12 13:12:23.459539
2025-08-12,39218,2025081205013653,SAHAS,Trademow Securities Private Limited,Pragyan Securities (PVT) Ltd.,10,671.5,6715.0,2025-08-12 13:12:29.836159
2025-08-12,39207,2025081205013657,SAHAS,Trademow Securities Private Limited,Machhapuchchhre Securities Limited,30,671.5,20145.0,2025-08-12 13:12:33.488036
2025-08-12,39169,2025081205013666,SAHAS,Trademow Securities Private Limited,Machhapuchchhre Securities Limited,15,671.5,10072.5,2025-08-12 13:12:45.519610
2025-08-12,39149,2025081205013673,SAHAS,Trademow Securities Private Limited,Machhapuchchhre Securities Limited,30,671.5,20145.0,2025-08-12 13:12:54.544704
2025-08-12,39148,2025081205013674,SAHAS,Agrawal Securities (PVT) Ltd.,Machhapuchchhre Securities Limited,10,671.4,6714.0,2025-08-12 13:12:54.544782
2025-08-12,39124,2025081205013686,SAHAS,Agrawal Securities (PVT) Ltd.,Trishakti Securities Public Limited,10,671.4,6714.0,2025-08-12 13:13:00.385723
2025-08-12,39100,2025081205013706,SAHAS,Agrawal Securities (PVT) Ltd.,Machhapuchchhre Securities Limited,30,671.3,20139.0,2025-08-12 13:13:04.574461
2025-08-12,39099,2025081205013707,SAHAS,Agrawal Securities (PVT) Ltd.,Machhapuchchhre Securities Limited,10,671.2,6712.0,2025-08-12 13:13:04.574563
2025-08-12,39075,2025081205013713,SAHAS,Agrawal Securities (PVT) Ltd.,Machhapuchchhre Securities Limited,30,671.2,20136.0,2025-08-12 13:13:14.600453
2025-08-12,39074,2025081205013714,SAHAS,Agrawal Securities (PVT) Ltd.,Machhapuchchhre Securities Limited,20,671.1,13422.0,2025-08-12 13:13:14.600497
2025-08-12,38966,2025081205013751,SAHAS,Agrawal Securities (PVT) Ltd.,Machhapuchchhre Securities Limited,30,671.1,20133.0,2025-08-12 13:13:31.644449
2025-08-12,38965,2025081205013752,SAHAS,Kumari Securities Private Limited,Machhapuchchhre Securities Limited,20,671.1,13422.0,2025-08-12 13:13:31.644610
2025-08-12,38905,2025081205013766,SAHAS,Kumari Securities Private Limited,Machhapuchchhre Securities Limited,60,671.1,40266.0,2025-08-12 13:13:45.681455
2025-08-12,38873,2025081205013777,SAHAS,Kumari Securities Private Limited,Machhapuchchhre Securities Limited,20,671.1,13422.0,2025-08-12 13:13:55.709189
2025-08-12,38872,2025081205013778,SAHAS,Agrawal Securities (PVT) Ltd.,Machhapuchchhre Securities Limited,20,671.1,13422.0,2025-08-12 13:13:55.709267
2025-08-12,38871,2025081205013779,SAHAS,Agrawal Securities (PVT) Ltd.,Machhapuchchhre Securities Limited,10,671.1,6711.0,2025-08-12 13:13:55.709323
2025-08-12,38845,2025081205013789,SAHAS,Asian Securities Private Ltd.,Blue Chip Securities Ltd,250,671.0,167750.0,2025-08-12 13:14:04.382505
2025-08-12,38820,2025081205013792,SAHAS,Asian Securities Private Ltd.,Nepal Stock House (PVT) Ltd.,50,671.0,33550.0,2025-08-12 13:14:09.260636
2025-08-12,38819,2025081205013793,SAHAS,Opal Securities Investment (PVT) Ltd.,Nepal Stock House (PVT) Ltd.,25,671.0,16775.0,2025-08-12 13:14:09.261762
2025-08-12,38818,2025081205013794,SAHAS,Opal Securities Investment (PVT) Ltd.,Nepal Stock House (PVT) Ltd.,92,671.0,61732.0,2025-08-12 13:14:09.262720
2025-08-12,38693,2025081205013812,SAHAS,Opal Securities Investment (PVT) Ltd.,Machhapuchchhre Securities Limited,120,671.0,80520.0,2025-08-12 13:14:24.845398
2025-08-12,38637,2025081205013818,SAHAS,Opal Securities Investment (PVT) Ltd.,Primo Securities (PVT) Ltd.,10,671.0,6710.0,2025-08-12 13:14:32.311131
2025-08-12,38633,2025081205013820,SAHAS,Opal Securities Investment (PVT) Ltd.,Machhapuchchhre Securities Limited,50,671.0,33550.0,2025-08-12 13:14:34.876133
2025-08-12,38602,2025081205013830,SAHAS,Opal Securities Investment (PVT) Ltd.,Kohinoor Investment & Securities Pvt. Ltd.,10,671.0,6710.0,2025-08-12 13:14:40.362938
2025-08-12,38600,2025081205013831,SAHAS,Opal Securities Investment (PVT) Ltd.,Machhapuchchhre Securities Limited,50,671.0,33550.0,2025-08-12 13:14:43.911863
2025-08-12,38580,2025081205013841,SAHAS,Opal Securities Investment (PVT) Ltd.,Neev Securities Pvt. Ltd.,68,671.0,45628.0,2025-08-12 13:14:50.885271
2025-08-12,38579,2025081205013842,SAHAS,Kohinoor Investment & Securities Pvt. Ltd.,Neev Securities Pvt. Ltd.,20,671.0,13420.0,2025-08-12 13:14:50.886195
2025-08-12,38578,2025081205013843,SAHAS,Linch Stock Market Ltd.,Neev Securities Pvt. Ltd.,15,671.0,10065.0,2025-08-12 13:14:50.886838
2025-08-12,38577,2025081205013844,SAHAS,Naasa Securities Co. Ltd.,Neev Securities Pvt. Ltd.,63,671.0,42273.0,2025-08-12 13:14:50.887470
