Date,S.N.,contract_id,symbol,buyer_broker,seller_broker,volume,price,amount,transaction_time
2025-08-12,77995,2025081204000031,SHEL,Bhrikuti Stock Broking Co. Pvt. Ltd.,Sundhara Securities Limited,10,300.0,3000.0,2025-08-12 11:00:55.457994
2025-08-12,77799,2025081204000059,SHEL,Naasa Securities Co. Ltd.,Naasa Securities Co. Ltd.,10,302.1,3021.0,2025-08-12 11:01:50.990230
2025-08-12,77791,2025081204000060,SHEL,Naasa Securities Co. Ltd.,Midas Stock Broking Company Private Limited,10,302.1,3021.0,2025-08-12 11:01:52.585168
2025-08-12,77763,2025081204000064,SHEL,Vision Securities Pvt. Ltd,Bhrikuti Stock Broking Co. Pvt. Ltd.,50,305.0,15250.0,2025-08-12 11:01:58.649924
2025-08-12,77603,2025081204000077,SHEL,Naasa Securities Co. Ltd.,Neev Securities Pvt. Ltd.,10,302.1,3021.0,2025-08-12 11:02:38.751292
2025-08-12,77468,2025081204000101,SHEL,Agrawal Securities (PVT) Ltd.,BHOLE GANESH SECURITIES LTD,500,302.2,151100.0,2025-08-12 11:03:02.051404
2025-08-12,76645,2025081204000270,SHEL,Sri Hari Securities Pvt. Ltd.,Bhrikuti Stock Broking Co. Pvt. Ltd.,10,305.0,3050.0,2025-08-12 11:06:27.744907
2025-08-12,76490,2025081204000306,SHEL,Sewa Securities Pvt. Ltd.,Bhrikuti Stock Broking Co. Pvt. Ltd.,240,305.0,73200.0,2025-08-12 11:07:08.318059
2025-08-12,76489,2025081204000307,SHEL,Sewa Securities Pvt. Ltd.,Asian Securities Private Ltd.,100,305.0,30500.0,2025-08-12 11:07:08.318274
2025-08-12,76406,2025081204000333,SHEL,Sri Hari Securities Pvt. Ltd.,Aryatara Investment & Securities,10,305.9,3059.0,2025-08-12 11:07:23.894810
2025-08-12,76353,2025081204000355,SHEL,Sewa Securities Pvt. Ltd.,Shree Krishna Securities Ltd.,50,303.1,15155.0,2025-08-12 11:07:37.648055
2025-08-12,75648,2025081204000551,SHEL,Naasa Securities Co. Ltd.,Naasa Securities Co. Ltd.,10,304.0,3040.0,2025-08-12 11:10:01.597980
2025-08-12,75557,2025081204000573,SHEL,Naasa Securities Co. Ltd.,Naasa Securities Co. Ltd.,10,304.0,3040.0,2025-08-12 11:10:25.220892
2025-08-12,75556,2025081204000574,SHEL,Market Securities & Exchange (PVT) Ltd.,Naasa Securities Co. Ltd.,10,304.0,3040.0,2025-08-12 11:10:25.221153
2025-08-12,75400,2025081204000611,SHEL,Market Securities & Exchange (PVT) Ltd.,Bhrikuti Stock Broking Co. Pvt. Ltd.,840,304.0,255360.0,2025-08-12 11:11:02.640908
2025-08-12,75346,2025081204000619,SHEL,Dipshikha Dhitopatra Karobar Co. Pvt Ltd.,Bhrikuti Stock Broking Co. Pvt. Ltd.,100,304.0,30400.0,2025-08-12 11:11:13.776879
2025-08-12,75128,2025081204000667,SHEL,Vision Securities Pvt. Ltd,Bhrikuti Stock Broking Co. Pvt. Ltd.,30,304.0,9120.0,2025-08-12 11:12:02.941364
2025-08-12,75009,2025081204000683,SHEL,Dynamic Money Managers Securities Pvt. Ltd.,Bhrikuti Stock Broking Co. Pvt. Ltd.,30,304.0,9120.0,2025-08-12 11:12:34.029476
2025-08-12,74915,2025081204000713,SHEL,Secured Securities Ltd.,Aryatara Investment & Securities,500,305.0,152500.0,2025-08-12 11:12:56.895836
2025-08-12,74914,2025081204000714,SHEL,Secured Securities Ltd.,Ashutosh Brokerage & Securities (PVT) Ltd.,500,305.0,152500.0,2025-08-12 11:12:56.896102
2025-08-12,74913,2025081204000715,SHEL,Secured Securities Ltd.,Premier Securities Company Ltd.,500,305.0,152500.0,2025-08-12 11:12:56.896270
2025-08-12,74912,2025081204000716,SHEL,Secured Securities Ltd.,SHUBHAKAMANA SECURITIES PVT. LTD,1000,305.0,305000.0,2025-08-12 11:12:56.896454
2025-08-12,74911,2025081204000717,SHEL,Secured Securities Ltd.,Linch Stock Market Ltd.,20,305.0,6100.0,2025-08-12 11:12:56.896654
2025-08-12,74910,2025081204000718,SHEL,Secured Securities Ltd.,Naasa Securities Co. Ltd.,20,305.0,6100.0,2025-08-12 11:12:56.896821
2025-08-12,74778,2025081204000754,SHEL,Secured Securities Ltd.,Oxford Securities Pvt. Ltd.,10,305.0,3050.0,2025-08-12 11:13:29.387900
2025-08-12,74609,2025081204000807,SHEL,Secured Securities Ltd.,Nepal Stock House (PVT) Ltd.,1500,305.0,457500.0,2025-08-12 11:14:09.343730
2025-08-12,74552,2025081204000824,SHEL,Imperial Securities Company Pvt. Ltd.,Vision Securities Pvt. Ltd,12,306.0,3672.0,2025-08-12 11:14:24.937245
2025-08-12,74532,2025081204000828,SHEL,Secured Securities Ltd.,Nepal Stock House (PVT) Ltd.,20,305.0,6100.0,2025-08-12 11:14:31.605038
2025-08-12,74472,2025081204000840,SHEL,Secured Securities Ltd.,Opal Securities Investment (PVT) Ltd.,200,305.0,61000.0,2025-08-12 11:14:48.972427
2025-08-12,74379,2025081204000878,SHEL,Vision Securities Pvt. Ltd,Cristal Kanchanjanga Securites Pvt. Ltd.,50,305.9,15295.0,2025-08-12 11:15:09.397806
2025-08-12,74378,2025081204000879,SHEL,Secured Securities Ltd.,Dynamic Money Managers Securities Pvt. Ltd.,730,305.0,222650.0,2025-08-12 11:15:09.968138
2025-08-12,74147,2025081204000945,SHEL,Elite Stock House Limited,Sani Securities Company Ltd.,200,303.6,60720.0,2025-08-12 11:15:57.144899
2025-08-12,74146,2025081204000946,SHEL,Imperial Securities Company Pvt. Ltd.,Sani Securities Company Ltd.,100,303.6,30360.0,2025-08-12 11:15:57.145226
2025-08-12,74145,2025081204000947,SHEL,Stoxkarts Securities Limited,Sani Securities Company Ltd.,50,303.2,15160.0,2025-08-12 11:15:57.145437
2025-08-12,74144,2025081204000948,SHEL,Online Securities Pvt. Ltd.,Sani Securities Company Ltd.,16,303.0,4848.0,2025-08-12 11:15:57.145625
2025-08-12,74143,2025081204000949,SHEL,Premier Securities Company Ltd.,Sani Securities Company Ltd.,36,303.0,10908.0,2025-08-12 11:15:57.145807
2025-08-12,74117,2025081204000956,SHEL,Premier Securities Company Ltd.,Sweta Securities Private Limited,200,303.0,60600.0,2025-08-12 11:16:02.398011
2025-08-12,74025,2025081204000976,SHEL,Premier Securities Company Ltd.,Sweta Securities Private Limited,200,303.0,60600.0,2025-08-12 11:16:22.502810
2025-08-12,73786,2025081204001048,SHEL,Premier Securities Company Ltd.,Sumeru Securities Pvt. Ltd.,64,303.0,19392.0,2025-08-12 11:17:18.689679
2025-08-12,73785,2025081204001049,SHEL,ABC Securities Private Limited,Sumeru Securities Pvt. Ltd.,36,303.0,10908.0,2025-08-12 11:17:18.689889
2025-08-12,72699,2025081204001271,SHEL,ABC Securities Private Limited,Thrive Brokerage House Pvt. Ltd,64,303.0,19392.0,2025-08-12 11:20:34.648564
2025-08-12,72698,2025081204001272,SHEL,Sewa Securities Pvt. Ltd.,Thrive Brokerage House Pvt. Ltd,236,303.0,71508.0,2025-08-12 11:20:34.648739
2025-08-12,72459,2025081204001348,SHEL,Sewa Securities Pvt. Ltd.,Premier Securities Company Ltd.,20,303.0,6060.0,2025-08-12 11:21:10.278051
2025-08-12,72000,2025081204001483,SHEL,Sewa Securities Pvt. Ltd.,Sani Securities Company Ltd.,44,303.0,13332.0,2025-08-12 11:22:39.343582
2025-08-12,71999,2025081204001484,SHEL,Primo Securities (PVT) Ltd.,Sani Securities Company Ltd.,50,303.0,15150.0,2025-08-12 11:22:39.343751
2025-08-12,71856,2025081204001519,SHEL,Trishakti Securities Public Limited,Sweta Securities Private Limited,25,304.0,7600.0,2025-08-12 11:23:03.937951
2025-08-12,71792,2025081204001533,SHEL,Nepal Stock House (PVT) Ltd.,Nepal Stock House (PVT) Ltd.,10,302.5,3025.0,2025-08-12 11:23:11.567072
2025-08-12,71555,2025081204001604,SHEL,Capital Hub P. Ltd,Naasa Securities Co. Ltd.,990,302.6,299574.0,2025-08-12 11:23:49.295097
2025-08-12,71435,2025081204001624,SHEL,Nepal Stock House (PVT) Ltd.,Naasa Securities Co. Ltd.,490,302.5,148225.0,2025-08-12 11:24:04.440606
2025-08-12,71328,2025081204001654,SHEL,Nepal Investment And Securities Trading Private Limited,Naasa Securities Co. Ltd.,255,302.3,77086.5,2025-08-12 11:24:19.523761
2025-08-12,71257,2025081204001673,SHEL,Midas Stock Broking Company Private Limited,Naasa Securities Co. Ltd.,10,302.2,3022.0,2025-08-12 11:24:32.683275
2025-08-12,71256,2025081204001674,SHEL,Nepal Investment And Securities Trading Private Limited,Naasa Securities Co. Ltd.,85,302.0,25670.0,2025-08-12 11:24:32.683475
2025-08-12,71255,2025081204001675,SHEL,Sri Hari Securities Pvt. Ltd.,Naasa Securities Co. Ltd.,875,302.0,264250.0,2025-08-12 11:24:32.683553
2025-08-12,71090,2025081204001724,SHEL,Sri Hari Securities Pvt. Ltd.,Secured Securities Ltd.,20,302.0,6040.0,2025-08-12 11:25:03.052841
2025-08-12,71088,2025081204001725,SHEL,Sri Hari Securities Pvt. Ltd.,Kohinoor Investment & Securities Pvt. Ltd.,1105,302.0,333710.0,2025-08-12 11:25:03.343033
2025-08-12,71087,2025081204001726,SHEL,Vision Securities Pvt. Ltd,Kohinoor Investment & Securities Pvt. Ltd.,50,302.0,15100.0,2025-08-12 11:25:03.343351
2025-08-12,71086,2025081204001727,SHEL,Sani Securities Company Ltd.,Kohinoor Investment & Securities Pvt. Ltd.,4845,302.0,1463190.0,2025-08-12 11:25:03.343590
2025-08-12,71057,2025081204001738,SHEL,Vision Securities Pvt. Ltd,Primo Securities (PVT) Ltd.,150,302.1,45315.0,2025-08-12 11:25:09.390508
2025-08-12,71056,2025081204001739,SHEL,Sani Securities Company Ltd.,Primo Securities (PVT) Ltd.,10,302.0,3020.0,2025-08-12 11:25:09.390680
2025-08-12,70876,2025081204001781,SHEL,Sani Securities Company Ltd.,Ashutosh Brokerage & Securities (PVT) Ltd.,145,302.0,43790.0,2025-08-12 11:25:36.338635
2025-08-12,70875,2025081204001782,SHEL,Sani Securities Company Ltd.,Ashutosh Brokerage & Securities (PVT) Ltd.,80,302.0,24160.0,2025-08-12 11:25:36.338857
2025-08-12,70874,2025081204001783,SHEL,Kohinoor Investment & Securities Pvt. Ltd.,Ashutosh Brokerage & Securities (PVT) Ltd.,50,302.0,15100.0,2025-08-12 11:25:36.338926
2025-08-12,70873,2025081204001784,SHEL,Dipshikha Dhitopatra Karobar Co. Pvt Ltd.,Ashutosh Brokerage & Securities (PVT) Ltd.,300,302.0,90600.0,2025-08-12 11:25:36.339008
2025-08-12,70872,2025081204001785,SHEL,Imperial Securities Company Pvt. Ltd.,Ashutosh Brokerage & Securities (PVT) Ltd.,100,302.0,30200.0,2025-08-12 11:25:36.339075
2025-08-12,70871,2025081204001786,SHEL,Sumeru Securities Pvt. Ltd.,Ashutosh Brokerage & Securities (PVT) Ltd.,400,302.0,120800.0,2025-08-12 11:25:36.339141
2025-08-12,70870,2025081204001787,SHEL,Sumeru Securities Pvt. Ltd.,Ashutosh Brokerage & Securities (PVT) Ltd.,100,302.0,30200.0,2025-08-12 11:25:36.339207
2025-08-12,70869,2025081204001788,SHEL,Malla & Malla Stock Broking Company Pvt. Limited,Ashutosh Brokerage & Securities (PVT) Ltd.,20,302.0,6040.0,2025-08-12 11:25:36.339273
2025-08-12,70151,2025081204001979,SHEL,Pragyan Securities (PVT) Ltd.,Nepal Stock House (PVT) Ltd.,200,301.1,60220.0,2025-08-12 11:27:18.830520
2025-08-12,70150,2025081204001980,SHEL,Vision Securities Pvt. Ltd,Nepal Stock House (PVT) Ltd.,50,301.0,15050.0,2025-08-12 11:27:18.830856
2025-08-12,70149,2025081204001981,SHEL,K.B.L. Securities Limited ,Nepal Stock House (PVT) Ltd.,307,301.0,92407.0,2025-08-12 11:27:18.831090
2025-08-12,70053,2025081204002003,SHEL,K.B.L. Securities Limited ,Primo Securities (PVT) Ltd.,193,301.0,58093.0,2025-08-12 11:27:31.922018
2025-08-12,70052,2025081204002004,SHEL,Aryatara Investment & Securities,Primo Securities (PVT) Ltd.,200,301.0,60200.0,2025-08-12 11:27:31.922392
2025-08-12,70051,2025081204002005,SHEL,Vision Securities Pvt. Ltd,Primo Securities (PVT) Ltd.,10,301.0,3010.0,2025-08-12 11:27:31.922623
2025-08-12,69975,2025081204002024,SHEL,Midas Stock Broking Company Private Limited,Primo Securities (PVT) Ltd.,200,301.0,60200.0,2025-08-12 11:27:43.454889
2025-08-12,69852,2025081204002055,SHEL,Nepal Stock House (PVT) Ltd.,Primo Securities (PVT) Ltd.,397,300.1,119139.7,2025-08-12 11:28:09.064410
2025-08-12,69846,2025081204002056,SHEL,Nepal Stock House (PVT) Ltd.,Kalika Securities Pvt. Ltd.,70,300.1,21007.0,2025-08-12 11:28:10.678772
2025-08-12,69800,2025081204002065,SHEL,Nepal Stock House (PVT) Ltd.,Citizens Share Broker Limited,33,300.1,9903.3,2025-08-12 11:28:17.994023
2025-08-12,69799,2025081204002066,SHEL,Elite Stock House Limited,Citizens Share Broker Limited,100,300.1,30010.0,2025-08-12 11:28:17.994238
2025-08-12,69798,2025081204002067,SHEL,Vision Securities Pvt. Ltd,Citizens Share Broker Limited,50,300.1,15005.0,2025-08-12 11:28:17.994310
2025-08-12,69797,2025081204002068,SHEL,South Asian Bulls Pvt. Ltd.,Citizens Share Broker Limited,17,300.1,5101.7,2025-08-12 11:28:17.994381
2025-08-12,69550,2025081204002125,SHEL,Secured Securities Ltd.,Citizens Share Broker Limited,200,301.0,60200.0,2025-08-12 11:28:54.094654
2025-08-12,69347,2025081204002163,SHEL,Secured Securities Ltd.,Opal Securities Investment (PVT) Ltd.,200,301.0,60200.0,2025-08-12 11:29:24.221067
2025-08-12,69247,2025081204002178,SHEL,Secured Securities Ltd.,Sri Hari Securities Pvt. Ltd.,600,301.0,180600.0,2025-08-12 11:29:34.376216
2025-08-12,69246,2025081204002179,SHEL,Sri Hari Securities Pvt. Ltd.,Sri Hari Securities Pvt. Ltd.,1000,301.0,301000.0,2025-08-12 11:29:34.376540
2025-08-12,69211,2025081204002188,SHEL,South Asian Bulls Pvt. Ltd.,Oxford Securities Pvt. Ltd.,33,300.1,9903.3,2025-08-12 11:29:41.095521
2025-08-12,69210,2025081204002189,SHEL,Bhrikuti Stock Broking Co. Pvt. Ltd.,Oxford Securities Pvt. Ltd.,323,300.0,96900.0,2025-08-12 11:29:41.095710
2025-08-12,69209,2025081204002190,SHEL,Naasa Securities Co. Ltd.,Oxford Securities Pvt. Ltd.,53,300.0,15900.0,2025-08-12 11:29:41.095786
2025-08-12,69208,2025081204002191,SHEL,Imperial Securities Company Pvt. Ltd.,Oxford Securities Pvt. Ltd.,500,300.0,150000.0,2025-08-12 11:29:41.095851
2025-08-12,69207,2025081204002192,SHEL,Imperial Securities Company Pvt. Ltd.,Oxford Securities Pvt. Ltd.,35,300.0,10500.0,2025-08-12 11:29:41.095917
2025-08-12,69206,2025081204002193,SHEL,Vision Securities Pvt. Ltd,Oxford Securities Pvt. Ltd.,50,300.0,15000.0,2025-08-12 11:29:41.095982
2025-08-12,69205,2025081204002194,SHEL,Sani Securities Company Ltd.,Oxford Securities Pvt. Ltd.,2506,300.0,751800.0,2025-08-12 11:29:41.096052
2025-08-12,68985,2025081204002232,SHEL,Sani Securities Company Ltd.,Citizens Share Broker Limited,100,300.0,30000.0,2025-08-12 11:30:10.175357
2025-08-12,68683,2025081204002291,SHEL,Sani Securities Company Ltd.,Agrawal Securities (PVT) Ltd.,200,300.0,60000.0,2025-08-12 11:31:01.834412
2025-08-12,68099,2025081204002434,SHEL,Sri Hari Securities Pvt. Ltd.,Kohinoor Investment & Securities Pvt. Ltd.,150,301.0,45150.0,2025-08-12 11:32:39.045873
2025-08-12,67934,2025081204002470,SHEL,Imperial Securities Company Pvt. Ltd.,Dynamic Money Managers Securities Pvt. Ltd.,100,301.0,30100.0,2025-08-12 11:33:05.982189
2025-08-12,67779,2025081204002496,SHEL,Imperial Securities Company Pvt. Ltd.,Secured Securities Ltd.,100,301.0,30100.0,2025-08-12 11:33:31.718142
2025-08-12,67530,2025081204002569,SHEL,Linch Stock Market Ltd.,Agrawal Securities (PVT) Ltd.,20,301.0,6020.0,2025-08-12 11:34:07.884943
2025-08-12,67529,2025081204002570,SHEL,Dynamic Money Managers Securities Pvt. Ltd.,Agrawal Securities (PVT) Ltd.,100,301.0,30100.0,2025-08-12 11:34:07.885174
2025-08-12,67528,2025081204002571,SHEL,Sani Securities Company Ltd.,Agrawal Securities (PVT) Ltd.,200,300.3,60060.0,2025-08-12 11:34:07.885265
2025-08-12,67527,2025081204002572,SHEL,Aryatara Investment & Securities,Agrawal Securities (PVT) Ltd.,200,300.3,60060.0,2025-08-12 11:34:07.885354
2025-08-12,67526,2025081204002573,SHEL,Imperial Securities Company Pvt. Ltd.,Agrawal Securities (PVT) Ltd.,200,300.2,60040.0,2025-08-12 11:34:07.885434
2025-08-12,67525,2025081204002574,SHEL,Naasa Securities Co. Ltd.,Agrawal Securities (PVT) Ltd.,500,300.2,150100.0,2025-08-12 11:34:07.885512
2025-08-12,67524,2025081204002575,SHEL,Arun Securities (PVT) Ltd.,Agrawal Securities (PVT) Ltd.,1000,300.1,300100.0,2025-08-12 11:34:07.885590
2025-08-12,67523,2025081204002576,SHEL,Online Securities Pvt. Ltd.,Agrawal Securities (PVT) Ltd.,35,300.1,10503.5,2025-08-12 11:34:07.885664
2025-08-12,67522,2025081204002577,SHEL,Ashutosh Brokerage & Securities (PVT) Ltd.,Agrawal Securities (PVT) Ltd.,980,300.1,294098.0,2025-08-12 11:34:07.885743
2025-08-12,67521,2025081204002578,SHEL,Sani Securities Company Ltd.,Agrawal Securities (PVT) Ltd.,1765,300.0,529500.0,2025-08-12 11:34:07.885822
2025-08-12,67361,2025081204002614,SHEL,Sani Securities Company Ltd.,Trishakti Securities Public Limited,200,300.0,60000.0,2025-08-12 11:34:39.925872
2025-08-12,67001,2025081204002658,SHEL,Sani Securities Company Ltd.,Sri Hari Securities Pvt. Ltd.,229,300.0,68700.0,2025-08-12 11:35:40.467490
2025-08-12,67000,2025081204002659,SHEL,South Asian Bulls Pvt. Ltd.,Sri Hari Securities Pvt. Ltd.,100,300.0,30000.0,2025-08-12 11:35:40.467593
2025-08-12,66999,2025081204002660,SHEL,Agrawal Securities (PVT) Ltd.,Sri Hari Securities Pvt. Ltd.,100,300.0,30000.0,2025-08-12 11:35:40.467667
2025-08-12,66998,2025081204002661,SHEL,Sewa Securities Pvt. Ltd.,Sri Hari Securities Pvt. Ltd.,50,300.0,15000.0,2025-08-12 11:35:40.467740
2025-08-12,66997,2025081204002662,SHEL,Trisul Securities & Invt. Ltd.,Sri Hari Securities Pvt. Ltd.,72,300.0,21600.0,2025-08-12 11:35:40.467808
2025-08-12,66996,2025081204002663,SHEL,Cristal Kanchanjanga Securites Pvt. Ltd.,Sri Hari Securities Pvt. Ltd.,300,300.0,90000.0,2025-08-12 11:35:40.467875
2025-08-12,66995,2025081204002664,SHEL,Agrawal Securities (PVT) Ltd.,Sri Hari Securities Pvt. Ltd.,500,300.0,150000.0,2025-08-12 11:35:40.467943
2025-08-12,66994,2025081204002665,SHEL,Dynamic Money Managers Securities Pvt. Ltd.,Sri Hari Securities Pvt. Ltd.,649,300.0,194700.0,2025-08-12 11:35:40.468009
2025-08-12,66843,2025081204002696,SHEL,Sani Securities Company Ltd.,Vision Securities Pvt. Ltd,200,300.1,60020.0,2025-08-12 11:36:02.637557
2025-08-12,66842,2025081204002697,SHEL,Dynamic Money Managers Securities Pvt. Ltd.,Vision Securities Pvt. Ltd,351,300.0,105300.0,2025-08-12 11:36:02.637762
2025-08-12,66841,2025081204002698,SHEL,Opal Securities Investment (PVT) Ltd.,Vision Securities Pvt. Ltd,190,300.0,57000.0,2025-08-12 11:36:02.637845
2025-08-12,66840,2025081204002699,SHEL,Siprabi Securities Pvt. Ltd.,Vision Securities Pvt. Ltd,100,300.0,30000.0,2025-08-12 11:36:02.637924
2025-08-12,66839,2025081204002700,SHEL,Sundhara Securities Limited,Vision Securities Pvt. Ltd,200,300.0,60000.0,2025-08-12 11:36:02.638004
2025-08-12,66838,2025081204002701,SHEL,Nepal Investment And Securities Trading Private Limited,Vision Securities Pvt. Ltd,50,300.0,15000.0,2025-08-12 11:36:02.638090
2025-08-12,66837,2025081204002702,SHEL,Midas Stock Broking Company Private Limited,Vision Securities Pvt. Ltd,60,300.0,18000.0,2025-08-12 11:36:02.638170
2025-08-12,66836,2025081204002703,SHEL,Sri Hari Securities Pvt. Ltd.,Vision Securities Pvt. Ltd,849,300.0,254700.0,2025-08-12 11:36:02.638250
2025-08-12,66786,2025081204002723,SHEL,Sri Hari Securities Pvt. Ltd.,Elite Stock House Limited,151,300.0,45300.0,2025-08-12 11:36:13.061338
2025-08-12,66785,2025081204002724,SHEL,Premier Securities Company Ltd.,Elite Stock House Limited,500,300.0,150000.0,2025-08-12 11:36:13.061544
2025-08-12,66784,2025081204002725,SHEL,Global IME Securities Limited,Elite Stock House Limited,85,300.0,25500.0,2025-08-12 11:36:13.061631
2025-08-12,66783,2025081204002726,SHEL,Trishakti Securities Public Limited,Elite Stock House Limited,80,300.0,24000.0,2025-08-12 11:36:13.061719
2025-08-12,66782,2025081204002727,SHEL,Online Securities Pvt. Ltd.,Elite Stock House Limited,700,300.0,210000.0,2025-08-12 11:36:13.061796
2025-08-12,66781,2025081204002728,SHEL,Primo Securities (PVT) Ltd.,Elite Stock House Limited,20,300.0,6000.0,2025-08-12 11:36:13.061886
2025-08-12,66780,2025081204002729,SHEL,Naasa Securities Co. Ltd.,Elite Stock House Limited,670,300.0,201000.0,2025-08-12 11:36:13.061966
2025-08-12,66779,2025081204002730,SHEL,Kohinoor Investment & Securities Pvt. Ltd.,Elite Stock House Limited,300,300.0,90000.0,2025-08-12 11:36:13.062057
2025-08-12,66778,2025081204002731,SHEL,J.F. Securites (PVT) Ltd.,Elite Stock House Limited,50,300.0,15000.0,2025-08-12 11:36:13.062136
2025-08-12,66777,2025081204002732,SHEL,Dipshikha Dhitopatra Karobar Co. Pvt Ltd.,Elite Stock House Limited,300,300.0,90000.0,2025-08-12 11:36:13.062233
2025-08-12,66776,2025081204002733,SHEL,Naasa Securities Co. Ltd.,Elite Stock House Limited,30,300.0,9000.0,2025-08-12 11:36:13.062309
2025-08-12,66645,2025081204002767,SHEL,Premier Securities Company Ltd.,Elite Stock House Limited,1114,300.0,334200.0,2025-08-12 11:36:34.807991
2025-08-12,66644,2025081204002768,SHEL,Premier Securities Company Ltd.,Nepal Stock House (PVT) Ltd.,396,300.0,118800.0,2025-08-12 11:36:34.808176
2025-08-12,66623,2025081204002775,SHEL,Dakshinkali Investment & Securities Pvt. Ltd.,Investment Management Nepal Pvt. Ltd.,125,299.2,37400.0,2025-08-12 11:36:36.876566
2025-08-12,66622,2025081204002776,SHEL,Deevyaa Securities & Stock House Pvt. Ltd,Investment Management Nepal Pvt. Ltd.,175,299.1,52342.5,2025-08-12 11:36:36.876935
2025-08-12,66439,2025081204002796,SHEL,Creative Securities Pvt Ltd,Nepal Stock House (PVT) Ltd.,604,300.0,181200.0,2025-08-12 11:37:10.507256
2025-08-12,66438,2025081204002797,SHEL,Creative Securities Pvt Ltd,Dipshikha Dhitopatra Karobar Co. Pvt Ltd.,396,300.0,118800.0,2025-08-12 11:37:10.507461
2025-08-12,66427,2025081204002801,SHEL,Deevyaa Securities & Stock House Pvt. Ltd,Malla & Malla Stock Broking Company Pvt. Limited,325,299.1,97207.5,2025-08-12 11:37:12.758811
2025-08-12,66426,2025081204002802,SHEL,Dipshikha Dhitopatra Karobar Co. Pvt Ltd.,Malla & Malla Stock Broking Company Pvt. Limited,675,299.0,201825.0,2025-08-12 11:37:12.759001
2025-08-12,66316,2025081204002818,SHEL,Dipshikha Dhitopatra Karobar Co. Pvt Ltd.,Indira securities pvt. ltd,250,299.0,74750.0,2025-08-12 11:37:29.819772
2025-08-12,66285,2025081204002824,SHEL,Imperial Securities Company Pvt. Ltd.,Asian Securities Private Ltd.,35,299.1,10468.5,2025-08-12 11:37:36.421839
2025-08-12,66202,2025081204002838,SHEL,Dipshikha Dhitopatra Karobar Co. Pvt Ltd.,Malla & Malla Stock Broking Company Pvt. Limited,20,299.0,5980.0,2025-08-12 11:37:48.868674
2025-08-12,66167,2025081204002846,SHEL,Dipshikha Dhitopatra Karobar Co. Pvt Ltd.,Naasa Securities Co. Ltd.,55,299.0,16445.0,2025-08-12 11:37:53.367697
2025-08-12,66166,2025081204002847,SHEL,Sani Securities Company Ltd.,Naasa Securities Co. Ltd.,200,299.0,59800.0,2025-08-12 11:37:53.368132
2025-08-12,66165,2025081204002848,SHEL,Dipshikha Dhitopatra Karobar Co. Pvt Ltd.,Naasa Securities Co. Ltd.,130,299.0,38870.0,2025-08-12 11:37:53.368384
2025-08-12,66140,2025081204002849,SHEL,Bhrikuti Stock Broking Co. Pvt. Ltd.,Asian Securities Private Ltd.,10,299.1,2991.0,2025-08-12 11:38:00.800551
2025-08-12,66128,2025081204002854,SHEL,Dipshikha Dhitopatra Karobar Co. Pvt Ltd.,Linch Stock Market Ltd.,170,299.0,50830.0,2025-08-12 11:38:02.784470
2025-08-12,66127,2025081204002855,SHEL,Dipshikha Dhitopatra Karobar Co. Pvt Ltd.,Linch Stock Market Ltd.,30,299.0,8970.0,2025-08-12 11:38:02.784695
2025-08-12,65871,2025081204002902,SHEL,K.B.L. Securities Limited ,Dipshikha Dhitopatra Karobar Co. Pvt Ltd.,100,300.0,30000.0,2025-08-12 11:38:49.169725
2025-08-12,65662,2025081204002951,SHEL,Capital Max Securities Ltd,Online Securities Pvt. Ltd.,180,300.0,54000.0,2025-08-12 11:39:20.850478
2025-08-12,65661,2025081204002952,SHEL,Capital Max Securities Ltd,Online Securities Pvt. Ltd.,20,300.0,6000.0,2025-08-12 11:39:20.850895
2025-08-12,65564,2025081204002971,SHEL,Arun Securities (PVT) Ltd.,Online Securities Pvt. Ltd.,380,300.0,114000.0,2025-08-12 11:39:32.734525
2025-08-12,65003,2025081204003113,SHEL,Nepal Investment And Securities Trading Private Limited,Oxford Securities Pvt. Ltd.,10,301.0,3010.0,2025-08-12 11:41:25.239859
2025-08-12,65002,2025081204003114,SHEL,Nepal Investment And Securities Trading Private Limited,Linch Stock Market Ltd.,40,301.0,12040.0,2025-08-12 11:41:25.240124
2025-08-12,64997,2025081204003116,SHEL,Naasa Securities Co. Ltd.,Linch Stock Market Ltd.,460,301.0,138460.0,2025-08-12 11:41:26.200869
2025-08-12,64996,2025081204003117,SHEL,Naasa Securities Co. Ltd.,Dipshikha Dhitopatra Karobar Co. Pvt Ltd.,504,301.0,151704.0,2025-08-12 11:41:26.201090
2025-08-12,64960,2025081204003135,SHEL,Naasa Securities Co. Ltd.,Sundhara Securities Limited,36,301.0,10836.0,2025-08-12 11:41:37.015993
2025-08-12,64956,2025081204003137,SHEL,Nepal Investment And Securities Trading Private Limited,Sundhara Securities Limited,50,301.0,15050.0,2025-08-12 11:41:38.304112
2025-08-12,64611,2025081204003236,SHEL,Imperial Securities Company Pvt. Ltd.,Sundhara Securities Limited,100,301.0,30100.0,2025-08-12 11:42:35.074779
2025-08-12,64402,2025081204003296,SHEL,Dakshinkali Investment & Securities Pvt. Ltd.,Sani Securities Company Ltd.,125,300.3,37537.5,2025-08-12 11:43:10.434126
2025-08-12,64401,2025081204003297,SHEL,Sharepro Securities Private Limited,Sani Securities Company Ltd.,200,300.2,60040.0,2025-08-12 11:43:10.434459
2025-08-12,64400,2025081204003298,SHEL,Capital Max Securities Ltd,Sani Securities Company Ltd.,40,300.1,12004.0,2025-08-12 11:43:10.434903
2025-08-12,64399,2025081204003299,SHEL,Sewa Securities Pvt. Ltd.,Sani Securities Company Ltd.,135,300.1,40513.5,2025-08-12 11:43:10.435229
2025-08-12,64213,2025081204003364,SHEL,Sewa Securities Pvt. Ltd.,Naasa Securities Co. Ltd.,25,300.1,7502.5,2025-08-12 11:43:41.399879
2025-08-12,64212,2025081204003365,SHEL,Swarna Laxmi Securities Pvt. Ltd.,Naasa Securities Co. Ltd.,265,300.1,79526.5,2025-08-12 11:43:41.400144
2025-08-12,63192,2025081204003594,SHEL,Trishakti Securities Public Limited,Sundhara Securities Limited,314,301.0,94514.0,2025-08-12 11:46:38.262636
2025-08-12,63191,2025081204003595,SHEL,Trishakti Securities Public Limited,Aryatara Investment & Securities,186,301.0,55986.0,2025-08-12 11:46:38.262736
2025-08-12,63114,2025081204003605,SHEL,Imperial Securities Company Pvt. Ltd.,Aryatara Investment & Securities,100,301.0,30100.0,2025-08-12 11:46:50.321901
2025-08-12,63013,2025081204003633,SHEL,Vision Securities Pvt. Ltd,Aryatara Investment & Securities,100,301.0,30100.0,2025-08-12 11:47:06.888130
2025-08-12,62971,2025081204003642,SHEL,Arun Securities (PVT) Ltd.,Trishakti Securities Public Limited,620,300.3,186186.0,2025-08-12 11:47:11.416653
2025-08-12,62970,2025081204003643,SHEL,Bhrikuti Stock Broking Co. Pvt. Ltd.,Trishakti Securities Public Limited,500,300.2,150100.0,2025-08-12 11:47:11.416721
2025-08-12,62969,2025081204003644,SHEL,Swarna Laxmi Securities Pvt. Ltd.,Trishakti Securities Public Limited,680,300.1,204068.0,2025-08-12 11:47:11.416747
2025-08-12,62856,2025081204003662,SHEL,Arun Securities (PVT) Ltd.,Aryatara Investment & Securities,814,301.0,245014.0,2025-08-12 11:47:28.714941
2025-08-12,62419,2025081204003784,SHEL,Sani Securities Company Ltd.,Trademow Securities Private Limited,20,301.0,6020.0,2025-08-12 11:48:41.041414
2025-08-12,62240,2025081204003818,SHEL,Imperial Securities Company Pvt. Ltd.,Midas Stock Broking Company Private Limited,20,300.2,6004.0,2025-08-12 11:49:06.454325
2025-08-12,62220,2025081204003824,SHEL,Premier Securities Company Ltd.,Online Securities Pvt. Ltd.,10,301.9,3019.0,2025-08-12 11:49:12.416904
2025-08-12,62219,2025081204003825,SHEL,Premier Securities Company Ltd.,Cristal Kanchanjanga Securites Pvt. Ltd.,70,302.0,21140.0,2025-08-12 11:49:12.417171
2025-08-12,62111,2025081204003844,SHEL,Market Securities & Exchange (PVT) Ltd.,Shree Krishna Securities Ltd.,20,300.3,6006.0,2025-08-12 11:49:27.863200
2025-08-12,61976,2025081204003876,SHEL,Market Securities & Exchange (PVT) Ltd.,Ashutosh Brokerage & Securities (PVT) Ltd.,180,300.3,54054.0,2025-08-12 11:49:48.388603
2025-08-12,61975,2025081204003877,SHEL,Imperial Securities Company Pvt. Ltd.,Ashutosh Brokerage & Securities (PVT) Ltd.,80,300.2,24016.0,2025-08-12 11:49:48.389051
2025-08-12,61974,2025081204003878,SHEL,Vision Securities Pvt. Ltd,Ashutosh Brokerage & Securities (PVT) Ltd.,70,300.2,21014.0,2025-08-12 11:49:48.389384
2025-08-12,61973,2025081204003879,SHEL,Arun Securities (PVT) Ltd.,Ashutosh Brokerage & Securities (PVT) Ltd.,186,300.2,55837.2,2025-08-12 11:49:48.389684
2025-08-12,61972,2025081204003880,SHEL,Arun Securities (PVT) Ltd.,Ashutosh Brokerage & Securities (PVT) Ltd.,409,300.2,122781.8,2025-08-12 11:49:48.389964
2025-08-12,61785,2025081204003907,SHEL,Dakshinkali Investment & Securities Pvt. Ltd.,Cristal Kanchanjanga Securites Pvt. Ltd.,30,302.0,9060.0,2025-08-12 11:50:29.941203
2025-08-12,61784,2025081204003908,SHEL,Dakshinkali Investment & Securities Pvt. Ltd.,Kalika Securities Pvt. Ltd.,20,302.0,6040.0,2025-08-12 11:50:29.941454
2025-08-12,61783,2025081204003909,SHEL,Dakshinkali Investment & Securities Pvt. Ltd.,Midas Stock Broking Company Private Limited,20,302.0,6040.0,2025-08-12 11:50:29.941557
2025-08-12,61769,2025081204003918,SHEL,Arun Securities (PVT) Ltd.,Asian Securities Private Ltd.,10,300.2,3002.0,2025-08-12 11:50:33.993520
2025-08-12,61336,2025081204003989,SHEL,Dynamic Money Managers Securities Pvt. Ltd.,Asian Securities Private Ltd.,10,300.3,3003.0,2025-08-12 11:51:54.477578
2025-08-12,60870,2025081204004138,SHEL,Linch Stock Market Ltd.,Online Securities Pvt. Ltd.,25,302.0,7550.0,2025-08-12 11:53:27.079890
2025-08-12,60869,2025081204004139,SHEL,Linch Stock Market Ltd.,MILKY WAY SHARE BROKER COMPANY LTD ,975,302.0,294450.0,2025-08-12 11:53:27.080145
2025-08-12,60784,2025081204004163,SHEL,Malla & Malla Stock Broking Company Pvt. Limited,MILKY WAY SHARE BROKER COMPANY LTD ,100,302.0,30200.0,2025-08-12 11:53:46.011363
2025-08-12,60656,2025081204004192,SHEL,Creative Securities Pvt Ltd,MILKY WAY SHARE BROKER COMPANY LTD ,425,302.0,128350.0,2025-08-12 11:54:13.071008
2025-08-12,60592,2025081204004216,SHEL,Sri Hari Securities Pvt. Ltd.,Dakshinkali Investment & Securities Pvt. Ltd.,1000,302.5,302500.0,2025-08-12 11:54:29.569858
2025-08-12,60371,2025081204004263,SHEL,Nepal Stock House (PVT) Ltd.,Sumeru Securities Pvt. Ltd.,20,302.9,6058.0,2025-08-12 11:55:19.184699
2025-08-12,60370,2025081204004264,SHEL,Nepal Stock House (PVT) Ltd.,Primo Securities (PVT) Ltd.,20,303.0,6060.0,2025-08-12 11:55:19.184989
2025-08-12,60369,2025081204004265,SHEL,Nepal Stock House (PVT) Ltd.,Kumari Securities Private Limited,200,303.0,60600.0,2025-08-12 11:55:19.185099
2025-08-12,60368,2025081204004266,SHEL,Nepal Stock House (PVT) Ltd.,Online Securities Pvt. Ltd.,230,303.0,69690.0,2025-08-12 11:55:19.185202
2025-08-12,60367,2025081204004267,SHEL,Nepal Stock House (PVT) Ltd.,Siprabi Securities Pvt. Ltd.,20,303.0,6060.0,2025-08-12 11:55:19.185307
2025-08-12,60366,2025081204004268,SHEL,Nepal Stock House (PVT) Ltd.,Midas Stock Broking Company Private Limited,10,303.0,3030.0,2025-08-12 11:55:19.185453
2025-08-12,60258,2025081204004293,SHEL,ABC Securities Private Limited,Midas Stock Broking Company Private Limited,120,303.0,36360.0,2025-08-12 11:55:36.650357
2025-08-12,60175,2025081204004317,SHEL,Agrawal Securities (PVT) Ltd.,Midas Stock Broking Company Private Limited,500,303.0,151500.0,2025-08-12 11:55:58.314295
2025-08-12,60096,2025081204004328,SHEL,Online Securities Pvt. Ltd.,MILKY WAY SHARE BROKER COMPANY LTD ,1000,302.9,302900.0,2025-08-12 11:56:12.242886
2025-08-12,60035,2025081204004338,SHEL,Property Wiard Limited,MILKY WAY SHARE BROKER COMPANY LTD ,200,302.9,60580.0,2025-08-12 11:56:18.267167
2025-08-12,59978,2025081204004364,SHEL,Magnet Securities and Investment Company Private Limited,Creative Securities Pvt Ltd,1000,301.6,301600.0,2025-08-12 11:56:26.919426
2025-08-12,59977,2025081204004365,SHEL,Property Wiard Limited,Creative Securities Pvt Ltd,500,301.5,150750.0,2025-08-12 11:56:26.919916
2025-08-12,59976,2025081204004366,SHEL,Sani Securities Company Ltd.,Creative Securities Pvt Ltd,500,301.1,150550.0,2025-08-12 11:56:26.920259
2025-08-12,59970,2025081204004370,SHEL,Dynamic Money Managers Securities Pvt. Ltd.,MILKY WAY SHARE BROKER COMPANY LTD ,300,302.9,90870.0,2025-08-12 11:56:29.493624
2025-08-12,59927,2025081204004390,SHEL,Property Wiard Limited,Midas Stock Broking Company Private Limited,276,303.0,83628.0,2025-08-12 11:56:43.355622
2025-08-12,59351,2025081204004482,SHEL,Aryatara Investment & Securities,Naasa Securities Co. Ltd.,40,303.0,12120.0,2025-08-12 11:58:35.318537
2025-08-12,59307,2025081204004490,SHEL,Aryatara Investment & Securities,Sundhara Securities Limited,10,303.0,3030.0,2025-08-12 11:58:44.370730
2025-08-12,58995,2025081204004562,SHEL,Aryatara Investment & Securities,Imperial Securities Company Pvt. Ltd.,20,303.0,6060.0,2025-08-12 11:59:51.359181
2025-08-12,58861,2025081204004585,SHEL,Aryatara Investment & Securities,Agrawal Securities (PVT) Ltd.,30,303.0,9090.0,2025-08-12 12:00:15.854683
2025-08-12,58860,2025081204004586,SHEL,Bhrikuti Stock Broking Co. Pvt. Ltd.,Agrawal Securities (PVT) Ltd.,180,303.0,54540.0,2025-08-12 12:00:15.855202
2025-08-12,58778,2025081204004600,SHEL,Creative Securities Pvt Ltd,Agrawal Securities (PVT) Ltd.,75,303.0,22725.0,2025-08-12 12:00:40.627014
2025-08-12,58776,2025081204004601,SHEL,Premier Securities Company Ltd.,Agrawal Securities (PVT) Ltd.,215,303.0,65145.0,2025-08-12 12:00:40.841730
2025-08-12,58754,2025081204004603,SHEL,Premier Securities Company Ltd.,Vision Securities Pvt. Ltd,10,303.0,3030.0,2025-08-12 12:00:47.015381
2025-08-12,58656,2025081204004620,SHEL,Premier Securities Company Ltd.,Hatemalo Financial Services Private Limited,65,303.0,19695.0,2025-08-12 12:01:17.786711
2025-08-12,58655,2025081204004621,SHEL,Online Securities Pvt. Ltd.,Hatemalo Financial Services Private Limited,100,303.0,30300.0,2025-08-12 12:01:17.787234
2025-08-12,58654,2025081204004622,SHEL,Nepal Stock House (PVT) Ltd.,Hatemalo Financial Services Private Limited,200,303.0,60600.0,2025-08-12 12:01:17.787603
2025-08-12,58570,2025081204004638,SHEL,Dynamic Money Managers Securities Pvt. Ltd.,Agrawal Securities (PVT) Ltd.,100,302.9,30290.0,2025-08-12 12:01:39.745076
2025-08-12,58418,2025081204004685,SHEL,Deevyaa Securities & Stock House Pvt. Ltd,Magnet Securities and Investment Company Private Limited,10,303.0,3030.0,2025-08-12 12:02:10.831807
2025-08-12,58365,2025081204004700,SHEL,Dynamic Money Managers Securities Pvt. Ltd.,Kalika Securities Pvt. Ltd.,50,302.9,15145.0,2025-08-12 12:02:21.085795
2025-08-12,58355,2025081204004704,SHEL,Dynamic Money Managers Securities Pvt. Ltd.,Sani Securities Company Ltd.,30,302.9,9087.0,2025-08-12 12:02:25.460190
2025-08-12,58159,2025081204004748,SHEL,Dynamic Money Managers Securities Pvt. Ltd.,Trademow Securities Private Limited,20,302.9,6058.0,2025-08-12 12:03:06.808081
2025-08-12,58015,2025081204004790,SHEL,Agrawal Securities (PVT) Ltd.,Shree Krishna Securities Ltd.,35,302.0,10570.0,2025-08-12 12:03:36.542218
2025-08-12,57913,2025081204004834,SHEL,Agrawal Securities (PVT) Ltd.,Sri Hari Securities Pvt. Ltd.,15,302.0,4530.0,2025-08-12 12:03:49.931495
2025-08-12,57912,2025081204004835,SHEL,Hatemalo Financial Services Private Limited,Sri Hari Securities Pvt. Ltd.,100,302.0,30200.0,2025-08-12 12:03:49.931800
2025-08-12,57666,2025081204004885,SHEL,Midas Stock Broking Company Private Limited,Cristal Kanchanjanga Securites Pvt. Ltd.,100,301.0,30100.0,2025-08-12 12:04:41.065579
2025-08-12,57650,2025081204004890,SHEL,Dipshikha Dhitopatra Karobar Co. Pvt Ltd.,Dipshikha Dhitopatra Karobar Co. Pvt Ltd.,500,301.9,150950.0,2025-08-12 12:04:44.382770
2025-08-12,57560,2025081204004909,SHEL,Premier Securities Company Ltd.,Capital Max Securities Ltd,100,301.0,30100.0,2025-08-12 12:05:00.056361
2025-08-12,57507,2025081204004915,SHEL,Linch Stock Market Ltd.,Dipshikha Dhitopatra Karobar Co. Pvt Ltd.,20,301.0,6020.0,2025-08-12 12:05:11.349847
2025-08-12,57430,2025081204004921,SHEL,Linch Stock Market Ltd.,Dynamic Money Managers Securities Pvt. Ltd.,180,301.0,54180.0,2025-08-12 12:05:21.529962
2025-08-12,57367,2025081204004942,SHEL,J.F. Securites (PVT) Ltd.,Dynamic Money Managers Securities Pvt. Ltd.,490,300.5,147245.0,2025-08-12 12:05:36.707181
2025-08-12,57243,2025081204004970,SHEL,Imperial Securities Company Pvt. Ltd.,Nepal Stock House (PVT) Ltd.,300,300.8,90240.0,2025-08-12 12:05:54.885604
2025-08-12,57122,2025081204004996,SHEL,J.F. Securites (PVT) Ltd.,Dynamic Money Managers Securities Pvt. Ltd.,80,300.5,24040.0,2025-08-12 12:06:18.982501
2025-08-12,57102,2025081204005003,SHEL,J.F. Securites (PVT) Ltd.,Kalika Securities Pvt. Ltd.,180,300.5,54090.0,2025-08-12 12:06:25.594033
2025-08-12,56983,2025081204005018,SHEL,Sani Securities Company Ltd.,Kalika Securities Pvt. Ltd.,20,300.5,6010.0,2025-08-12 12:06:43.283945
2025-08-12,56982,2025081204005019,SHEL,Sani Securities Company Ltd.,Sani Securities Company Ltd.,133,300.8,40006.4,2025-08-12 12:06:43.284235
2025-08-12,56584,2025081204005135,SHEL,Sani Securities Company Ltd.,Dipshikha Dhitopatra Karobar Co. Pvt Ltd.,47,300.8,14137.6,2025-08-12 12:07:52.697363
2025-08-12,56583,2025081204005136,SHEL,Bhrikuti Stock Broking Co. Pvt. Ltd.,Dipshikha Dhitopatra Karobar Co. Pvt Ltd.,30,300.4,9012.0,2025-08-12 12:07:52.697934
2025-08-12,56582,2025081204005137,SHEL,Aryatara Investment & Securities,Dipshikha Dhitopatra Karobar Co. Pvt Ltd.,50,300.4,15020.0,2025-08-12 12:07:52.698266
2025-08-12,56581,2025081204005138,SHEL,Dynamic Money Managers Securities Pvt. Ltd.,Dipshikha Dhitopatra Karobar Co. Pvt Ltd.,90,300.3,27027.0,2025-08-12 12:07:52.698632
2025-08-12,56580,2025081204005139,SHEL,Nepal Investment And Securities Trading Private Limited,Dipshikha Dhitopatra Karobar Co. Pvt Ltd.,50,300.3,15015.0,2025-08-12 12:07:52.698978
2025-08-12,56579,2025081204005140,SHEL,Nepal Investment And Securities Trading Private Limited,Dipshikha Dhitopatra Karobar Co. Pvt Ltd.,50,300.3,15015.0,2025-08-12 12:07:52.699304
2025-08-12,56578,2025081204005141,SHEL,Sewa Securities Pvt. Ltd.,Dipshikha Dhitopatra Karobar Co. Pvt Ltd.,200,300.3,60060.0,2025-08-12 12:07:52.699660
2025-08-12,56577,2025081204005142,SHEL,Opal Securities Investment (PVT) Ltd.,Dipshikha Dhitopatra Karobar Co. Pvt Ltd.,670,300.3,201201.0,2025-08-12 12:07:52.700005
2025-08-12,56293,2025081204005214,SHEL,Premier Securities Company Ltd.,Dipshikha Dhitopatra Karobar Co. Pvt Ltd.,813,300.3,244143.9,2025-08-12 12:08:37.125757
2025-08-12,55880,2025081204005317,SHEL,Property Wiard Limited,Kalika Securities Pvt. Ltd.,100,300.3,30030.0,2025-08-12 12:09:56.906486
2025-08-12,55879,2025081204005318,SHEL,Arun Securities (PVT) Ltd.,Kalika Securities Pvt. Ltd.,400,300.2,120080.0,2025-08-12 12:09:56.907009
2025-08-12,55766,2025081204005351,SHEL,Naasa Securities Co. Ltd.,Cristal Kanchanjanga Securites Pvt. Ltd.,50,301.6,15080.0,2025-08-12 12:10:18.498727
2025-08-12,55657,2025081204005377,SHEL,Arun Securities (PVT) Ltd.,Creative Securities Pvt Ltd,181,300.2,54336.2,2025-08-12 12:10:33.095219
2025-08-12,55656,2025081204005378,SHEL,Kumari Securities Private Limited,Creative Securities Pvt Ltd,119,300.1,35711.9,2025-08-12 12:10:33.095540
2025-08-12,55627,2025081204005381,SHEL,Aryatara Investment & Securities,Cristal Kanchanjanga Securites Pvt. Ltd.,50,301.6,15080.0,2025-08-12 12:10:37.135538
2025-08-12,55626,2025081204005382,SHEL,Aryatara Investment & Securities,Dipshikha Dhitopatra Karobar Co. Pvt Ltd.,180,301.7,54306.0,2025-08-12 12:10:37.136102
2025-08-12,55433,2025081204005449,SHEL,Kumari Securities Private Limited,Dipshikha Dhitopatra Karobar Co. Pvt Ltd.,881,300.1,264388.1,2025-08-12 12:11:08.061574
2025-08-12,55432,2025081204005450,SHEL,Linch Stock Market Ltd.,Dipshikha Dhitopatra Karobar Co. Pvt Ltd.,500,300.1,150050.0,2025-08-12 12:11:08.061869
2025-08-12,55431,2025081204005451,SHEL,Sani Securities Company Ltd.,Dipshikha Dhitopatra Karobar Co. Pvt Ltd.,500,300.1,150050.0,2025-08-12 12:11:08.061993
2025-08-12,55334,2025081204005468,SHEL,Sri Hari Securities Pvt. Ltd.,Asian Securities Private Ltd.,20,300.0,6000.0,2025-08-12 12:11:31.844087
2025-08-12,55333,2025081204005469,SHEL,Sri Hari Securities Pvt. Ltd.,Online Securities Pvt. Ltd.,500,300.0,150000.0,2025-08-12 12:11:32.042349
2025-08-12,55265,2025081204005475,SHEL,Sri Hari Securities Pvt. Ltd.,Cristal Kanchanjanga Securites Pvt. Ltd.,480,300.0,144000.0,2025-08-12 12:11:44.793435
2025-08-12,55264,2025081204005476,SHEL,Naasa Securities Co. Ltd.,Cristal Kanchanjanga Securites Pvt. Ltd.,200,300.0,60000.0,2025-08-12 12:11:44.793751
2025-08-12,55263,2025081204005477,SHEL,Aryatara Investment & Securities,Cristal Kanchanjanga Securites Pvt. Ltd.,160,300.0,48000.0,2025-08-12 12:11:44.793871
2025-08-12,55262,2025081204005478,SHEL,Online Securities Pvt. Ltd.,Cristal Kanchanjanga Securites Pvt. Ltd.,110,300.0,33000.0,2025-08-12 12:11:44.794009
2025-08-12,55154,2025081204005497,SHEL,Online Securities Pvt. Ltd.,Dipshikha Dhitopatra Karobar Co. Pvt Ltd.,2000,300.0,600000.0,2025-08-12 12:12:09.587469
2025-08-12,54972,2025081204005595,SHEL,Oxford Securities Pvt. Ltd.,Trademow Securities Private Limited,10,301.6,3016.0,2025-08-12 12:12:43.412521
2025-08-12,54858,2025081204005617,SHEL,Hatemalo Financial Services Private Limited,Kalika Securities Pvt. Ltd.,400,301.0,120400.0,2025-08-12 12:13:05.913023
2025-08-12,54766,2025081204005638,SHEL,Hatemalo Financial Services Private Limited,Dynamic Money Managers Securities Pvt. Ltd.,20,301.0,6020.0,2025-08-12 12:13:25.805456
2025-08-12,54707,2025081204005653,SHEL,Hatemalo Financial Services Private Limited,Siprabi Securities Pvt. Ltd.,80,301.0,24080.0,2025-08-12 12:13:36.462840
2025-08-12,54706,2025081204005654,SHEL,Online Securities Pvt. Ltd.,Siprabi Securities Pvt. Ltd.,890,300.0,267000.0,2025-08-12 12:13:36.463160
2025-08-12,54705,2025081204005655,SHEL,Oxford Securities Pvt. Ltd.,Siprabi Securities Pvt. Ltd.,175,300.0,52500.0,2025-08-12 12:13:36.463281
2025-08-12,54704,2025081204005656,SHEL,Secured Securities Ltd.,Siprabi Securities Pvt. Ltd.,100,300.0,30000.0,2025-08-12 12:13:36.463409
2025-08-12,54703,2025081204005657,SHEL,Sri Hari Securities Pvt. Ltd.,Siprabi Securities Pvt. Ltd.,50,300.0,15000.0,2025-08-12 12:13:36.463529
2025-08-12,54702,2025081204005658,SHEL,Midas Stock Broking Company Private Limited,Siprabi Securities Pvt. Ltd.,80,300.0,24000.0,2025-08-12 12:13:36.463648
2025-08-12,54701,2025081204005659,SHEL,Dipshikha Dhitopatra Karobar Co. Pvt Ltd.,Siprabi Securities Pvt. Ltd.,125,300.0,37500.0,2025-08-12 12:13:36.463766
2025-08-12,54677,2025081204005665,SHEL,Dipshikha Dhitopatra Karobar Co. Pvt Ltd.,Siprabi Securities Pvt. Ltd.,20,300.0,6000.0,2025-08-12 12:13:42.532774
2025-08-12,54390,2025081204005712,SHEL,ABC Securities Private Limited,Trademow Securities Private Limited,290,301.6,87464.0,2025-08-12 12:14:30.044444
2025-08-12,54389,2025081204005713,SHEL,ABC Securities Private Limited,Citizens Share Broker Limited,210,301.6,63336.0,2025-08-12 12:14:30.044736
2025-08-12,53820,2025081204005820,SHEL,Naasa Securities Co. Ltd.,Citizens Share Broker Limited,100,301.6,30160.0,2025-08-12 12:16:57.979397
2025-08-12,53708,2025081204005851,SHEL,Asian Securities Private Ltd.,South Asian Bulls Pvt. Ltd.,100,301.0,30100.0,2025-08-12 12:17:17.672073
2025-08-12,53707,2025081204005852,SHEL,Asian Securities Private Ltd.,South Asian Bulls Pvt. Ltd.,100,300.5,30050.0,2025-08-12 12:17:17.672375
2025-08-12,53706,2025081204005853,SHEL,Dipshikha Dhitopatra Karobar Co. Pvt Ltd.,South Asian Bulls Pvt. Ltd.,300,300.0,90000.0,2025-08-12 12:17:17.672509
2025-08-12,53541,2025081204005896,SHEL,Naasa Securities Co. Ltd.,Citizens Share Broker Limited,50,301.6,15080.0,2025-08-12 12:18:05.110357
2025-08-12,53297,2025081204005936,SHEL,Dipshikha Dhitopatra Karobar Co. Pvt Ltd.,Sani Securities Company Ltd.,55,300.0,16500.0,2025-08-12 12:18:55.853938
2025-08-12,53296,2025081204005937,SHEL,J.F. Securites (PVT) Ltd.,Sani Securities Company Ltd.,200,300.0,60000.0,2025-08-12 12:18:55.854519
2025-08-12,53295,2025081204005938,SHEL,Aryatara Investment & Securities,Sani Securities Company Ltd.,200,300.0,60000.0,2025-08-12 12:18:55.854902
2025-08-12,53294,2025081204005939,SHEL,Trishakti Securities Public Limited,Sani Securities Company Ltd.,45,300.0,13500.0,2025-08-12 12:18:55.855301
2025-08-12,53215,2025081204005960,SHEL,Naasa Securities Co. Ltd.,Vision Securities Pvt. Ltd,30,300.0,9000.0,2025-08-12 12:19:12.587321
2025-08-12,53214,2025081204005961,SHEL,Aryatara Investment & Securities,Vision Securities Pvt. Ltd,100,300.0,30000.0,2025-08-12 12:19:12.587625
2025-08-12,53213,2025081204005962,SHEL,Hatemalo Financial Services Private Limited,Vision Securities Pvt. Ltd,100,300.0,30000.0,2025-08-12 12:19:12.587768
2025-08-12,53212,2025081204005963,SHEL,Hatemalo Financial Services Private Limited,Vision Securities Pvt. Ltd,70,300.0,21000.0,2025-08-12 12:19:12.587944
2025-08-12,52877,2025081204006020,SHEL,Hatemalo Financial Services Private Limited,Malla & Malla Stock Broking Company Pvt. Limited,20,300.0,6000.0,2025-08-12 12:20:30.621066
2025-08-12,52863,2025081204006022,SHEL,Hatemalo Financial Services Private Limited,Vision Securities Pvt. Ltd,10,300.0,3000.0,2025-08-12 12:20:35.285228
2025-08-12,52784,2025081204006065,SHEL,Vision Securities Pvt. Ltd,Malla & Malla Stock Broking Company Pvt. Limited,90,300.0,27000.0,2025-08-12 12:20:55.723639
2025-08-12,52674,2025081204006101,SHEL,Vision Securities Pvt. Ltd,Creative Securities Pvt Ltd,10,300.0,3000.0,2025-08-12 12:21:20.098567
2025-08-12,52609,2025081204006117,SHEL,Vision Securities Pvt. Ltd,Vision Securities Pvt. Ltd,500,299.4,149700.0,2025-08-12 12:21:35.976136
2025-08-12,52608,2025081204006118,SHEL,Vision Securities Pvt. Ltd,Vision Securities Pvt. Ltd,50,299.4,14970.0,2025-08-12 12:21:35.976474
2025-08-12,52607,2025081204006119,SHEL,Nepal Investment And Securities Trading Private Limited,Vision Securities Pvt. Ltd,100,299.4,29940.0,2025-08-12 12:21:35.976620
2025-08-12,52017,2025081204006246,SHEL,Nepal Investment And Securities Trading Private Limited,Premier Securities Company Ltd.,250,299.4,74850.0,2025-08-12 12:23:42.376677
2025-08-12,52016,2025081204006247,SHEL,Sweta Securities Private Limited,Premier Securities Company Ltd.,30,299.4,8982.0,2025-08-12 12:23:42.376970
2025-08-12,52015,2025081204006248,SHEL,Capital Max Securities Ltd,Premier Securities Company Ltd.,220,299.3,65846.0,2025-08-12 12:23:42.377120
2025-08-12,51952,2025081204006275,SHEL,Market Securities & Exchange (PVT) Ltd.,Imperial Securities Company Pvt. Ltd.,100,300.0,30000.0,2025-08-12 12:23:58.807833
2025-08-12,51813,2025081204006341,SHEL,Market Securities & Exchange (PVT) Ltd.,Naasa Securities Co. Ltd.,10,300.5,3005.0,2025-08-12 12:24:21.896932
2025-08-12,51812,2025081204006342,SHEL,Market Securities & Exchange (PVT) Ltd.,Creative Securities Pvt Ltd,70,300.5,21035.0,2025-08-12 12:24:21.897234
2025-08-12,51811,2025081204006343,SHEL,Market Securities & Exchange (PVT) Ltd.,Sani Securities Company Ltd.,820,301.0,246820.0,2025-08-12 12:24:21.897389
2025-08-12,51604,2025081204006391,SHEL,Market Securities & Exchange (PVT) Ltd.,Siprabi Securities Pvt. Ltd.,200,300.9,60180.0,2025-08-12 12:25:13.125065
2025-08-12,51350,2025081204006479,SHEL,Capital Max Securities Ltd,Vision Securities Pvt. Ltd,50,299.3,14965.0,2025-08-12 12:26:00.786596
2025-08-12,50910,2025081204006568,SHEL,Naasa Securities Co. Ltd.,Kalika Securities Pvt. Ltd.,300,300.0,90000.0,2025-08-12 12:27:31.592634
2025-08-12,50814,2025081204006584,SHEL,Naasa Securities Co. Ltd.,Siprabi Securities Pvt. Ltd.,700,300.0,210000.0,2025-08-12 12:27:57.262743
2025-08-12,50623,2025081204006604,SHEL,Sumeru Securities Pvt. Ltd.,Dipshikha Dhitopatra Karobar Co. Pvt Ltd.,100,300.0,30000.0,2025-08-12 12:28:39.010564
2025-08-12,50528,2025081204006623,SHEL,Online Securities Pvt. Ltd.,Shree Krishna Securities Ltd.,10,299.5,2995.0,2025-08-12 12:29:08.380487
2025-08-12,50501,2025081204006630,SHEL,Online Securities Pvt. Ltd.,Sri Hari Securities Pvt. Ltd.,990,299.5,296505.0,2025-08-12 12:29:12.706414
2025-08-12,50500,2025081204006631,SHEL,Nepal Investment And Securities Trading Private Limited,Sri Hari Securities Pvt. Ltd.,10,299.4,2994.0,2025-08-12 12:29:12.706458
2025-08-12,50340,2025081204006676,SHEL,Naasa Securities Co. Ltd.,Siprabi Securities Pvt. Ltd.,100,300.6,30060.0,2025-08-12 12:29:47.398307
2025-08-12,50339,2025081204006677,SHEL,Naasa Securities Co. Ltd.,Dynamic Money Managers Securities Pvt. Ltd.,1270,300.8,382016.0,2025-08-12 12:29:47.398635
2025-08-12,50179,2025081204006703,SHEL,Naasa Securities Co. Ltd.,Kalika Securities Pvt. Ltd.,10,300.9,3009.0,2025-08-12 12:30:25.755110
2025-08-12,50178,2025081204006704,SHEL,Naasa Securities Co. Ltd.,Sani Securities Company Ltd.,541,301.0,162841.0,2025-08-12 12:30:25.755783
2025-08-12,49719,2025081204006863,SHEL,Online Securities Pvt. Ltd.,Dipshikha Dhitopatra Karobar Co. Pvt Ltd.,200,299.5,59900.0,2025-08-12 12:32:02.647928
2025-08-12,49560,2025081204006911,SHEL,Asian Securities Private Ltd.,Creative Securities Pvt Ltd,100,300.0,30000.0,2025-08-12 12:32:39.363948
2025-08-12,49357,2025081204006950,SHEL,Oxford Securities Pvt. Ltd.,Creative Securities Pvt Ltd,70,300.0,21000.0,2025-08-12 12:33:35.767378
2025-08-12,49285,2025081204006957,SHEL,Agrawal Securities (PVT) Ltd.,Shree Krishna Securities Ltd.,10,299.6,2996.0,2025-08-12 12:33:47.507724
2025-08-12,49213,2025081204006973,SHEL,Himalayan Brokerage Company Limited,Siprabi Securities Pvt. Ltd.,10,300.0,3000.0,2025-08-12 12:34:07.194713
2025-08-12,48710,2025081204007154,SHEL,Malla & Malla Stock Broking Company Pvt. Limited,South Asian Bulls Pvt. Ltd.,1000,300.0,300000.0,2025-08-12 12:35:44.196671
2025-08-12,48238,2025081204007255,SHEL,Capital Max Securities Ltd,Nepal Stock House (PVT) Ltd.,800,300.0,240000.0,2025-08-12 12:37:28.779337
2025-08-12,48237,2025081204007256,SHEL,Capital Max Securities Ltd,Naasa Securities Co. Ltd.,10,300.0,3000.0,2025-08-12 12:37:28.779687
2025-08-12,48236,2025081204007257,SHEL,Capital Max Securities Ltd,Citizens Share Broker Limited,685,300.0,205500.0,2025-08-12 12:37:28.779868
2025-08-12,47938,2025081204007345,SHEL,Sweta Securities Private Limited,Citizens Share Broker Limited,10,300.2,3002.0,2025-08-12 12:38:38.296784
2025-08-12,47742,2025081204007403,SHEL,Dynamic Money Managers Securities Pvt. Ltd.,Opal Securities Investment (PVT) Ltd.,10,299.7,2997.0,2025-08-12 12:39:27.174783
2025-08-12,47741,2025081204007404,SHEL,Agrawal Securities (PVT) Ltd.,Opal Securities Investment (PVT) Ltd.,190,299.6,56924.0,2025-08-12 12:39:27.175123
2025-08-12,47245,2025081204007507,SHEL,Sani Securities Company Ltd.,Premier Securities Company Ltd.,100,299.7,29970.0,2025-08-12 12:41:10.070527
2025-08-12,47244,2025081204007508,SHEL,Sewa Securities Pvt. Ltd.,Premier Securities Company Ltd.,200,299.7,59940.0,2025-08-12 12:41:10.070865
2025-08-12,47243,2025081204007509,SHEL,Dynamic Money Managers Securities Pvt. Ltd.,Premier Securities Company Ltd.,51,299.7,15284.7,2025-08-12 12:41:10.071019
2025-08-12,47242,2025081204007510,SHEL,Agrawal Securities (PVT) Ltd.,Premier Securities Company Ltd.,10,299.6,2996.0,2025-08-12 12:41:10.071193
2025-08-12,47241,2025081204007511,SHEL,Oxford Securities Pvt. Ltd.,Premier Securities Company Ltd.,139,299.6,41644.4,2025-08-12 12:41:10.071357
2025-08-12,47073,2025081204007553,SHEL,Oxford Securities Pvt. Ltd.,ABC Securities Private Limited,20,299.6,5992.0,2025-08-12 12:41:39.969402
2025-08-12,46793,2025081204007609,SHEL,Dynamic Money Managers Securities Pvt. Ltd.,Dipshikha Dhitopatra Karobar Co. Pvt Ltd.,20,299.7,5994.0,2025-08-12 12:42:33.170886
2025-08-12,46792,2025081204007610,SHEL,Oxford Securities Pvt. Ltd.,Dipshikha Dhitopatra Karobar Co. Pvt Ltd.,41,299.6,12283.6,2025-08-12 12:42:33.171257
2025-08-12,46791,2025081204007611,SHEL,Naasa Securities Co. Ltd.,Dipshikha Dhitopatra Karobar Co. Pvt Ltd.,139,299.6,41644.4,2025-08-12 12:42:33.171474
2025-08-12,46526,2025081204007698,SHEL,Shree Krishna Securities Ltd.,Siprabi Securities Pvt. Ltd.,100,300.0,30000.0,2025-08-12 12:43:12.636566
2025-08-12,46525,2025081204007699,SHEL,Shree Krishna Securities Ltd.,Online Securities Pvt. Ltd.,10,300.0,3000.0,2025-08-12 12:43:12.637187
2025-08-12,46524,2025081204007700,SHEL,Shree Krishna Securities Ltd.,Naasa Securities Co. Ltd.,79,300.0,23700.0,2025-08-12 12:43:12.637621
2025-08-12,46523,2025081204007701,SHEL,Shree Krishna Securities Ltd.,Citizens Share Broker Limited,305,300.2,91561.0,2025-08-12 12:43:12.638066
2025-08-12,46522,2025081204007702,SHEL,Shree Krishna Securities Ltd.,Aryatara Investment & Securities,200,300.8,60160.0,2025-08-12 12:43:12.638505
2025-08-12,46521,2025081204007703,SHEL,Shree Krishna Securities Ltd.,Citizens Share Broker Limited,140,300.8,42112.0,2025-08-12 12:43:12.638929
2025-08-12,46520,2025081204007704,SHEL,Shree Krishna Securities Ltd.,Trishakti Securities Public Limited,300,300.9,90270.0,2025-08-12 12:43:12.639361
2025-08-12,46519,2025081204007705,SHEL,Shree Krishna Securities Ltd.,Roadshow securities limited,366,300.9,110129.4,2025-08-12 12:43:12.639783
2025-08-12,46278,2025081204007756,SHEL,Dynamic Money Managers Securities Pvt. Ltd.,Sagarmatha Securities Private Limited,43,299.6,12882.8,2025-08-12 12:43:58.185407
2025-08-12,46277,2025081204007757,SHEL,Online Securities Pvt. Ltd.,Sagarmatha Securities Private Limited,800,299.5,239600.0,2025-08-12 12:43:58.185482
2025-08-12,46276,2025081204007758,SHEL,Thrive Brokerage House Pvt. Ltd,Sagarmatha Securities Private Limited,100,299.5,29950.0,2025-08-12 12:43:58.185506
2025-08-12,46275,2025081204007759,SHEL,Nepal Investment And Securities Trading Private Limited,Sagarmatha Securities Private Limited,40,299.4,11976.0,2025-08-12 12:43:58.185531
2025-08-12,46274,2025081204007760,SHEL,J.F. Securites (PVT) Ltd.,Sagarmatha Securities Private Limited,300,299.4,89820.0,2025-08-12 12:43:58.185552
2025-08-12,46273,2025081204007761,SHEL,Capital Max Securities Ltd,Sagarmatha Securities Private Limited,385,299.3,115230.5,2025-08-12 12:43:58.185584
2025-08-12,46272,2025081204007762,SHEL,Himalayan Brokerage Company Limited,Sagarmatha Securities Private Limited,100,299.3,29930.0,2025-08-12 12:43:58.185615
2025-08-12,46271,2025081204007763,SHEL,Dakshinkali Investment & Securities Pvt. Ltd.,Sagarmatha Securities Private Limited,4232,299.3,1266637.6,2025-08-12 12:43:58.185637
2025-08-12,46170,2025081204007790,SHEL,Shree Krishna Securities Ltd.,Ashutosh Brokerage & Securities (PVT) Ltd.,180,300.8,54144.0,2025-08-12 12:44:14.888836
2025-08-12,46169,2025081204007791,SHEL,Shree Krishna Securities Ltd.,Roadshow securities limited,134,300.9,40320.6,2025-08-12 12:44:14.889173
2025-08-12,46168,2025081204007792,SHEL,Shree Krishna Securities Ltd.,Sani Securities Company Ltd.,639,301.0,192339.0,2025-08-12 12:44:14.889330
2025-08-12,46167,2025081204007793,SHEL,Shree Krishna Securities Ltd.,Sumeru Securities Pvt. Ltd.,180,301.0,54180.0,2025-08-12 12:44:14.889474
2025-08-12,46166,2025081204007794,SHEL,Shree Krishna Securities Ltd.,Imperial Securities Company Pvt. Ltd.,200,301.0,60200.0,2025-08-12 12:44:14.889612
2025-08-12,46165,2025081204007795,SHEL,Shree Krishna Securities Ltd.,Aakashbhairab Securities Ltd.,100,301.0,30100.0,2025-08-12 12:44:14.889779
2025-08-12,46164,2025081204007796,SHEL,Shree Krishna Securities Ltd.,Midas Stock Broking Company Private Limited,67,301.0,20167.0,2025-08-12 12:44:14.889934
2025-08-12,45829,2025081204007875,SHEL,Deevyaa Securities & Stock House Pvt. Ltd,Aryatara Investment & Securities,200,300.0,60000.0,2025-08-12 12:45:16.458571
2025-08-12,45828,2025081204007876,SHEL,Neev Securities Pvt. Ltd.,Aryatara Investment & Securities,1065,299.6,319074.0,2025-08-12 12:45:16.458650
2025-08-12,45764,2025081204007898,SHEL,Shree Krishna Securities Ltd.,Midas Stock Broking Company Private Limited,200,301.0,60200.0,2025-08-12 12:45:26.190606
2025-08-12,45638,2025081204007919,SHEL,Miyo Securities Pvt Ltd,Sri Hari Securities Pvt. Ltd.,200,300.0,60000.0,2025-08-12 12:45:55.960787
2025-08-12,45448,2025081204007969,SHEL,Neev Securities Pvt. Ltd.,INDEX SECURITIES LIMITED,25,299.6,7490.0,2025-08-12 12:46:36.280574
2025-08-12,45293,2025081204008009,SHEL,Trishakti Securities Public Limited,Sri Hari Securities Pvt. Ltd.,100,300.0,30000.0,2025-08-12 12:47:14.892890
2025-08-12,45292,2025081204008010,SHEL,Trishakti Securities Public Limited,Ashutosh Brokerage & Securities (PVT) Ltd.,100,300.0,30000.0,2025-08-12 12:47:14.893276
2025-08-12,45095,2025081204008058,SHEL,Trishakti Securities Public Limited,Midas Stock Broking Company Private Limited,33,301.0,9933.0,2025-08-12 12:47:56.152340
2025-08-12,45094,2025081204008059,SHEL,Trishakti Securities Public Limited,Sweta Securities Private Limited,100,301.0,30100.0,2025-08-12 12:47:56.152978
2025-08-12,45093,2025081204008060,SHEL,Trishakti Securities Public Limited,Siprabi Securities Pvt. Ltd.,20,301.0,6020.0,2025-08-12 12:47:56.153440
2025-08-12,45092,2025081204008061,SHEL,Trishakti Securities Public Limited,Siprabi Securities Pvt. Ltd.,100,301.0,30100.0,2025-08-12 12:47:56.153873
2025-08-12,45091,2025081204008062,SHEL,Trishakti Securities Public Limited,Sri Hari Securities Pvt. Ltd.,301,301.0,90601.0,2025-08-12 12:47:56.154300
2025-08-12,45090,2025081204008063,SHEL,Trishakti Securities Public Limited,Arun Securities (PVT) Ltd.,446,301.4,134424.4,2025-08-12 12:47:56.154739
2025-08-12,44869,2025081204008089,SHEL,Trishakti Securities Public Limited,Sani Securities Company Ltd.,140,300.0,42000.0,2025-08-12 12:48:43.877262
2025-08-12,44803,2025081204008107,SHEL,Online Securities Pvt. Ltd.,Sani Securities Company Ltd.,500,299.7,149850.0,2025-08-12 12:48:54.953387
2025-08-12,44802,2025081204008108,SHEL,Sri Hari Securities Pvt. Ltd.,Sani Securities Company Ltd.,500,299.7,149850.0,2025-08-12 12:48:54.953739
2025-08-12,44800,2025081204008109,SHEL,Sani Securities Company Ltd.,Sani Securities Company Ltd.,10,300.0,3000.0,2025-08-12 12:48:54.959623
2025-08-12,44734,2025081204008124,SHEL,Neev Securities Pvt. Ltd.,Vision Securities Pvt. Ltd,300,299.6,89880.0,2025-08-12 12:49:14.325639
2025-08-12,44643,2025081204008166,SHEL,Pragyan Securities (PVT) Ltd.,Sani Securities Company Ltd.,500,300.0,150000.0,2025-08-12 12:49:31.625611
2025-08-12,44571,2025081204008183,SHEL,Nepal Stock House (PVT) Ltd.,Sani Securities Company Ltd.,350,300.0,105000.0,2025-08-12 12:49:48.104558
2025-08-12,44214,2025081204008268,SHEL,Sani Securities Company Ltd.,Arun Securities (PVT) Ltd.,10,301.4,3014.0,2025-08-12 12:51:00.142178
2025-08-12,44104,2025081204008294,SHEL,Naasa Securities Co. Ltd.,Himalayan Securities Limited,150,300.0,45000.0,2025-08-12 12:51:31.759240
2025-08-12,44018,2025081204008316,SHEL,Cristal Kanchanjanga Securites Pvt. Ltd.,Arun Securities (PVT) Ltd.,500,301.4,150700.0,2025-08-12 12:51:58.633943
2025-08-12,44015,2025081204008317,SHEL,Arun Securities (PVT) Ltd.,Arun Securities (PVT) Ltd.,544,301.4,163961.6,2025-08-12 12:51:59.048837
2025-08-12,43856,2025081204008363,SHEL,Online Securities Pvt. Ltd.,Indira securities pvt. ltd,10,301.5,3015.0,2025-08-12 12:52:27.659507
2025-08-12,43809,2025081204008391,SHEL,Nagarik Stock Dealer ,Indira securities pvt. ltd,100,301.5,30150.0,2025-08-12 12:52:36.639771
2025-08-12,43744,2025081204008411,SHEL,Neev Securities Pvt. Ltd.,Ashutosh Brokerage & Securities (PVT) Ltd.,200,301.5,60300.0,2025-08-12 12:52:59.169626
2025-08-12,43743,2025081204008412,SHEL,Neev Securities Pvt. Ltd.,Ashutosh Brokerage & Securities (PVT) Ltd.,1000,301.8,301800.0,2025-08-12 12:52:59.169733
2025-08-12,43742,2025081204008413,SHEL,Neev Securities Pvt. Ltd.,Cristal Kanchanjanga Securites Pvt. Ltd.,100,301.9,30190.0,2025-08-12 12:52:59.169798
2025-08-12,43741,2025081204008414,SHEL,Neev Securities Pvt. Ltd.,Ashutosh Brokerage & Securities (PVT) Ltd.,200,301.9,60380.0,2025-08-12 12:52:59.169861
2025-08-12,43491,2025081204008476,SHEL,Opal Securities Investment (PVT) Ltd.,Ashutosh Brokerage & Securities (PVT) Ltd.,300,301.9,90570.0,2025-08-12 12:53:55.541349
2025-08-12,43274,2025081204008524,SHEL,Imperial Securities Company Pvt. Ltd.,Sri Hari Securities Pvt. Ltd.,885,302.0,267270.0,2025-08-12 12:54:54.471656
2025-08-12,43273,2025081204008525,SHEL,Imperial Securities Company Pvt. Ltd.,Shree Krishna Securities Ltd.,100,302.0,30200.0,2025-08-12 12:54:54.472025
2025-08-12,43272,2025081204008526,SHEL,Imperial Securities Company Pvt. Ltd.,Naasa Securities Co. Ltd.,15,302.0,4530.0,2025-08-12 12:54:54.472178
2025-08-12,43225,2025081204008533,SHEL,Kohinoor Investment & Securities Pvt. Ltd.,Naasa Securities Co. Ltd.,985,302.0,297470.0,2025-08-12 12:55:05.759397
2025-08-12,43224,2025081204008534,SHEL,Kohinoor Investment & Securities Pvt. Ltd.,Citizens Share Broker Limited,400,302.0,120800.0,2025-08-12 12:55:05.759468
2025-08-12,43223,2025081204008535,SHEL,Kohinoor Investment & Securities Pvt. Ltd.,Ashutosh Brokerage & Securities (PVT) Ltd.,200,302.0,60400.0,2025-08-12 12:55:05.759509
2025-08-12,43222,2025081204008536,SHEL,Kohinoor Investment & Securities Pvt. Ltd.,Magnet Securities and Investment Company Private Limited,990,303.0,299970.0,2025-08-12 12:55:05.759529
2025-08-12,43221,2025081204008537,SHEL,Kohinoor Investment & Securities Pvt. Ltd.,Linch Stock Market Ltd.,425,303.0,128775.0,2025-08-12 12:55:05.759552
2025-08-12,43012,2025081204008580,SHEL,Online Securities Pvt. Ltd.,Bhrikuti Stock Broking Co. Pvt. Ltd.,10,302.0,3020.0,2025-08-12 12:55:53.870768
2025-08-12,42976,2025081204008586,SHEL,Naasa Securities Co. Ltd.,Dipshikha Dhitopatra Karobar Co. Pvt Ltd.,10,301.9,3019.0,2025-08-12 12:56:02.038901
2025-08-12,42783,2025081204008638,SHEL,Aryatara Investment & Securities,Naasa Securities Co. Ltd.,200,302.0,60400.0,2025-08-12 12:57:01.477918
2025-08-12,42702,2025081204008662,SHEL,Aryatara Investment & Securities,Kalika Securities Pvt. Ltd.,10,302.0,3020.0,2025-08-12 12:57:25.967621
2025-08-12,42620,2025081204008683,SHEL,Aryatara Investment & Securities,Sani Securities Company Ltd.,290,302.0,87580.0,2025-08-12 12:57:51.788740
2025-08-12,42619,2025081204008684,SHEL,Naasa Securities Co. Ltd.,Sani Securities Company Ltd.,40,301.9,12076.0,2025-08-12 12:57:51.788832
2025-08-12,42618,2025081204008685,SHEL,Arun Securities (PVT) Ltd.,Sani Securities Company Ltd.,270,301.4,81378.0,2025-08-12 12:57:51.788864
2025-08-12,42458,2025081204008719,SHEL,Arun Securities (PVT) Ltd.,Kalika Securities Pvt. Ltd.,100,301.4,30140.0,2025-08-12 12:58:33.711050
2025-08-12,42199,2025081204008784,SHEL,Online Securities Pvt. Ltd.,Secured Securities Ltd.,10,302.8,3028.0,2025-08-12 12:59:53.483319
2025-08-12,41949,2025081204008842,SHEL,Sani Securities Company Ltd.,Secured Securities Ltd.,10,302.8,3028.0,2025-08-12 13:00:49.391594
2025-08-12,41355,2025081204008964,SHEL,Malla & Malla Stock Broking Company Pvt. Limited,Secured Securities Ltd.,140,302.8,42392.0,2025-08-12 13:02:54.226605
2025-08-12,41322,2025081204008967,SHEL,Kohinoor Investment & Securities Pvt. Ltd.,Secured Securities Ltd.,340,302.8,102952.0,2025-08-12 13:03:03.990287
2025-08-12,41321,2025081204008968,SHEL,Kohinoor Investment & Securities Pvt. Ltd.,Indira securities pvt. ltd,100,302.9,30290.0,2025-08-12 13:03:03.990452
2025-08-12,41320,2025081204008969,SHEL,Kohinoor Investment & Securities Pvt. Ltd.,Ashutosh Brokerage & Securities (PVT) Ltd.,100,302.9,30290.0,2025-08-12 13:03:03.990527
2025-08-12,41319,2025081204008970,SHEL,Kohinoor Investment & Securities Pvt. Ltd.,Ashutosh Brokerage & Securities (PVT) Ltd.,200,302.9,60580.0,2025-08-12 13:03:03.990605
2025-08-12,41318,2025081204008971,SHEL,Kohinoor Investment & Securities Pvt. Ltd.,Ashutosh Brokerage & Securities (PVT) Ltd.,50,302.9,15145.0,2025-08-12 13:03:03.990676
2025-08-12,41317,2025081204008972,SHEL,Kohinoor Investment & Securities Pvt. Ltd.,Linch Stock Market Ltd.,210,303.0,63630.0,2025-08-12 13:03:03.990748
2025-08-12,41201,2025081204008994,SHEL,Arun Securities (PVT) Ltd.,Aryatara Investment & Securities,10,301.4,3014.0,2025-08-12 13:03:34.143744
2025-08-12,41141,2025081204009005,SHEL,Malla & Malla Stock Broking Company Pvt. Limited,Bhrikuti Stock Broking Co. Pvt. Ltd.,15,302.9,4543.5,2025-08-12 13:03:50.467092
2025-08-12,40697,2025081204009138,SHEL,Sundhara Securities Limited,Ashutosh Brokerage & Securities (PVT) Ltd.,460,302.8,139288.0,2025-08-12 13:05:39.126048
2025-08-12,40255,2025081204009272,SHEL,Naasa Securities Co. Ltd.,Sundhara Securities Limited,100,302.7,30270.0,2025-08-12 13:07:32.788007
2025-08-12,40158,2025081204009294,SHEL,Arun Securities (PVT) Ltd.,Himalayan Brokerage Company Limited,76,301.4,22906.4,2025-08-12 13:07:55.823381
2025-08-12,40157,2025081204009295,SHEL,Naasa Securities Co. Ltd.,Himalayan Brokerage Company Limited,140,301.1,42154.0,2025-08-12 13:07:55.823778
2025-08-12,40156,2025081204009296,SHEL,Midas Stock Broking Company Private Limited,Himalayan Brokerage Company Limited,15,301.0,4515.0,2025-08-12 13:07:55.823945
2025-08-12,40155,2025081204009297,SHEL,Imperial Securities Company Pvt. Ltd.,Himalayan Brokerage Company Limited,500,301.0,150500.0,2025-08-12 13:07:55.824108
2025-08-12,39655,2025081204009448,SHEL,Naasa Securities Co. Ltd.,Market Securities & Exchange (PVT) Ltd.,41,301.4,12357.4,2025-08-12 13:10:26.622559
2025-08-12,39629,2025081204009453,SHEL,Kohinoor Investment & Securities Pvt. Ltd.,Siprabi Securities Pvt. Ltd.,300,302.0,90600.0,2025-08-12 13:10:36.194537
2025-08-12,39628,2025081204009454,SHEL,Kohinoor Investment & Securities Pvt. Ltd.,Ashutosh Brokerage & Securities (PVT) Ltd.,40,302.8,12112.0,2025-08-12 13:10:36.194633
2025-08-12,39627,2025081204009455,SHEL,Kohinoor Investment & Securities Pvt. Ltd.,Ashutosh Brokerage & Securities (PVT) Ltd.,60,302.8,18168.0,2025-08-12 13:10:36.194671
2025-08-12,39626,2025081204009456,SHEL,Kohinoor Investment & Securities Pvt. Ltd.,Indira securities pvt. ltd,30,302.8,9084.0,2025-08-12 13:10:36.194710
2025-08-12,39625,2025081204009457,SHEL,Kohinoor Investment & Securities Pvt. Ltd.,Bhrikuti Stock Broking Co. Pvt. Ltd.,70,302.9,21203.0,2025-08-12 13:10:36.194753
2025-08-12,39094,2025081204009602,SHEL,Asian Securities Private Ltd.,Sani Securities Company Ltd.,20,302.0,6040.0,2025-08-12 13:13:08.373739
2025-08-12,38839,2025081204009686,SHEL,Asian Securities Private Ltd.,Vision Securities Pvt. Ltd,130,302.0,39260.0,2025-08-12 13:14:04.661714
2025-08-12,38838,2025081204009687,SHEL,Bhrikuti Stock Broking Co. Pvt. Ltd.,Vision Securities Pvt. Ltd,100,301.1,30110.0,2025-08-12 13:14:04.662340
2025-08-12,38837,2025081204009688,SHEL,Aryatara Investment & Securities,Vision Securities Pvt. Ltd,30,301.1,9033.0,2025-08-12 13:14:04.662514
2025-08-12,38836,2025081204009689,SHEL,Naasa Securities Co. Ltd.,Vision Securities Pvt. Ltd,959,301.1,288754.9,2025-08-12 13:14:04.662680
2025-08-12,38835,2025081204009690,SHEL,Asian Securities Private Ltd.,Vision Securities Pvt. Ltd,1000,301.0,301000.0,2025-08-12 13:14:04.662841
2025-08-12,38834,2025081204009691,SHEL,Imperial Securities Company Pvt. Ltd.,Vision Securities Pvt. Ltd,300,301.0,90300.0,2025-08-12 13:14:04.663001
2025-08-12,38833,2025081204009692,SHEL,Opal Securities Investment (PVT) Ltd.,Vision Securities Pvt. Ltd,500,301.0,150500.0,2025-08-12 13:14:04.663152
2025-08-12,38832,2025081204009693,SHEL,MILKY WAY SHARE BROKER COMPANY LTD ,Vision Securities Pvt. Ltd,981,300.9,295182.9,2025-08-12 13:14:04.663322
2025-08-12,38734,2025081204009733,SHEL,Online Securities Pvt. Ltd.,Indira securities pvt. ltd,10,302.8,3028.0,2025-08-12 13:14:21.090094
2025-08-12,38080,2025081204009893,SHEL,Aryatara Investment & Securities,Bhrikuti Stock Broking Co. Pvt. Ltd.,30,301.0,9030.0,2025-08-12 13:16:46.367390
2025-08-12,38079,2025081204009894,SHEL,MILKY WAY SHARE BROKER COMPANY LTD ,Bhrikuti Stock Broking Co. Pvt. Ltd.,370,300.9,111333.0,2025-08-12 13:16:46.367773
2025-08-12,37660,2025081204009984,SHEL,Dipshikha Dhitopatra Karobar Co. Pvt Ltd.,Cristal Kanchanjanga Securites Pvt. Ltd.,20,301.0,6020.0,2025-08-12 13:18:52.659993
2025-08-12,37550,2025081204010006,SHEL,Dipshikha Dhitopatra Karobar Co. Pvt Ltd.,Himalayan Brokerage Company Limited,80,301.0,24080.0,2025-08-12 13:19:26.717910
2025-08-12,37549,2025081204010007,SHEL,MILKY WAY SHARE BROKER COMPANY LTD ,Himalayan Brokerage Company Limited,189,300.9,56870.1,2025-08-12 13:19:26.718015
2025-08-12,37115,2025081204010088,SHEL,Property Wiard Limited,Imperial Securities Company Pvt. Ltd.,15,301.1,4516.5,2025-08-12 13:21:49.243387
2025-08-12,37023,2025081204010106,SHEL,Himalayan Brokerage Company Limited,Opal Securities Investment (PVT) Ltd.,100,302.0,30200.0,2025-08-12 13:22:06.822818
2025-08-12,37022,2025081204010107,SHEL,Himalayan Brokerage Company Limited,Bhrikuti Stock Broking Co. Pvt. Ltd.,900,302.0,271800.0,2025-08-12 13:22:06.823570
2025-08-12,37013,2025081204010110,SHEL,Property Wiard Limited,Secured Securities Ltd.,105,301.1,31615.5,2025-08-12 13:22:10.885125
2025-08-12,36983,2025081204010114,SHEL,MILKY WAY SHARE BROKER COMPANY LTD ,Imperial Securities Company Pvt. Ltd.,359,300.9,108023.1,2025-08-12 13:22:18.603260
2025-08-12,36912,2025081204010123,SHEL,MILKY WAY SHARE BROKER COMPANY LTD ,Naasa Securities Co. Ltd.,101,300.9,30390.9,2025-08-12 13:22:40.487086
2025-08-12,36911,2025081204010124,SHEL,Shree Krishna Securities Ltd.,Naasa Securities Co. Ltd.,19,300.9,5717.1,2025-08-12 13:22:40.487948
2025-08-12,36760,2025081204010148,SHEL,Shree Krishna Securities Ltd.,Citizens Share Broker Limited,81,300.9,24372.9,2025-08-12 13:23:21.858130
2025-08-12,36759,2025081204010149,SHEL,Nepal Investment And Securities Trading Private Limited,Citizens Share Broker Limited,200,300.9,60180.0,2025-08-12 13:23:21.858529
2025-08-12,36758,2025081204010150,SHEL,Sharepro Securities Private Limited,Citizens Share Broker Limited,200,300.8,60160.0,2025-08-12 13:23:21.858701
2025-08-12,36757,2025081204010151,SHEL,Shree Krishna Securities Ltd.,Citizens Share Broker Limited,519,300.7,156063.3,2025-08-12 13:23:21.858867
2025-08-12,36687,2025081204010179,SHEL,MILKY WAY SHARE BROKER COMPANY LTD ,Secured Securities Ltd.,148,301.0,44548.0,2025-08-12 13:23:45.688355
2025-08-12,36684,2025081204010180,SHEL,MILKY WAY SHARE BROKER COMPANY LTD ,Imperial Securities Company Pvt. Ltd.,52,301.0,15652.0,2025-08-12 13:23:46.642478
2025-08-12,36683,2025081204010181,SHEL,Shree Krishna Securities Ltd.,Imperial Securities Company Pvt. Ltd.,298,300.7,89608.6,2025-08-12 13:23:46.642589
2025-08-12,36449,2025081204010222,SHEL,ABC Securities Private Limited,Bhrikuti Stock Broking Co. Pvt. Ltd.,15,302.0,4530.0,2025-08-12 13:24:42.390589
2025-08-12,36448,2025081204010223,SHEL,ABC Securities Private Limited,Dipshikha Dhitopatra Karobar Co. Pvt Ltd.,115,302.0,34730.0,2025-08-12 13:24:42.391425
2025-08-12,36361,2025081204010252,SHEL,Shree Krishna Securities Ltd.,Himalayan Brokerage Company Limited,183,300.7,55028.1,2025-08-12 13:25:14.470850
2025-08-12,36360,2025081204010253,SHEL,Naasa Securities Co. Ltd.,Himalayan Brokerage Company Limited,17,300.7,5111.9,2025-08-12 13:25:14.470950
2025-08-12,36347,2025081204010255,SHEL,Himalayan Brokerage Company Limited,Dipshikha Dhitopatra Karobar Co. Pvt Ltd.,200,302.0,60400.0,2025-08-12 13:25:19.490556
2025-08-12,35644,2025081204010402,SHEL,Sundhara Securities Limited,ABC Securities Private Limited,350,301.0,105350.0,2025-08-12 13:28:06.126886
2025-08-12,35500,2025081204010436,SHEL,Cristal Kanchanjanga Securites Pvt. Ltd.,ABC Securities Private Limited,100,301.0,30100.0,2025-08-12 13:28:53.736016
2025-08-12,35167,2025081204010519,SHEL,Kohinoor Investment & Securities Pvt. Ltd.,ABC Securities Private Limited,305,301.0,91805.0,2025-08-12 13:30:27.247218
2025-08-12,34963,2025081204010559,SHEL,Naasa Securities Co. Ltd.,Sharepro Securities Private Limited,13,300.7,3909.1,2025-08-12 13:31:21.470837
2025-08-12,34962,2025081204010560,SHEL,Sani Securities Company Ltd.,Sharepro Securities Private Limited,440,300.7,132308.0,2025-08-12 13:31:21.471247
2025-08-12,34961,2025081204010561,SHEL,Premier Securities Company Ltd.,Sharepro Securities Private Limited,500,300.6,150300.0,2025-08-12 13:31:21.471435
2025-08-12,34960,2025081204010562,SHEL,South Asian Bulls Pvt. Ltd.,Sharepro Securities Private Limited,500,300.5,150250.0,2025-08-12 13:31:21.471631
2025-08-12,34959,2025081204010563,SHEL,Naasa Securities Co. Ltd.,Sharepro Securities Private Limited,100,300.5,30050.0,2025-08-12 13:31:21.471804
2025-08-12,34958,2025081204010564,SHEL,Sri Hari Securities Pvt. Ltd.,Sharepro Securities Private Limited,447,300.4,134278.8,2025-08-12 13:31:21.471972
2025-08-12,34868,2025081204010582,SHEL,Sri Hari Securities Pvt. Ltd.,Naasa Securities Co. Ltd.,20,300.4,6008.0,2025-08-12 13:31:47.108801
2025-08-12,34845,2025081204010584,SHEL,Sani Securities Company Ltd.,ABC Securities Private Limited,245,301.0,73745.0,2025-08-12 13:31:55.072663
2025-08-12,34844,2025081204010585,SHEL,Sani Securities Company Ltd.,Midas Stock Broking Company Private Limited,100,301.0,30100.0,2025-08-12 13:31:55.073455
2025-08-12,33996,2025081204010731,SHEL,Neev Securities Pvt. Ltd.,Kumari Securities Private Limited,10,300.8,3008.0,2025-08-12 13:35:49.508202
2025-08-12,33841,2025081204010764,SHEL,Sani Securities Company Ltd.,Online Securities Pvt. Ltd.,20,301.0,6020.0,2025-08-12 13:36:28.314670
2025-08-12,33688,2025081204010790,SHEL,Shree Krishna Securities Ltd.,Imperial Securities Company Pvt. Ltd.,300,301.7,90510.0,2025-08-12 13:37:22.712272
2025-08-12,33687,2025081204010791,SHEL,Shree Krishna Securities Ltd.,Cristal Kanchanjanga Securites Pvt. Ltd.,450,301.8,135810.0,2025-08-12 13:37:22.712412
2025-08-12,33686,2025081204010792,SHEL,Shree Krishna Securities Ltd.,Cristal Kanchanjanga Securites Pvt. Ltd.,500,301.9,150950.0,2025-08-12 13:37:22.712482
2025-08-12,33685,2025081204010793,SHEL,Shree Krishna Securities Ltd.,Kalika Securities Pvt. Ltd.,200,301.9,60380.0,2025-08-12 13:37:22.712547
2025-08-12,33684,2025081204010794,SHEL,Shree Krishna Securities Ltd.,Dipshikha Dhitopatra Karobar Co. Pvt Ltd.,1685,302.0,508870.0,2025-08-12 13:37:22.712623
2025-08-12,33683,2025081204010795,SHEL,Shree Krishna Securities Ltd.,Online Securities Pvt. Ltd.,237,302.0,71574.0,2025-08-12 13:37:22.712676
2025-08-12,33682,2025081204010796,SHEL,Shree Krishna Securities Ltd.,Trisul Securities & Invt. Ltd.,1000,302.0,302000.0,2025-08-12 13:37:22.712740
2025-08-12,33681,2025081204010797,SHEL,Shree Krishna Securities Ltd.,Imperial Securities Company Pvt. Ltd.,100,302.0,30200.0,2025-08-12 13:37:22.712801
2025-08-12,33680,2025081204010798,SHEL,Shree Krishna Securities Ltd.,Aryatara Investment & Securities,28,302.7,8475.6,2025-08-12 13:37:22.712871
2025-08-12,32877,2025081204010981,SHEL,MILKY WAY SHARE BROKER COMPANY LTD ,Sundhara Securities Limited,20,301.2,6024.0,2025-08-12 13:41:02.877199
2025-08-12,32727,2025081204011002,SHEL,South Asian Bulls Pvt. Ltd.,Vision Securities Pvt. Ltd,20,301.3,6026.0,2025-08-12 13:41:44.530608
2025-08-12,32420,2025081204011062,SHEL,Online Securities Pvt. Ltd.,S.P.S.A. Securities Limited,10,302.6,3026.0,2025-08-12 13:43:06.968844
2025-08-12,32078,2025081204011136,SHEL,Nepal Investment And Securities Trading Private Limited,Midas Stock Broking Company Private Limited,250,302.0,75500.0,2025-08-12 13:44:45.787496
2025-08-12,32057,2025081204011146,SHEL,Agrawal Securities (PVT) Ltd.,Aryatara Investment & Securities,72,302.5,21780.0,2025-08-12 13:44:53.682499
2025-08-12,32056,2025081204011147,SHEL,Agrawal Securities (PVT) Ltd.,Dipshikha Dhitopatra Karobar Co. Pvt Ltd.,28,302.5,8470.0,2025-08-12 13:44:53.683416
2025-08-12,32029,2025081204011157,SHEL,Sri Hari Securities Pvt. Ltd.,Dipshikha Dhitopatra Karobar Co. Pvt Ltd.,972,302.5,294030.0,2025-08-12 13:44:59.333558
2025-08-12,32028,2025081204011158,SHEL,Sri Hari Securities Pvt. Ltd.,S.P.S.A. Securities Limited,28,302.6,8472.8,2025-08-12 13:44:59.333638
2025-08-12,31945,2025081204011184,SHEL,Aryatara Investment & Securities,S.P.S.A. Securities Limited,962,302.6,291101.2,2025-08-12 13:45:22.391758
2025-08-12,31944,2025081204011185,SHEL,Aryatara Investment & Securities,Kalika Securities Pvt. Ltd.,38,302.7,11502.6,2025-08-12 13:45:22.392154
2025-08-12,31765,2025081204011256,SHEL,Nepal Investment And Securities Trading Private Limited,Kalika Securities Pvt. Ltd.,162,302.7,49037.4,2025-08-12 13:45:51.102521
2025-08-12,31764,2025081204011257,SHEL,Nepal Investment And Securities Trading Private Limited,Ashutosh Brokerage & Securities (PVT) Ltd.,60,302.7,18162.0,2025-08-12 13:45:51.102920
2025-08-12,31601,2025081204011289,SHEL,Investment Management Nepal Pvt. Ltd.,Money World Share Exchange PVT Ltd,200,302.8,60560.0,2025-08-12 13:46:21.733842
2025-08-12,31600,2025081204011290,SHEL,Investment Management Nepal Pvt. Ltd.,Ashutosh Brokerage & Securities (PVT) Ltd.,300,302.8,90840.0,2025-08-12 13:46:21.734630
2025-08-12,31599,2025081204011291,SHEL,Investment Management Nepal Pvt. Ltd.,Ashutosh Brokerage & Securities (PVT) Ltd.,100,302.9,30290.0,2025-08-12 13:46:21.735173
2025-08-12,31598,2025081204011292,SHEL,Investment Management Nepal Pvt. Ltd.,Ashutosh Brokerage & Securities (PVT) Ltd.,100,302.9,30290.0,2025-08-12 13:46:21.735725
2025-08-12,31597,2025081204011293,SHEL,Investment Management Nepal Pvt. Ltd.,Ashutosh Brokerage & Securities (PVT) Ltd.,100,302.9,30290.0,2025-08-12 13:46:21.736245
2025-08-12,31596,2025081204011294,SHEL,Investment Management Nepal Pvt. Ltd.,Ashutosh Brokerage & Securities (PVT) Ltd.,100,302.9,30290.0,2025-08-12 13:46:21.736829
2025-08-12,31595,2025081204011295,SHEL,Investment Management Nepal Pvt. Ltd.,Ashutosh Brokerage & Securities (PVT) Ltd.,100,302.9,30290.0,2025-08-12 13:46:21.737364
2025-08-12,31565,2025081204011306,SHEL,Property Wiard Limited,Sundhara Securities Limited,20,302.8,6056.0,2025-08-12 13:46:28.273008
2025-08-12,31524,2025081204011309,SHEL,INDEX SECURITIES LIMITED,Linch Stock Market Ltd.,50,303.0,15150.0,2025-08-12 13:46:37.084880
2025-08-12,31506,2025081204011320,SHEL,Online Securities Pvt. Ltd.,Linch Stock Market Ltd.,10,303.0,3030.0,2025-08-12 13:46:37.988030
2025-08-12,31420,2025081204011355,SHEL,Asian Securities Private Ltd.,Linch Stock Market Ltd.,1805,303.0,546915.0,2025-08-12 13:46:54.053879
2025-08-12,31419,2025081204011356,SHEL,Asian Securities Private Ltd.,Investment Management Nepal Pvt. Ltd.,500,303.0,151500.0,2025-08-12 13:46:54.054684
2025-08-12,31418,2025081204011357,SHEL,Asian Securities Private Ltd.,Sanima Securities Limited,500,303.0,151500.0,2025-08-12 13:46:54.055242
2025-08-12,31417,2025081204011358,SHEL,Asian Securities Private Ltd.,Deevyaa Securities & Stock House Pvt. Ltd,20,303.0,6060.0,2025-08-12 13:46:54.055780
2025-08-12,31416,2025081204011359,SHEL,Asian Securities Private Ltd.,SUN SECURITIES PVT LTD,500,303.0,151500.0,2025-08-12 13:46:54.056307
2025-08-12,31415,2025081204011360,SHEL,Asian Securities Private Ltd.,Siprabi Securities Pvt. Ltd.,30,303.0,9090.0,2025-08-12 13:46:54.056853
2025-08-12,31414,2025081204011361,SHEL,Asian Securities Private Ltd.,Midas Stock Broking Company Private Limited,250,303.0,75750.0,2025-08-12 13:46:54.057375
2025-08-12,31270,2025081204011389,SHEL,Property Wiard Limited,Ashutosh Brokerage & Securities (PVT) Ltd.,50,303.5,15175.0,2025-08-12 13:47:23.273145
2025-08-12,31221,2025081204011403,SHEL,Vision Securities Pvt. Ltd,Ashutosh Brokerage & Securities (PVT) Ltd.,100,303.7,30370.0,2025-08-12 13:47:33.164912
2025-08-12,31220,2025081204011404,SHEL,Vision Securities Pvt. Ltd,Sweta Securities Private Limited,75,304.0,22800.0,2025-08-12 13:47:33.165266
2025-08-12,31219,2025081204011405,SHEL,Vision Securities Pvt. Ltd,Linch Stock Market Ltd.,25,304.0,7600.0,2025-08-12 13:47:33.165452
2025-08-12,31215,2025081204011406,SHEL,Property Wiard Limited,Dynamic Money Managers Securities Pvt. Ltd.,430,303.5,130505.0,2025-08-12 13:47:34.089102
2025-08-12,31214,2025081204011407,SHEL,Asian Securities Private Ltd.,Dynamic Money Managers Securities Pvt. Ltd.,395,303.0,119685.0,2025-08-12 13:47:34.089594
2025-08-12,31213,2025081204011408,SHEL,Nepal Stock House (PVT) Ltd.,Dynamic Money Managers Securities Pvt. Ltd.,1000,303.0,303000.0,2025-08-12 13:47:34.089817
2025-08-12,31212,2025081204011409,SHEL,NIMB Stock Markets Limited,Dynamic Money Managers Securities Pvt. Ltd.,1375,302.1,415387.5,2025-08-12 13:47:34.090038
2025-08-12,31138,2025081204011413,SHEL,Online Securities Pvt. Ltd.,Linch Stock Market Ltd.,10,304.0,3040.0,2025-08-12 13:47:39.543083
2025-08-12,31060,2025081204011440,SHEL,Linch Stock Market Ltd.,Kalika Securities Pvt. Ltd.,200,303.9,60780.0,2025-08-12 13:48:01.601087
2025-08-12,31059,2025081204011441,SHEL,Linch Stock Market Ltd.,Linch Stock Market Ltd.,332,304.0,100928.0,2025-08-12 13:48:01.601804
2025-08-12,31058,2025081204011442,SHEL,Linch Stock Market Ltd.,Citizens Share Broker Limited,100,304.0,30400.0,2025-08-12 13:48:01.602345
2025-08-12,31057,2025081204011443,SHEL,Linch Stock Market Ltd.,S.P.S.A. Securities Limited,368,304.0,111872.0,2025-08-12 13:48:01.602858
2025-08-12,30953,2025081204011469,SHEL,South Asian Bulls Pvt. Ltd.,Linch Stock Market Ltd.,10,302.2,3022.0,2025-08-12 13:48:24.761963
2025-08-12,30771,2025081204011506,SHEL,Online Securities Pvt. Ltd.,Kalika Securities Pvt. Ltd.,10,303.9,3039.0,2025-08-12 13:49:03.044761
2025-08-12,30737,2025081204011520,SHEL,Capital Max Securities Ltd,Kalika Securities Pvt. Ltd.,190,303.9,57741.0,2025-08-12 13:49:17.155797
2025-08-12,30736,2025081204011521,SHEL,Capital Max Securities Ltd,Sani Securities Company Ltd.,810,304.0,246240.0,2025-08-12 13:49:17.155901
2025-08-12,30731,2025081204011522,SHEL,Nepal Investment And Securities Trading Private Limited,Sani Securities Company Ltd.,20,302.5,6050.0,2025-08-12 13:49:18.721043
2025-08-12,29994,2025081204011699,SHEL,Aryatara Investment & Securities,Imperial Securities Company Pvt. Ltd.,10,303.0,3030.0,2025-08-12 13:51:35.006936
2025-08-12,29926,2025081204011714,SHEL,Property Wiard Limited,Imperial Securities Company Pvt. Ltd.,100,303.1,30310.0,2025-08-12 13:51:48.200025
2025-08-12,29918,2025081204011718,SHEL,Aryatara Investment & Securities,Secured Securities Ltd.,250,303.0,75750.0,2025-08-12 13:51:50.147795
2025-08-12,29841,2025081204011753,SHEL,Trisul Securities & Invt. Ltd.,Sani Securities Company Ltd.,190,304.0,57760.0,2025-08-12 13:52:10.126535
2025-08-12,29821,2025081204011758,SHEL,Trishakti Securities Public Limited,Hatemalo Financial Services Private Limited,640,303.1,193984.0,2025-08-12 13:52:14.039197
2025-08-12,29675,2025081204011783,SHEL,J.F. Securites (PVT) Ltd.,Asian Securities Private Ltd.,20,304.9,6098.0,2025-08-12 13:52:42.686856
2025-08-12,29674,2025081204011784,SHEL,J.F. Securites (PVT) Ltd.,Sani Securities Company Ltd.,480,305.0,146400.0,2025-08-12 13:52:42.687250
2025-08-12,29543,2025081204011803,SHEL,Trisul Securities & Invt. Ltd.,Online Securities Pvt. Ltd.,10,304.0,3040.0,2025-08-12 13:53:10.833232
2025-08-12,29504,2025081204011809,SHEL,Imperial Securities Company Pvt. Ltd.,Sani Securities Company Ltd.,100,305.0,30500.0,2025-08-12 13:53:18.710667
2025-08-12,29477,2025081204011813,SHEL,Agrawal Securities (PVT) Ltd.,Hatemalo Financial Services Private Limited,100,303.2,30320.0,2025-08-12 13:53:24.235179
2025-08-12,29476,2025081204011814,SHEL,Property Wiard Limited,Hatemalo Financial Services Private Limited,95,303.2,28804.0,2025-08-12 13:53:24.235603
2025-08-12,29438,2025081204011817,SHEL,Deevyaa Securities & Stock House Pvt. Ltd,Midas Stock Broking Company Private Limited,20,304.0,6080.0,2025-08-12 13:53:32.549377
2025-08-12,29311,2025081204011831,SHEL,Nepal Investment And Securities Trading Private Limited,Midas Stock Broking Company Private Limited,480,304.0,145920.0,2025-08-12 13:53:56.543764
2025-08-12,29299,2025081204011832,SHEL,INDEX SECURITIES LIMITED,Sani Securities Company Ltd.,20,305.0,6100.0,2025-08-12 13:54:00.165290
2025-08-12,29298,2025081204011833,SHEL,INDEX SECURITIES LIMITED,Citizens Share Broker Limited,30,305.0,9150.0,2025-08-12 13:54:00.165432
2025-08-12,29205,2025081204011853,SHEL,NIMB Stock Markets Limited,Citizens Share Broker Limited,125,305.0,38125.0,2025-08-12 13:54:23.687245
2025-08-12,28704,2025081204012030,SHEL,Nepal Investment And Securities Trading Private Limited,Citizens Share Broker Limited,45,305.0,13725.0,2025-08-12 13:55:41.030860
2025-08-12,28703,2025081204012031,SHEL,Nepal Investment And Securities Trading Private Limited,Naasa Securities Co. Ltd.,20,305.0,6100.0,2025-08-12 13:55:41.031259
2025-08-12,28702,2025081204012032,SHEL,Nepal Investment And Securities Trading Private Limited,Sweta Securities Private Limited,10,305.0,3050.0,2025-08-12 13:55:41.031462
2025-08-12,28701,2025081204012033,SHEL,Nepal Investment And Securities Trading Private Limited,Vision Securities Pvt. Ltd,125,305.0,38125.0,2025-08-12 13:55:41.031650
2025-08-12,28520,2025081204012074,SHEL,Online Securities Pvt. Ltd.,Vision Securities Pvt. Ltd,375,305.0,114375.0,2025-08-12 13:56:19.788402
2025-08-12,28519,2025081204012075,SHEL,Online Securities Pvt. Ltd.,R.B.B. Securities Company Ltd,500,305.0,152500.0,2025-08-12 13:56:19.789198
2025-08-12,28518,2025081204012076,SHEL,Online Securities Pvt. Ltd.,Himalayan Brokerage Company Limited,500,305.0,152500.0,2025-08-12 13:56:19.789907
2025-08-12,28517,2025081204012077,SHEL,Online Securities Pvt. Ltd.,Premier Securities Company Ltd.,151,305.0,46055.0,2025-08-12 13:56:19.790492
2025-08-12,28516,2025081204012078,SHEL,Online Securities Pvt. Ltd.,Imperial Securities Company Pvt. Ltd.,500,305.0,152500.0,2025-08-12 13:56:19.791139
2025-08-12,28515,2025081204012079,SHEL,Online Securities Pvt. Ltd.,Siprabi Securities Pvt. Ltd.,350,305.0,106750.0,2025-08-12 13:56:19.791792
2025-08-12,28514,2025081204012080,SHEL,Online Securities Pvt. Ltd.,Vision Securities Pvt. Ltd,500,305.0,152500.0,2025-08-12 13:56:19.792606
2025-08-12,28513,2025081204012081,SHEL,Online Securities Pvt. Ltd.,Naasa Securities Co. Ltd.,124,305.0,37820.0,2025-08-12 13:56:19.793438
2025-08-12,28363,2025081204012097,SHEL,Deevyaa Securities & Stock House Pvt. Ltd,Naasa Securities Co. Ltd.,126,305.0,38430.0,2025-08-12 13:56:46.743675
2025-08-12,28299,2025081204012127,SHEL,Deevyaa Securities & Stock House Pvt. Ltd,Malla & Malla Stock Broking Company Pvt. Limited,161,305.0,49105.0,2025-08-12 13:56:53.548958
2025-08-12,28275,2025081204012136,SHEL,Deevyaa Securities & Stock House Pvt. Ltd,Sani Securities Company Ltd.,10,305.0,3050.0,2025-08-12 13:56:57.859098
2025-08-12,28176,2025081204012162,SHEL,Deevyaa Securities & Stock House Pvt. Ltd,Trishakti Securities Public Limited,500,305.0,152500.0,2025-08-12 13:57:25.472242
2025-08-12,27704,2025081204012234,SHEL,Online Securities Pvt. Ltd.,Dipshikha Dhitopatra Karobar Co. Pvt Ltd.,100,305.2,30520.0,2025-08-12 13:58:15.931582
2025-08-12,27703,2025081204012235,SHEL,Online Securities Pvt. Ltd.,Roadshow securities limited,900,305.5,274950.0,2025-08-12 13:58:15.931977
2025-08-12,27652,2025081204012239,SHEL,Deevyaa Securities & Stock House Pvt. Ltd,Thrive Brokerage House Pvt. Ltd,203,305.0,61915.0,2025-08-12 13:58:28.799890
2025-08-12,27651,2025081204012240,SHEL,Cristal Kanchanjanga Securites Pvt. Ltd.,Thrive Brokerage House Pvt. Ltd,100,305.0,30500.0,2025-08-12 13:58:28.800742
2025-08-12,27650,2025081204012241,SHEL,Premier Securities Company Ltd.,Thrive Brokerage House Pvt. Ltd,297,305.0,90585.0,2025-08-12 13:58:28.801298
2025-08-12,27647,2025081204012242,SHEL,Sumeru Securities Pvt. Ltd.,Roadshow securities limited,200,305.5,61100.0,2025-08-12 13:58:29.657207
2025-08-12,27646,2025081204012243,SHEL,Sumeru Securities Pvt. Ltd.,Naasa Securities Co. Ltd.,15,305.9,4588.5,2025-08-12 13:58:29.657627
2025-08-12,27645,2025081204012244,SHEL,Sumeru Securities Pvt. Ltd.,Sri Hari Securities Pvt. Ltd.,1000,305.9,305900.0,2025-08-12 13:58:29.657862
2025-08-12,27644,2025081204012245,SHEL,Sumeru Securities Pvt. Ltd.,Premier Securities Company Ltd.,500,306.0,153000.0,2025-08-12 13:58:29.658175
2025-08-12,27643,2025081204012246,SHEL,Sumeru Securities Pvt. Ltd.,Online Securities Pvt. Ltd.,2285,306.0,699210.0,2025-08-12 13:58:29.658437
2025-08-12,27630,2025081204012251,SHEL,ABC Securities Private Limited,Sani Securities Company Ltd.,200,305.5,61100.0,2025-08-12 13:58:32.100781
2025-08-12,27629,2025081204012252,SHEL,Premier Securities Company Ltd.,Sani Securities Company Ltd.,28,305.0,8540.0,2025-08-12 13:58:32.101177
2025-08-12,27555,2025081204012270,SHEL,Nepal Investment And Securities Trading Private Limited,Sani Securities Company Ltd.,372,305.0,113460.0,2025-08-12 13:58:50.039274
2025-08-12,27382,2025081204012315,SHEL,Online Securities Pvt. Ltd.,MILKY WAY SHARE BROKER COMPANY LTD ,10,305.8,3058.0,2025-08-12 13:59:20.558259
2025-08-12,27113,2025081204012391,SHEL,Nepal Investment And Securities Trading Private Limited,Secured Securities Ltd.,20,305.0,6100.0,2025-08-12 14:00:09.414511
2025-08-12,26786,2025081204012460,SHEL,Nepal Investment And Securities Trading Private Limited,Thrive Brokerage House Pvt. Ltd,80,305.0,24400.0,2025-08-12 14:01:09.484805
2025-08-12,26785,2025081204012461,SHEL,Sani Securities Company Ltd.,Thrive Brokerage House Pvt. Ltd,20,305.0,6100.0,2025-08-12 14:01:09.485730
2025-08-12,26759,2025081204012467,SHEL,Sani Securities Company Ltd.,Hatemalo Financial Services Private Limited,80,305.0,24400.0,2025-08-12 14:01:16.555839
2025-08-12,26655,2025081204012510,SHEL,Sani Securities Company Ltd.,MILKY WAY SHARE BROKER COMPANY LTD ,500,304.0,152000.0,2025-08-12 14:01:38.680613
2025-08-12,26654,2025081204012511,SHEL,ABC Securities Private Limited,MILKY WAY SHARE BROKER COMPANY LTD ,200,304.0,60800.0,2025-08-12 14:01:38.681615
2025-08-12,26653,2025081204012512,SHEL,Nepal Investment And Securities Trading Private Limited,MILKY WAY SHARE BROKER COMPANY LTD ,200,303.7,60740.0,2025-08-12 14:01:38.682205
2025-08-12,26652,2025081204012513,SHEL,Imperial Securities Company Pvt. Ltd.,MILKY WAY SHARE BROKER COMPANY LTD ,100,303.6,30360.0,2025-08-12 14:01:38.682797
2025-08-12,26651,2025081204012514,SHEL,Trishakti Securities Public Limited,MILKY WAY SHARE BROKER COMPANY LTD ,490,303.1,148519.0,2025-08-12 14:01:38.683392
2025-08-12,26127,2025081204012612,SHEL,Kohinoor Investment & Securities Pvt. Ltd.,Hatemalo Financial Services Private Limited,100,305.0,30500.0,2025-08-12 14:03:01.814643
2025-08-12,26126,2025081204012613,SHEL,Kohinoor Investment & Securities Pvt. Ltd.,MILKY WAY SHARE BROKER COMPANY LTD ,10,305.6,3056.0,2025-08-12 14:03:01.814764
2025-08-12,25927,2025081204012652,SHEL,Cristal Kanchanjanga Securites Pvt. Ltd.,Arun Securities (PVT) Ltd.,500,305.0,152500.0,2025-08-12 14:03:36.250335
2025-08-12,25695,2025081204012719,SHEL,Trishakti Securities Public Limited,MILKY WAY SHARE BROKER COMPANY LTD ,870,303.1,263697.0,2025-08-12 14:04:20.260921
2025-08-12,25693,2025081204012720,SHEL,Aryatara Investment & Securities,MILKY WAY SHARE BROKER COMPANY LTD ,120,303.0,36360.0,2025-08-12 14:04:20.261401
2025-08-12,25480,2025081204012775,SHEL,Aryatara Investment & Securities,Dipshikha Dhitopatra Karobar Co. Pvt Ltd.,420,303.0,127260.0,2025-08-12 14:04:57.090543
2025-08-12,25479,2025081204012776,SHEL,Deevyaa Securities & Stock House Pvt. Ltd,Dipshikha Dhitopatra Karobar Co. Pvt Ltd.,30,303.0,9090.0,2025-08-12 14:04:57.090994
2025-08-12,25478,2025081204012777,SHEL,Naasa Securities Co. Ltd.,Dipshikha Dhitopatra Karobar Co. Pvt Ltd.,180,303.0,54540.0,2025-08-12 14:04:57.091180
2025-08-12,25477,2025081204012778,SHEL,Cristal Kanchanjanga Securites Pvt. Ltd.,Dipshikha Dhitopatra Karobar Co. Pvt Ltd.,100,303.0,30300.0,2025-08-12 14:04:57.091374
2025-08-12,25476,2025081204012779,SHEL,Vision Securities Pvt. Ltd,Dipshikha Dhitopatra Karobar Co. Pvt Ltd.,200,303.0,60600.0,2025-08-12 14:04:57.091568
2025-08-12,25475,2025081204012780,SHEL,Arun Securities (PVT) Ltd.,Dipshikha Dhitopatra Karobar Co. Pvt Ltd.,70,303.0,21210.0,2025-08-12 14:04:57.091773
2025-08-12,24846,2025081204012985,SHEL,Nepal Investment And Securities Trading Private Limited,Thrive Brokerage House Pvt. Ltd,100,303.3,30330.0,2025-08-12 14:07:15.211465
2025-08-12,24661,2025081204013021,SHEL,Nepal Investment And Securities Trading Private Limited,Ashutosh Brokerage & Securities (PVT) Ltd.,40,303.3,12132.0,2025-08-12 14:07:51.245028
2025-08-12,24659,2025081204013022,SHEL,Nepal Investment And Securities Trading Private Limited,Deevyaa Securities & Stock House Pvt. Ltd,60,303.3,18198.0,2025-08-12 14:07:51.730139
2025-08-12,24357,2025081204013122,SHEL,Arun Securities (PVT) Ltd.,Thrive Brokerage House Pvt. Ltd,30,303.0,9090.0,2025-08-12 14:08:46.567717
2025-08-12,24356,2025081204013123,SHEL,Property Wiard Limited,Thrive Brokerage House Pvt. Ltd,95,302.8,28766.0,2025-08-12 14:08:46.568150
2025-08-12,24355,2025081204013124,SHEL,Property Wiard Limited,Thrive Brokerage House Pvt. Ltd,490,302.7,148323.0,2025-08-12 14:08:46.568387
2025-08-12,24354,2025081204013125,SHEL,Citizens Share Broker Limited,Thrive Brokerage House Pvt. Ltd,500,302.4,151200.0,2025-08-12 14:08:46.568602
2025-08-12,24353,2025081204013126,SHEL,Deevyaa Securities & Stock House Pvt. Ltd,Thrive Brokerage House Pvt. Ltd,500,302.3,151150.0,2025-08-12 14:08:46.568798
2025-08-12,24352,2025081204013127,SHEL,S.P.S.A. Securities Limited,Thrive Brokerage House Pvt. Ltd,385,302.3,116385.5,2025-08-12 14:08:46.568995
2025-08-12,24058,2025081204013208,SHEL,S.P.S.A. Securities Limited,Midas Stock Broking Company Private Limited,615,302.3,185914.5,2025-08-12 14:09:42.322354
2025-08-12,24057,2025081204013209,SHEL,ABC Securities Private Limited,Midas Stock Broking Company Private Limited,50,302.0,15100.0,2025-08-12 14:09:42.323178
2025-08-12,24056,2025081204013210,SHEL,Midas Stock Broking Company Private Limited,Midas Stock Broking Company Private Limited,660,302.0,199320.0,2025-08-12 14:09:42.323769
2025-08-12,24055,2025081204013211,SHEL,Online Securities Pvt. Ltd.,Midas Stock Broking Company Private Limited,15,302.0,4530.0,2025-08-12 14:09:42.324306
2025-08-12,24054,2025081204013212,SHEL,Linch Stock Market Ltd.,Midas Stock Broking Company Private Limited,200,302.0,60400.0,2025-08-12 14:09:42.324876
2025-08-12,24053,2025081204013213,SHEL,Aryatara Investment & Securities,Midas Stock Broking Company Private Limited,100,302.0,30200.0,2025-08-12 14:09:42.325439
2025-08-12,24052,2025081204013214,SHEL,R.B.B. Securities Company Ltd,Midas Stock Broking Company Private Limited,500,302.0,151000.0,2025-08-12 14:09:42.325999
2025-08-12,24051,2025081204013215,SHEL,Malla & Malla Stock Broking Company Pvt. Limited,Midas Stock Broking Company Private Limited,360,301.9,108684.0,2025-08-12 14:09:42.326561
2025-08-12,23140,2025081204013455,SHEL,Nepal Investment And Securities Trading Private Limited,KALASH STOCK MARKET PVT. LTD.,20,302.0,6040.0,2025-08-12 14:12:17.617873
2025-08-12,23097,2025081204013474,SHEL,Nepal Investment And Securities Trading Private Limited,Asian Securities Private Ltd.,180,302.0,54360.0,2025-08-12 14:12:30.063455
2025-08-12,23096,2025081204013475,SHEL,Oxford Securities Pvt. Ltd.,Asian Securities Private Ltd.,459,302.0,138618.0,2025-08-12 14:12:30.063904
2025-08-12,23095,2025081204013476,SHEL,Vision Securities Pvt. Ltd,Asian Securities Private Ltd.,10,301.9,3019.0,2025-08-12 14:12:30.064179
2025-08-12,23094,2025081204013477,SHEL,Malla & Malla Stock Broking Company Pvt. Limited,Asian Securities Private Ltd.,640,301.8,193152.0,2025-08-12 14:12:30.064424
2025-08-12,23093,2025081204013478,SHEL,Aryatara Investment & Securities,Asian Securities Private Ltd.,2000,301.7,603400.0,2025-08-12 14:12:30.064646
2025-08-12,23092,2025081204013479,SHEL,Trishakti Securities Public Limited,Asian Securities Private Ltd.,211,301.7,63658.7,2025-08-12 14:12:30.064861
2025-08-12,22891,2025081204013519,SHEL,Market Securities & Exchange (PVT) Ltd.,Cristal Kanchanjanga Securites Pvt. Ltd.,20,303.0,6060.0,2025-08-12 14:13:17.549229
2025-08-12,22890,2025081204013520,SHEL,Market Securities & Exchange (PVT) Ltd.,Sani Securities Company Ltd.,180,303.0,54540.0,2025-08-12 14:13:17.549697
2025-08-12,22768,2025081204013551,SHEL,Trishakti Securities Public Limited,Trishakti Securities Public Limited,789,301.7,238041.3,2025-08-12 14:13:47.819558
2025-08-12,22767,2025081204013552,SHEL,South Asian Bulls Pvt. Ltd.,Trishakti Securities Public Limited,470,301.2,141564.0,2025-08-12 14:13:47.819995
2025-08-12,22766,2025081204013553,SHEL,Cristal Kanchanjanga Securites Pvt. Ltd.,Trishakti Securities Public Limited,1000,301.1,301100.0,2025-08-12 14:13:47.820186
2025-08-12,22765,2025081204013554,SHEL,Vision Securities Pvt. Ltd,Trishakti Securities Public Limited,500,301.0,150500.0,2025-08-12 14:13:47.820385
2025-08-12,22764,2025081204013555,SHEL,Cristal Kanchanjanga Securites Pvt. Ltd.,Trishakti Securities Public Limited,300,301.0,90300.0,2025-08-12 14:13:47.820582
2025-08-12,22763,2025081204013556,SHEL,Siprabi Securities Pvt. Ltd.,Trishakti Securities Public Limited,800,301.0,240800.0,2025-08-12 14:13:47.820764
2025-08-12,22762,2025081204013557,SHEL,Aakashbhairab Securities Ltd.,Trishakti Securities Public Limited,141,301.0,42441.0,2025-08-12 14:13:47.820947
2025-08-12,22302,2025081204013649,SHEL,Deevyaa Securities & Stock House Pvt. Ltd,Trishakti Securities Public Limited,969,301.2,291862.8,2025-08-12 14:15:31.420181
2025-08-12,21949,2025081204013733,SHEL,Dipshikha Dhitopatra Karobar Co. Pvt Ltd.,Deevyaa Securities & Stock House Pvt. Ltd,940,301.3,283222.0,2025-08-12 14:16:25.217584
2025-08-12,21930,2025081204013742,SHEL,Dipshikha Dhitopatra Karobar Co. Pvt Ltd.,Sundhara Securities Limited,60,301.3,18078.0,2025-08-12 14:16:32.820165
2025-08-12,21929,2025081204013743,SHEL,Deevyaa Securities & Stock House Pvt. Ltd,Sundhara Securities Limited,1031,301.2,310537.2,2025-08-12 14:16:32.820583
2025-08-12,21928,2025081204013744,SHEL,Aakashbhairab Securities Ltd.,Sundhara Securities Limited,809,301.0,243509.0,2025-08-12 14:16:32.820776
2025-08-12,21777,2025081204013778,SHEL,Sani Securities Company Ltd.,Agrawal Securities (PVT) Ltd.,200,302.0,60400.0,2025-08-12 14:17:02.408056
2025-08-12,21448,2025081204013861,SHEL,Aakashbhairab Securities Ltd.,Deevyaa Securities & Stock House Pvt. Ltd,50,301.0,15050.0,2025-08-12 14:18:13.735108
2025-08-12,21447,2025081204013862,SHEL,Midas Stock Broking Company Private Limited,Deevyaa Securities & Stock House Pvt. Ltd,100,301.0,30100.0,2025-08-12 14:18:13.735579
2025-08-12,21446,2025081204013863,SHEL,Opal Securities Investment (PVT) Ltd.,Deevyaa Securities & Stock House Pvt. Ltd,280,301.0,84280.0,2025-08-12 14:18:13.735784
2025-08-12,21445,2025081204013864,SHEL,Neev Securities Pvt. Ltd.,Deevyaa Securities & Stock House Pvt. Ltd,1000,301.0,301000.0,2025-08-12 14:18:13.735971
2025-08-12,21327,2025081204013894,SHEL,ABC Securities Private Limited,J.F. Securites (PVT) Ltd.,50,300.9,15045.0,2025-08-12 14:18:36.252602
2025-08-12,21303,2025081204013900,SHEL,Sani Securities Company Ltd.,Deevyaa Securities & Stock House Pvt. Ltd,19,301.0,5719.0,2025-08-12 14:18:41.687446
2025-08-12,21286,2025081204013904,SHEL,Dipshikha Dhitopatra Karobar Co. Pvt Ltd.,Nepal Stock House (PVT) Ltd.,10,300.8,3008.0,2025-08-12 14:18:46.176849
2025-08-12,21144,2025081204013942,SHEL,Dipshikha Dhitopatra Karobar Co. Pvt Ltd.,Sundhara Securities Limited,990,300.8,297792.0,2025-08-12 14:19:14.843178
2025-08-12,21143,2025081204013943,SHEL,Sri Hari Securities Pvt. Ltd.,Sundhara Securities Limited,33,300.4,9913.2,2025-08-12 14:19:14.844009
2025-08-12,21142,2025081204013944,SHEL,Trisul Securities & Invt. Ltd.,Sundhara Securities Limited,150,300.4,45060.0,2025-08-12 14:19:14.844586
2025-08-12,21141,2025081204013945,SHEL,Sundhara Securities Limited,Sundhara Securities Limited,100,300.1,30010.0,2025-08-12 14:19:14.845282
2025-08-12,21140,2025081204013946,SHEL,Linch Stock Market Ltd.,Sundhara Securities Limited,1000,300.1,300100.0,2025-08-12 14:19:14.845962
2025-08-12,21139,2025081204013947,SHEL,Sajilo Broker Limited,Sundhara Securities Limited,500,300.1,150050.0,2025-08-12 14:19:14.846663
2025-08-12,21138,2025081204013948,SHEL,Linch Stock Market Ltd.,Sundhara Securities Limited,100,300.1,30010.0,2025-08-12 14:19:14.847338
2025-08-12,21137,2025081204013949,SHEL,Stoxkarts Securities Limited,Sundhara Securities Limited,127,300.0,38100.0,2025-08-12 14:19:14.847981
2025-08-12,20829,2025081204014002,SHEL,Midas Stock Broking Company Private Limited,Naasa Securities Co. Ltd.,500,300.1,150050.0,2025-08-12 14:20:18.952932
2025-08-12,20814,2025081204014005,SHEL,Shree Krishna Securities Ltd.,Deevyaa Securities & Stock House Pvt. Ltd,551,301.0,165851.0,2025-08-12 14:20:22.467605
2025-08-12,20586,2025081204014065,SHEL,Shree Krishna Securities Ltd.,Sundhara Securities Limited,4449,301.0,1339149.0,2025-08-12 14:21:09.388549
2025-08-12,20585,2025081204014066,SHEL,Midas Stock Broking Company Private Limited,Sundhara Securities Limited,200,300.2,60040.0,2025-08-12 14:21:09.388978
2025-08-12,20584,2025081204014067,SHEL,Property Wiard Limited,Sundhara Securities Limited,55,300.1,16505.5,2025-08-12 14:21:09.389191
2025-08-12,20583,2025081204014068,SHEL,MILKY WAY SHARE BROKER COMPANY LTD ,Sundhara Securities Limited,1000,300.1,300100.0,2025-08-12 14:21:09.389390
2025-08-12,20582,2025081204014069,SHEL,Stoxkarts Securities Limited,Sundhara Securities Limited,373,300.0,111900.0,2025-08-12 14:21:09.389576
2025-08-12,20581,2025081204014070,SHEL,Sumeru Securities Pvt. Ltd.,Sundhara Securities Limited,200,300.0,60000.0,2025-08-12 14:21:09.389768
