Date,S.N.,Contract ID,Symbol,Buyer Broker,Seller Broker,volume,rate,amount,transaction_time
2025-08-12,78188,2025081204000015,UPCL,Vision Securities Pvt. Ltd,Deevyaa Securities & Stock House Pvt. Ltd,10,408.0,4080.0,2025-08-12 10:46:00.044205
2025-08-12,76981,2025081204000184,UPCL,Sani Securities Company Ltd.,Bhrikuti Stock Broking Co. Pvt. Ltd.,100,405.0,40500.0,2025-08-12 11:05:00.349531
2025-08-12,76436,2025081204000326,UPCL,Capital Max Securities Ltd,Magnet Securities and Investment Company Private Limited,500,400.5,200250.0,2025-08-12 11:07:17.002640
2025-08-12,76435,2025081204000327,UPCL,Asian Securities Private Ltd.,Magnet Securities and Investment Company Private Limited,400,400.1,160040.0,2025-08-12 11:07:17.002723
2025-08-12,76434,2025081204000328,UPCL,Sri Hari Securities Pvt. Ltd.,Magnet Securities and Investment Company Private Limited,2000,400.1,800200.0,2025-08-12 11:07:17.002765
2025-08-12,76029,2025081204000473,UPCL,Sweta Securities Private Limited,Deevyaa Securities & Stock House Pvt. Ltd,50,401.0,20050.0,2025-08-12 11:08:52.551871
2025-08-12,75432,2025081204000599,UPCL,MILKY WAY SHARE BROKER COMPANY LTD ,Dipshikha Dhitopatra Karobar Co. Pvt Ltd.,50,402.0,20100.0,2025-08-12 11:10:56.163433
2025-08-12,74707,2025081204000773,UPCL,Trishakti Securities Public Limited,SUN SECURITIES PVT LTD,125,402.0,50250.0,2025-08-12 11:13:46.681460
2025-08-12,74662,2025081204000793,UPCL,MILKY WAY SHARE BROKER COMPANY LTD ,Kalika Securities Pvt. Ltd.,100,403.0,40300.0,2025-08-12 11:13:58.642091
2025-08-12,74519,2025081204000831,UPCL,Trishakti Securities Public Limited,Bhrikuti Stock Broking Co. Pvt. Ltd.,200,405.0,81000.0,2025-08-12 11:14:35.855234
2025-08-12,74518,2025081204000832,UPCL,Trishakti Securities Public Limited,Opal Securities Investment (PVT) Ltd.,1675,405.0,678375.0,2025-08-12 11:14:35.855352
2025-08-12,74510,2025081204000835,UPCL,MILKY WAY SHARE BROKER COMPANY LTD ,Opal Securities Investment (PVT) Ltd.,325,405.0,131625.0,2025-08-12 11:14:39.767638
2025-08-12,74509,2025081204000836,UPCL,MILKY WAY SHARE BROKER COMPANY LTD ,Sundhara Securities Limited,505,405.0,204525.0,2025-08-12 11:14:39.767737
2025-08-12,74508,2025081204000837,UPCL,MILKY WAY SHARE BROKER COMPANY LTD ,Naasa Securities Co. Ltd.,100,405.0,40500.0,2025-08-12 11:14:39.767790
2025-08-12,73924,2025081204000994,UPCL,Hatemalo Financial Services Private Limited,Siprabi Securities Pvt. Ltd.,37,403.1,14914.7,2025-08-12 11:16:49.463916
2025-08-12,73594,2025081204001100,UPCL,Sri Hari Securities Pvt. Ltd.,Bhrikuti Stock Broking Co. Pvt. Ltd.,54,403.0,21762.0,2025-08-12 11:17:58.959352
2025-08-12,73394,2025081204001145,UPCL,Sri Hari Securities Pvt. Ltd.,Deevyaa Securities & Stock House Pvt. Ltd,146,403.0,58838.0,2025-08-12 11:18:40.689935
2025-08-12,72342,2025081204001382,UPCL,ABC Securities Private Limited,Deevyaa Securities & Stock House Pvt. Ltd,154,403.0,62062.0,2025-08-12 11:21:35.060971
2025-08-12,71277,2025081204001665,UPCL,Siprabi Securities Pvt. Ltd.,Sri Hari Securities Pvt. Ltd.,10,402.0,4020.0,2025-08-12 11:24:29.156200
2025-08-12,71276,2025081204001666,UPCL,Oxford Securities Pvt. Ltd.,Sri Hari Securities Pvt. Ltd.,50,402.0,20100.0,2025-08-12 11:24:29.156239
2025-08-12,71275,2025081204001667,UPCL,ABC Securities Private Limited,Sri Hari Securities Pvt. Ltd.,440,401.0,176440.0,2025-08-12 11:24:29.156271
2025-08-12,70830,2025081204001798,UPCL,ABC Securities Private Limited,Opal Securities Investment (PVT) Ltd.,60,401.0,24060.0,2025-08-12 11:25:44.245217
2025-08-12,70665,2025081204001843,UPCL,Thrive Brokerage House Pvt. Ltd,Opal Securities Investment (PVT) Ltd.,40,400.5,16020.0,2025-08-12 11:26:04.356965
2025-08-12,70591,2025081204001884,UPCL,Thrive Brokerage House Pvt. Ltd,Nabil Stock Dealer Ltd.,360,400.5,144180.0,2025-08-12 11:26:15.053871
2025-08-12,70590,2025081204001885,UPCL,Thrive Brokerage House Pvt. Ltd,Nabil Stock Dealer Ltd.,1000,400.3,400300.0,2025-08-12 11:26:15.053992
2025-08-12,70589,2025081204001886,UPCL,Aakashbhairab Securities Ltd.,Nabil Stock Dealer Ltd.,150,400.0,60000.0,2025-08-12 11:26:15.054051
2025-08-12,70588,2025081204001887,UPCL,Sri Hari Securities Pvt. Ltd.,Nabil Stock Dealer Ltd.,2000,400.0,800000.0,2025-08-12 11:26:15.054100
2025-08-12,70587,2025081204001888,UPCL,Sweta Securities Private Limited,Nabil Stock Dealer Ltd.,1000,400.0,400000.0,2025-08-12 11:26:15.054146
2025-08-12,70586,2025081204001889,UPCL,Sweta Securities Private Limited,Nabil Stock Dealer Ltd.,290,400.0,116000.0,2025-08-12 11:26:15.054189
2025-08-12,70049,2025081204002006,UPCL,Sweta Securities Private Limited,Market Securities & Exchange (PVT) Ltd.,10,400.0,4000.0,2025-08-12 11:27:32.846036
2025-08-12,70021,2025081204002009,UPCL,Sweta Securities Private Limited,Siprabi Securities Pvt. Ltd.,300,400.0,120000.0,2025-08-12 11:27:38.155294
2025-08-12,69989,2025081204002017,UPCL,Sweta Securities Private Limited,Property Wiard Limited,500,400.0,200000.0,2025-08-12 11:27:42.604226
2025-08-12,69988,2025081204002018,UPCL,Sweta Securities Private Limited,Property Wiard Limited,1200,400.0,480000.0,2025-08-12 11:27:42.604289
2025-08-12,69987,2025081204002019,UPCL,Online Securities Pvt. Ltd.,Property Wiard Limited,100,400.0,40000.0,2025-08-12 11:27:42.604320
2025-08-12,69986,2025081204002020,UPCL,BHOLE GANESH SECURITIES LTD,Property Wiard Limited,25,400.0,10000.0,2025-08-12 11:27:42.604341
2025-08-12,69985,2025081204002021,UPCL,Property Wiard Limited,Property Wiard Limited,200,399.9,79980.0,2025-08-12 11:27:42.604381
2025-08-12,69984,2025081204002022,UPCL,Siprabi Securities Pvt. Ltd.,Property Wiard Limited,100,398.0,39800.0,2025-08-12 11:27:42.604418
2025-08-12,69983,2025081204002023,UPCL,Capital Max Securities Ltd,Property Wiard Limited,275,398.0,109450.0,2025-08-12 11:27:42.604443
2025-08-12,68851,2025081204002253,UPCL,Sani Securities Company Ltd.,Nepal Investment And Securities Trading Private Limited,80,398.0,31840.0,2025-08-12 11:30:28.878024
2025-08-12,67494,2025081204002588,UPCL,J.F. Securites (PVT) Ltd.,Trishakti Securities Public Limited,50,398.2,19910.0,2025-08-12 11:34:15.784426
2025-08-12,67493,2025081204002589,UPCL,Sani Securities Company Ltd.,Trishakti Securities Public Limited,20,398.0,7960.0,2025-08-12 11:34:15.784615
2025-08-12,67492,2025081204002590,UPCL,Secured Securities Ltd.,Trishakti Securities Public Limited,100,398.0,39800.0,2025-08-12 11:34:15.784689
2025-08-12,67491,2025081204002591,UPCL,Sri Hari Securities Pvt. Ltd.,Trishakti Securities Public Limited,830,398.0,330340.0,2025-08-12 11:34:15.784743
2025-08-12,67376,2025081204002609,UPCL,Sri Hari Securities Pvt. Ltd.,Trishakti Securities Public Limited,170,398.0,67660.0,2025-08-12 11:34:37.894526
2025-08-12,66886,2025081204002682,UPCL,Dynamic Money Managers Securities Pvt. Ltd.,Property Wiard Limited,600,397.6,238560.0,2025-08-12 11:35:55.931796
2025-08-12,66885,2025081204002683,UPCL,Sagarmatha Securities Private Limited,Property Wiard Limited,30,397.2,11916.0,2025-08-12 11:35:55.932052
2025-08-12,66884,2025081204002684,UPCL,Sweta Securities Private Limited,Property Wiard Limited,200,397.2,79440.0,2025-08-12 11:35:55.932212
2025-08-12,66883,2025081204002685,UPCL,Thrive Brokerage House Pvt. Ltd,Property Wiard Limited,170,397.1,67507.0,2025-08-12 11:35:55.932411
2025-08-12,66880,2025081204002686,UPCL,Thrive Brokerage House Pvt. Ltd,Sani Securities Company Ltd.,830,397.1,329593.0,2025-08-12 11:35:56.601228
2025-08-12,66879,2025081204002687,UPCL,Capital Max Securities Ltd,Sani Securities Company Ltd.,225,397.1,89347.5,2025-08-12 11:35:56.601521
2025-08-12,66878,2025081204002688,UPCL,Sweta Securities Private Limited,Sani Securities Company Ltd.,100,396.2,39620.0,2025-08-12 11:35:56.601752
2025-08-12,66877,2025081204002689,UPCL,Sweta Securities Private Limited,Sani Securities Company Ltd.,100,396.1,39610.0,2025-08-12 11:35:56.601941
2025-08-12,66876,2025081204002690,UPCL,Kumari Securities Private Limited,Sani Securities Company Ltd.,300,396.0,118800.0,2025-08-12 11:35:56.602174
2025-08-12,66875,2025081204002691,UPCL,Sumeru Securities Pvt. Ltd.,Sani Securities Company Ltd.,945,396.0,374220.0,2025-08-12 11:35:56.602375
2025-08-12,65429,2025081204003005,UPCL,Dynamic Money Managers Securities Pvt. Ltd.,Sweta Securities Private Limited,300,397.0,119100.0,2025-08-12 11:40:02.117953
2025-08-12,65132,2025081204003076,UPCL,Nepal Investment And Securities Trading Private Limited,Kohinoor Investment & Securities Pvt. Ltd.,50,399.8,19990.0,2025-08-12 11:40:52.062370
2025-08-12,65075,2025081204003088,UPCL,Nepal Investment And Securities Trading Private Limited,Kohinoor Investment & Securities Pvt. Ltd.,50,399.8,19990.0,2025-08-12 11:41:08.149550
2025-08-12,64857,2025081204003157,UPCL,Dynamic Money Managers Securities Pvt. Ltd.,Deevyaa Securities & Stock House Pvt. Ltd,54,397.0,21438.0,2025-08-12 11:41:50.891537
2025-08-12,64097,2025081204003394,UPCL,SHUBHAKAMANA SECURITIES PVT. LTD,Naasa Securities Co. Ltd.,500,397.4,198700.0,2025-08-12 11:44:00.727000
2025-08-12,64043,2025081204003405,UPCL,Vision Securities Pvt. Ltd,Nepal Stock House (PVT) Ltd.,50,397.4,19870.0,2025-08-12 11:44:10.376512
2025-08-12,64033,2025081204003408,UPCL,MILKY WAY SHARE BROKER COMPANY LTD ,Nepal Stock House (PVT) Ltd.,500,397.4,198700.0,2025-08-12 11:44:13.089150
2025-08-12,64021,2025081204003411,UPCL,Naasa Securities Co. Ltd.,Nepal Stock House (PVT) Ltd.,80,397.1,31768.0,2025-08-12 11:44:14.787850
2025-08-12,64020,2025081204003412,UPCL,Dynamic Money Managers Securities Pvt. Ltd.,Nepal Stock House (PVT) Ltd.,146,397.0,57962.0,2025-08-12 11:44:14.788021
2025-08-12,64019,2025081204003413,UPCL,South Asian Bulls Pvt. Ltd.,Nepal Stock House (PVT) Ltd.,200,397.0,79400.0,2025-08-12 11:44:14.788085
2025-08-12,64005,2025081204003420,UPCL,Investment Management Nepal Pvt. Ltd.,Nepal Stock House (PVT) Ltd.,500,397.0,198500.0,2025-08-12 11:44:15.904211
2025-08-12,63956,2025081204003444,UPCL,Deevyaa Securities & Stock House Pvt. Ltd,Nepal Stock House (PVT) Ltd.,74,397.0,29378.0,2025-08-12 11:44:25.521613
2025-08-12,63955,2025081204003445,UPCL,Deevyaa Securities & Stock House Pvt. Ltd,Nepal Stock House (PVT) Ltd.,426,397.4,169292.4,2025-08-12 11:44:25.521896
2025-08-12,63949,2025081204003446,UPCL,MILKY WAY SHARE BROKER COMPANY LTD ,Nepal Stock House (PVT) Ltd.,24,397.4,9537.6,2025-08-12 11:44:27.129576
2025-08-12,63948,2025081204003447,UPCL,MILKY WAY SHARE BROKER COMPANY LTD ,Deevyaa Securities & Stock House Pvt. Ltd,54,397.4,21459.6,2025-08-12 11:44:27.129745
2025-08-12,63601,2025081204003519,UPCL,Trisul Securities & Invt. Ltd.,NIMB Stock Markets Limited,500,399.0,199500.0,2025-08-12 11:45:25.422502
2025-08-12,62866,2025081204003656,UPCL,Aryatara Investment & Securities,Sweta Securities Private Limited,54,398.5,21519.0,2025-08-12 11:47:27.559440
2025-08-12,62865,2025081204003657,UPCL,Aryatara Investment & Securities,NIMB Stock Markets Limited,946,399.0,377454.0,2025-08-12 11:47:27.559602
2025-08-12,62182,2025081204003836,UPCL,Sajilo Broker Limited,Kohinoor Investment & Securities Pvt. Ltd.,500,398.8,199400.0,2025-08-12 11:49:16.915268
2025-08-12,62140,2025081204003842,UPCL,MILKY WAY SHARE BROKER COMPANY LTD ,Kohinoor Investment & Securities Pvt. Ltd.,1500,398.8,598200.0,2025-08-12 11:49:24.149722
2025-08-12,61332,2025081204003991,UPCL,Capital Max Securities Ltd,Magnet Securities and Investment Company Private Limited,335,398.8,133598.0,2025-08-12 11:51:55.032649
2025-08-12,61322,2025081204003997,UPCL,MILKY WAY SHARE BROKER COMPANY LTD ,Magnet Securities and Investment Company Private Limited,665,398.8,265202.0,2025-08-12 11:51:56.592253
2025-08-12,61280,2025081204004011,UPCL,MILKY WAY SHARE BROKER COMPANY LTD ,Dipshikha Dhitopatra Karobar Co. Pvt Ltd.,335,398.8,133598.0,2025-08-12 11:52:03.370213
2025-08-12,61279,2025081204004012,UPCL,Trisul Securities & Invt. Ltd.,Dipshikha Dhitopatra Karobar Co. Pvt Ltd.,100,398.2,39820.0,2025-08-12 11:52:03.370400
2025-08-12,61278,2025081204004013,UPCL,Dakshinkali Investment & Securities Pvt. Ltd.,Dipshikha Dhitopatra Karobar Co. Pvt Ltd.,362,398.1,144112.2,2025-08-12 11:52:03.370494
2025-08-12,61110,2025081204004047,UPCL,Ashutosh Brokerage & Securities (PVT) Ltd.,Sani Securities Company Ltd.,10,398.2,3982.0,2025-08-12 11:52:35.234354
2025-08-12,60935,2025081204004119,UPCL,Dynamic Money Managers Securities Pvt. Ltd.,NIMB Stock Markets Limited,54,399.0,21546.0,2025-08-12 11:53:11.463468
2025-08-12,60934,2025081204004120,UPCL,Dynamic Money Managers Securities Pvt. Ltd.,NIMB Stock Markets Limited,266,399.7,106320.2,2025-08-12 11:53:11.463561
2025-08-12,60641,2025081204004199,UPCL,Trishakti Securities Public Limited,NIMB Stock Markets Limited,156,399.7,62353.2,2025-08-12 11:54:17.365021
2025-08-12,60629,2025081204004201,UPCL,MILKY WAY SHARE BROKER COMPANY LTD ,NIMB Stock Markets Limited,1078,399.7,430876.6,2025-08-12 11:54:19.969978
2025-08-12,60628,2025081204004202,UPCL,MILKY WAY SHARE BROKER COMPANY LTD ,NIMB Stock Markets Limited,1000,399.7,399700.0,2025-08-12 11:54:19.970297
2025-08-12,60627,2025081204004203,UPCL,MILKY WAY SHARE BROKER COMPANY LTD ,Kohinoor Investment & Securities Pvt. Ltd.,404,399.8,161519.2,2025-08-12 11:54:19.970521
2025-08-12,60626,2025081204004204,UPCL,MILKY WAY SHARE BROKER COMPANY LTD ,Neev Securities Pvt. Ltd.,300,399.9,119970.0,2025-08-12 11:54:19.970714
2025-08-12,60625,2025081204004205,UPCL,MILKY WAY SHARE BROKER COMPANY LTD ,Siprabi Securities Pvt. Ltd.,300,399.9,119970.0,2025-08-12 11:54:19.970905
2025-08-12,60624,2025081204004206,UPCL,MILKY WAY SHARE BROKER COMPANY LTD ,Sani Securities Company Ltd.,54,400.0,21600.0,2025-08-12 11:54:19.971093
2025-08-12,60623,2025081204004207,UPCL,MILKY WAY SHARE BROKER COMPANY LTD ,Naasa Securities Co. Ltd.,150,400.0,60000.0,2025-08-12 11:54:19.971282
2025-08-12,60622,2025081204004208,UPCL,MILKY WAY SHARE BROKER COMPANY LTD ,Trishakti Securities Public Limited,50,400.0,20000.0,2025-08-12 11:54:19.971504
2025-08-12,60621,2025081204004209,UPCL,MILKY WAY SHARE BROKER COMPANY LTD ,Sri Hari Securities Pvt. Ltd.,250,400.0,100000.0,2025-08-12 11:54:19.971695
2025-08-12,60620,2025081204004210,UPCL,MILKY WAY SHARE BROKER COMPANY LTD ,Kohinoor Investment & Securities Pvt. Ltd.,414,400.0,165600.0,2025-08-12 11:54:19.971904
2025-08-12,60582,2025081204004217,UPCL,SHUBHAKAMANA SECURITIES PVT. LTD,Kohinoor Investment & Securities Pvt. Ltd.,86,400.0,34400.0,2025-08-12 11:54:30.562299
2025-08-12,60581,2025081204004218,UPCL,SHUBHAKAMANA SECURITIES PVT. LTD,Naasa Securities Co. Ltd.,162,400.0,64800.0,2025-08-12 11:54:30.562490
2025-08-12,60580,2025081204004219,UPCL,SHUBHAKAMANA SECURITIES PVT. LTD,Naasa Securities Co. Ltd.,100,400.0,40000.0,2025-08-12 11:54:30.562556
2025-08-12,60461,2025081204004236,UPCL,Himalayan Brokerage Company Limited,Siprabi Securities Pvt. Ltd.,200,400.1,80020.0,2025-08-12 11:54:55.978758
2025-08-12,60445,2025081204004242,UPCL,Sanima Securities Limited,Shree Krishna Securities Ltd.,100,401.0,40100.0,2025-08-12 11:55:03.600818
2025-08-12,60444,2025081204004243,UPCL,Sanima Securities Limited,Aryatara Investment & Securities,200,401.0,80200.0,2025-08-12 11:55:03.601140
2025-08-12,60413,2025081204004253,UPCL,Elite Stock House Limited,Imperial Securities Company Pvt. Ltd.,200,402.0,80400.0,2025-08-12 11:55:10.163567
2025-08-12,60412,2025081204004254,UPCL,Elite Stock House Limited,Cristal Kanchanjanga Securites Pvt. Ltd.,200,402.0,80400.0,2025-08-12 11:55:10.163919
2025-08-12,60318,2025081204004274,UPCL,Sanima Securities Limited,Sajilo Broker Limited,150,401.0,60150.0,2025-08-12 11:55:27.973536
2025-08-12,59812,2025081204004419,UPCL,Himalayan Brokerage Company Limited,Sajilo Broker Limited,200,400.1,80020.0,2025-08-12 11:57:11.237925
2025-08-12,59583,2025081204004465,UPCL,MILKY WAY SHARE BROKER COMPANY LTD ,Opal Securities Investment (PVT) Ltd.,10,402.0,4020.0,2025-08-12 11:57:58.538240
2025-08-12,59271,2025081204004499,UPCL,Dynamic Money Managers Securities Pvt. Ltd.,Opal Securities Investment (PVT) Ltd.,1000,402.0,402000.0,2025-08-12 11:58:52.064536
2025-08-12,59019,2025081204004555,UPCL,Shree Krishna Securities Ltd.,Opal Securities Investment (PVT) Ltd.,35,402.0,14070.0,2025-08-12 11:59:46.614580
2025-08-12,58931,2025081204004571,UPCL,SHUBHAKAMANA SECURITIES PVT. LTD,Naasa Securities Co. Ltd.,10,400.2,4002.0,2025-08-12 12:00:04.198148
2025-08-12,58433,2025081204004673,UPCL,Neev Securities Pvt. Ltd.,Asian Securities Private Ltd.,200,400.5,80100.0,2025-08-12 12:02:09.579541
2025-08-12,58432,2025081204004674,UPCL,Ashutosh Brokerage & Securities (PVT) Ltd.,Asian Securities Private Ltd.,140,400.4,56056.0,2025-08-12 12:02:09.579638
2025-08-12,58431,2025081204004675,UPCL,Elite Stock House Limited,Asian Securities Private Ltd.,100,400.3,40030.0,2025-08-12 12:02:09.579723
2025-08-12,58430,2025081204004676,UPCL,SHUBHAKAMANA SECURITIES PVT. LTD,Asian Securities Private Ltd.,3142,400.2,1257428.4,2025-08-12 12:02:09.579795
2025-08-12,58429,2025081204004677,UPCL,Himalayan Brokerage Company Limited,Asian Securities Private Ltd.,100,400.1,40010.0,2025-08-12 12:02:09.579868
2025-08-12,58428,2025081204004678,UPCL,MILKY WAY SHARE BROKER COMPANY LTD ,Asian Securities Private Ltd.,500,400.0,200000.0,2025-08-12 12:02:09.579939
2025-08-12,58427,2025081204004679,UPCL,Sani Securities Company Ltd.,Asian Securities Private Ltd.,100,400.0,40000.0,2025-08-12 12:02:09.580008
2025-08-12,58426,2025081204004680,UPCL,Market Securities & Exchange (PVT) Ltd.,Asian Securities Private Ltd.,1200,400.0,480000.0,2025-08-12 12:02:09.580077
2025-08-12,58425,2025081204004681,UPCL,Market Securities & Exchange (PVT) Ltd.,Asian Securities Private Ltd.,1200,400.0,480000.0,2025-08-12 12:02:09.580141
2025-08-12,58424,2025081204004682,UPCL,Aryatara Investment & Securities,Asian Securities Private Ltd.,18,399.0,7182.0,2025-08-12 12:02:09.580215
2025-08-12,58367,2025081204004699,UPCL,Market Securities & Exchange (PVT) Ltd.,Siprabi Securities Pvt. Ltd.,100,400.0,40000.0,2025-08-12 12:02:20.895808
2025-08-12,58243,2025081204004730,UPCL,Market Securities & Exchange (PVT) Ltd.,Sajilo Broker Limited,200,400.0,80000.0,2025-08-12 12:02:48.172190
2025-08-12,56622,2025081204005130,UPCL,Sani Securities Company Ltd.,Arun Securities (PVT) Ltd.,10,400.0,4000.0,2025-08-12 12:07:45.868029
2025-08-12,56526,2025081204005161,UPCL,Aryatara Investment & Securities,Dipshikha Dhitopatra Karobar Co. Pvt Ltd.,482,399.0,192318.0,2025-08-12 12:08:00.749594
2025-08-12,56525,2025081204005162,UPCL,Trishakti Securities Public Limited,Dipshikha Dhitopatra Karobar Co. Pvt Ltd.,75,399.0,29925.0,2025-08-12 12:08:00.749799
2025-08-12,56454,2025081204005187,UPCL,Thrive Brokerage House Pvt. Ltd,Opal Securities Investment (PVT) Ltd.,100,398.7,39870.0,2025-08-12 12:08:11.969272
2025-08-12,56453,2025081204005188,UPCL,Ashutosh Brokerage & Securities (PVT) Ltd.,Opal Securities Investment (PVT) Ltd.,50,398.6,19930.0,2025-08-12 12:08:11.969328
2025-08-12,56452,2025081204005189,UPCL,Nepal Investment And Securities Trading Private Limited,Opal Securities Investment (PVT) Ltd.,50,398.5,19925.0,2025-08-12 12:08:11.969360
2025-08-12,56451,2025081204005190,UPCL,Elite Stock House Limited,Opal Securities Investment (PVT) Ltd.,400,398.5,159400.0,2025-08-12 12:08:11.969390
2025-08-12,56450,2025081204005191,UPCL,Cristal Kanchanjanga Securites Pvt. Ltd.,Opal Securities Investment (PVT) Ltd.,400,398.5,159400.0,2025-08-12 12:08:11.969415
2025-08-12,56132,2025081204005267,UPCL,Cristal Kanchanjanga Securites Pvt. Ltd.,Opal Securities Investment (PVT) Ltd.,100,398.5,39850.0,2025-08-12 12:09:11.315703
2025-08-12,56131,2025081204005268,UPCL,Nepal Investment And Securities Trading Private Limited,Opal Securities Investment (PVT) Ltd.,50,398.4,19920.0,2025-08-12 12:09:11.315784
2025-08-12,56130,2025081204005269,UPCL,Himalayan Brokerage Company Limited,Opal Securities Investment (PVT) Ltd.,500,398.0,199000.0,2025-08-12 12:09:11.315824
2025-08-12,56129,2025081204005270,UPCL,Opal Securities Investment (PVT) Ltd.,Opal Securities Investment (PVT) Ltd.,25,398.0,9950.0,2025-08-12 12:09:11.315853
2025-08-12,56128,2025081204005271,UPCL,Dynamic Money Managers Securities Pvt. Ltd.,Opal Securities Investment (PVT) Ltd.,600,397.3,238380.0,2025-08-12 12:09:11.315878
2025-08-12,56127,2025081204005272,UPCL,Kumari Securities Private Limited,Opal Securities Investment (PVT) Ltd.,225,397.2,89370.0,2025-08-12 12:09:11.315906
2025-08-12,56072,2025081204005280,UPCL,Kumari Securities Private Limited,Sri Hari Securities Pvt. Ltd.,150,397.2,59580.0,2025-08-12 12:09:26.115973
2025-08-12,55299,2025081204005470,UPCL,Kumari Securities Private Limited,Opal Securities Investment (PVT) Ltd.,2125,397.2,844050.0,2025-08-12 12:11:36.996258
2025-08-12,55298,2025081204005471,UPCL,Nepal Stock House (PVT) Ltd.,Opal Securities Investment (PVT) Ltd.,100,397.0,39700.0,2025-08-12 12:11:36.996341
2025-08-12,55297,2025081204005472,UPCL,Thrive Brokerage House Pvt. Ltd,Opal Securities Investment (PVT) Ltd.,275,396.9,109147.5,2025-08-12 12:11:36.996392
2025-08-12,54991,2025081204005587,UPCL,MILKY WAY SHARE BROKER COMPANY LTD ,Pragyan Securities (PVT) Ltd.,300,397.0,119100.0,2025-08-12 12:12:38.909066
2025-08-12,54120,2025081204005768,UPCL,Agrawal Securities (PVT) Ltd.,Malla & Malla Stock Broking Company Pvt. Limited,100,398.0,39800.0,2025-08-12 12:15:40.716477
2025-08-12,53736,2025081204005848,UPCL,Himalayan Brokerage Company Limited,Malla & Malla Stock Broking Company Pvt. Limited,300,398.0,119400.0,2025-08-12 12:17:14.594804
2025-08-12,53218,2025081204005958,UPCL,INDEX SECURITIES LIMITED,Dipshikha Dhitopatra Karobar Co. Pvt Ltd.,20,397.0,7940.0,2025-08-12 12:19:12.065007
2025-08-12,53217,2025081204005959,UPCL,Opal Securities Investment (PVT) Ltd.,Dipshikha Dhitopatra Karobar Co. Pvt Ltd.,300,397.0,119100.0,2025-08-12 12:19:12.065173
2025-08-12,53130,2025081204005979,UPCL,MILKY WAY SHARE BROKER COMPANY LTD ,Dipshikha Dhitopatra Karobar Co. Pvt Ltd.,380,397.0,150860.0,2025-08-12 12:19:32.834917
2025-08-12,53097,2025081204005986,UPCL,MILKY WAY SHARE BROKER COMPANY LTD ,Vision Securities Pvt. Ltd,10,398.9,3989.0,2025-08-12 12:19:42.861550
2025-08-12,52631,2025081204006111,UPCL,Sundhara Securities Limited,Siprabi Securities Pvt. Ltd.,200,398.0,79600.0,2025-08-12 12:21:29.308103
2025-08-12,51859,2025081204006324,UPCL,MILKY WAY SHARE BROKER COMPANY LTD ,Naasa Securities Co. Ltd.,20,397.0,7940.0,2025-08-12 12:24:14.579204
2025-08-12,51858,2025081204006325,UPCL,Thrive Brokerage House Pvt. Ltd,Naasa Securities Co. Ltd.,40,396.9,15876.0,2025-08-12 12:24:14.579270
2025-08-12,51224,2025081204006508,UPCL,Aryatara Investment & Securities,Siprabi Securities Pvt. Ltd.,200,397.0,79400.0,2025-08-12 12:26:25.581145
2025-08-12,51205,2025081204006510,UPCL,Aryatara Investment & Securities,Trishakti Securities Public Limited,50,397.0,19850.0,2025-08-12 12:26:29.757852
2025-08-12,50842,2025081204006578,UPCL,Sundhara Securities Limited,Siprabi Securities Pvt. Ltd.,51,397.0,20247.0,2025-08-12 12:27:49.208018
2025-08-12,50758,2025081204006590,UPCL,Trishakti Securities Public Limited,Siprabi Securities Pvt. Ltd.,149,397.0,59153.0,2025-08-12 12:28:06.227606
2025-08-12,50757,2025081204006591,UPCL,Trishakti Securities Public Limited,Imperial Securities Company Pvt. Ltd.,30,398.0,11940.0,2025-08-12 12:28:06.227969
2025-08-12,50756,2025081204006592,UPCL,Trishakti Securities Public Limited,Sewa Securities Pvt. Ltd.,321,398.0,127758.0,2025-08-12 12:28:06.228191
2025-08-12,49691,2025081204006876,UPCL,Market Securities & Exchange (PVT) Ltd.,Dynamic Money Managers Securities Pvt. Ltd.,300,396.5,118950.0,2025-08-12 12:32:07.301062
2025-08-12,49672,2025081204006883,UPCL,Asian Securities Private Ltd.,Neev Securities Pvt. Ltd.,50,397.0,19850.0,2025-08-12 12:32:12.004621
2025-08-12,49043,2025081204007014,UPCL,MILKY WAY SHARE BROKER COMPANY LTD ,Neev Securities Pvt. Ltd.,150,397.0,59550.0,2025-08-12 12:34:31.636827
2025-08-12,49018,2025081204007017,UPCL,MILKY WAY SHARE BROKER COMPANY LTD ,Sewa Securities Pvt. Ltd.,10,398.0,3980.0,2025-08-12 12:34:37.654274
2025-08-12,47313,2025081204007493,UPCL,Neev Securities Pvt. Ltd.,Property Wiard Limited,10,396.6,3966.0,2025-08-12 12:41:00.045607
2025-08-12,47177,2025081204007520,UPCL,MILKY WAY SHARE BROKER COMPANY LTD ,Sewa Securities Pvt. Ltd.,10,398.0,3980.0,2025-08-12 12:41:23.685793
2025-08-12,47089,2025081204007538,UPCL,Linch Stock Market Ltd.,Investment Management Nepal Pvt. Ltd.,100,397.0,39700.0,2025-08-12 12:41:37.646552
2025-08-12,47088,2025081204007539,UPCL,Neev Securities Pvt. Ltd.,Investment Management Nepal Pvt. Ltd.,140,396.6,55524.0,2025-08-12 12:41:37.647008
2025-08-12,47087,2025081204007540,UPCL,Market Securities & Exchange (PVT) Ltd.,Investment Management Nepal Pvt. Ltd.,200,396.5,79300.0,2025-08-12 12:41:37.647291
2025-08-12,47086,2025081204007541,UPCL,Asian Securities Private Ltd.,Investment Management Nepal Pvt. Ltd.,100,396.5,39650.0,2025-08-12 12:41:37.647564
2025-08-12,47085,2025081204007542,UPCL,Sundhara Securities Limited,Investment Management Nepal Pvt. Ltd.,100,396.4,39640.0,2025-08-12 12:41:37.647829
2025-08-12,47084,2025081204007543,UPCL,Sundhara Securities Limited,Investment Management Nepal Pvt. Ltd.,100,396.4,39640.0,2025-08-12 12:41:37.648101
2025-08-12,47083,2025081204007544,UPCL,Sundhara Securities Limited,Investment Management Nepal Pvt. Ltd.,100,396.3,39630.0,2025-08-12 12:41:37.648420
2025-08-12,47082,2025081204007545,UPCL,Dakshinkali Investment & Securities Pvt. Ltd.,Investment Management Nepal Pvt. Ltd.,160,396.3,63408.0,2025-08-12 12:41:37.648726
2025-08-12,46297,2025081204007751,UPCL,Imperial Securities Company Pvt. Ltd.,Arun Securities (PVT) Ltd.,53,396.4,21009.2,2025-08-12 12:43:56.065121
2025-08-12,46296,2025081204007752,UPCL,Dakshinkali Investment & Securities Pvt. Ltd.,Arun Securities (PVT) Ltd.,40,396.3,15852.0,2025-08-12 12:43:56.065540
2025-08-12,46295,2025081204007753,UPCL,Aryatara Investment & Securities,Arun Securities (PVT) Ltd.,200,396.3,79260.0,2025-08-12 12:43:56.065792
2025-08-12,46294,2025081204007754,UPCL,Sani Securities Company Ltd.,Arun Securities (PVT) Ltd.,397,396.3,157331.1,2025-08-12 12:43:56.066028
2025-08-12,46254,2025081204007766,UPCL,Sani Securities Company Ltd.,Sani Securities Company Ltd.,50,396.3,19815.0,2025-08-12 12:44:02.869613
2025-08-12,45871,2025081204007860,UPCL,Sani Securities Company Ltd.,Sharepro Securities Private Limited,400,396.3,158520.0,2025-08-12 12:45:07.387364
2025-08-12,45825,2025081204007878,UPCL,Sani Securities Company Ltd.,Himalayan Brokerage Company Limited,153,396.3,60633.9,2025-08-12 12:45:17.037823
2025-08-12,45824,2025081204007879,UPCL,Sri Hari Securities Pvt. Ltd.,Himalayan Brokerage Company Limited,1000,396.2,396200.0,2025-08-12 12:45:17.038053
2025-08-12,45823,2025081204007880,UPCL,Asian Securities Private Ltd.,Himalayan Brokerage Company Limited,100,396.1,39610.0,2025-08-12 12:45:17.038193
2025-08-12,45822,2025081204007881,UPCL,Sumeru Securities Pvt. Ltd.,Himalayan Brokerage Company Limited,55,396.0,21780.0,2025-08-12 12:45:17.038334
2025-08-12,45821,2025081204007882,UPCL,Primo Securities (PVT) Ltd.,Himalayan Brokerage Company Limited,200,396.0,79200.0,2025-08-12 12:45:17.038436
2025-08-12,45820,2025081204007883,UPCL,Opal Securities Investment (PVT) Ltd.,Himalayan Brokerage Company Limited,200,396.0,79200.0,2025-08-12 12:45:17.038543
2025-08-12,45819,2025081204007884,UPCL,ABC Securities Private Limited,Himalayan Brokerage Company Limited,100,396.0,39600.0,2025-08-12 12:45:17.038662
2025-08-12,45818,2025081204007885,UPCL,Miyo Securities Pvt Ltd,Himalayan Brokerage Company Limited,20,396.0,7920.0,2025-08-12 12:45:17.038769
2025-08-12,45817,2025081204007886,UPCL,Dipshikha Dhitopatra Karobar Co. Pvt Ltd.,Himalayan Brokerage Company Limited,30,396.0,11880.0,2025-08-12 12:45:17.038877
2025-08-12,45816,2025081204007887,UPCL,Opal Securities Investment (PVT) Ltd.,Himalayan Brokerage Company Limited,2142,396.0,848232.0,2025-08-12 12:45:17.038988
2025-08-12,44736,2025081204008122,UPCL,Asian Securities Private Ltd.,Primo Securities (PVT) Ltd.,100,396.1,39610.0,2025-08-12 12:49:14.301857
2025-08-12,44735,2025081204008123,UPCL,Dynamic Money Managers Securities Pvt. Ltd.,Primo Securities (PVT) Ltd.,100,396.1,39610.0,2025-08-12 12:49:14.302115
2025-08-12,44489,2025081204008199,UPCL,Dynamic Money Managers Securities Pvt. Ltd.,Naasa Securities Co. Ltd.,20,396.1,7922.0,2025-08-12 12:50:10.025604
2025-08-12,44458,2025081204008203,UPCL,Sweta Securities Private Limited,Naasa Securities Co. Ltd.,10,397.0,3970.0,2025-08-12 12:50:18.331910
2025-08-12,44000,2025081204008320,UPCL,Sweta Securities Private Limited,Aryatara Investment & Securities,530,397.0,210410.0,2025-08-12 12:52:02.120024
2025-08-12,43999,2025081204008321,UPCL,Sweta Securities Private Limited,Aryatara Investment & Securities,12,396.2,4754.4,2025-08-12 12:52:02.120497
2025-08-12,43802,2025081204008392,UPCL,MILKY WAY SHARE BROKER COMPANY LTD ,Pragyan Securities (PVT) Ltd.,44,396.3,17437.2,2025-08-12 12:52:37.904526
2025-08-12,43793,2025081204008394,UPCL,MILKY WAY SHARE BROKER COMPANY LTD ,Pragyan Securities (PVT) Ltd.,10,396.3,3963.0,2025-08-12 12:52:43.620015
2025-08-12,43371,2025081204008509,UPCL,Sweta Securities Private Limited,INDEX SECURITIES LIMITED,50,396.4,19820.0,2025-08-12 12:54:28.514070
2025-08-12,43370,2025081204008510,UPCL,Dynamic Money Managers Securities Pvt. Ltd.,INDEX SECURITIES LIMITED,50,396.4,19820.0,2025-08-12 12:54:28.514169
2025-08-12,43143,2025081204008554,UPCL,Dynamic Money Managers Securities Pvt. Ltd.,Premier Securities Company Ltd.,50,396.4,19820.0,2025-08-12 12:55:26.420238
2025-08-12,42749,2025081204008650,UPCL,Cristal Kanchanjanga Securites Pvt. Ltd.,Dakshinkali Investment & Securities Pvt. Ltd.,45,396.5,17842.5,2025-08-12 12:57:09.441648
2025-08-12,42633,2025081204008678,UPCL,Cristal Kanchanjanga Securites Pvt. Ltd.,Bhrikuti Stock Broking Co. Pvt. Ltd.,55,396.5,21807.5,2025-08-12 12:57:47.658860
2025-08-12,42508,2025081204008706,UPCL,Thrive Brokerage House Pvt. Ltd,Bhrikuti Stock Broking Co. Pvt. Ltd.,195,396.5,77317.5,2025-08-12 12:58:17.180944
2025-08-12,42429,2025081204008727,UPCL,Thrive Brokerage House Pvt. Ltd,Himalayan Brokerage Company Limited,80,396.5,31720.0,2025-08-12 12:58:43.305433
2025-08-12,42353,2025081204008745,UPCL,Thrive Brokerage House Pvt. Ltd,Asian Securities Private Ltd.,25,396.5,9912.5,2025-08-12 12:59:06.317511
2025-08-12,42352,2025081204008746,UPCL,Dynamic Money Managers Securities Pvt. Ltd.,Asian Securities Private Ltd.,83,396.4,32901.2,2025-08-12 12:59:06.317614
2025-08-12,42245,2025081204008777,UPCL,Sajilo Broker Limited,South Asian Bulls Pvt. Ltd.,200,397.0,79400.0,2025-08-12 12:59:43.218079
2025-08-12,41574,2025081204008912,UPCL,MILKY WAY SHARE BROKER COMPANY LTD ,South Asian Bulls Pvt. Ltd.,500,397.0,198500.0,2025-08-12 13:02:04.882415
2025-08-12,41513,2025081204008929,UPCL,MILKY WAY SHARE BROKER COMPANY LTD ,South Asian Bulls Pvt. Ltd.,1145,397.0,454565.0,2025-08-12 13:02:22.927970
2025-08-12,41478,2025081204008942,UPCL,MILKY WAY SHARE BROKER COMPANY LTD ,Agrawal Securities (PVT) Ltd.,10,398.0,3980.0,2025-08-12 13:02:32.962215
2025-08-12,40092,2025081204009314,UPCL,Sweta Securities Private Limited,Sharepro Securities Private Limited,300,396.5,118950.0,2025-08-12 13:08:15.520303
2025-08-12,40055,2025081204009324,UPCL,Linch Stock Market Ltd.,Sharepro Securities Private Limited,100,397.9,39790.0,2025-08-12 13:08:23.998517
2025-08-12,38774,2025081204009725,UPCL,Asian Securities Private Ltd.,Online Securities Pvt. Ltd.,15,396.5,5947.5,2025-08-12 13:14:15.047034
2025-08-12,38685,2025081204009743,UPCL,Asian Securities Private Ltd.,Imperial Securities Company Pvt. Ltd.,85,396.5,33702.5,2025-08-12 13:14:27.996838
2025-08-12,38684,2025081204009744,UPCL,Siprabi Securities Pvt. Ltd.,Imperial Securities Company Pvt. Ltd.,50,396.5,19825.0,2025-08-12 13:14:27.997349
2025-08-12,38683,2025081204009745,UPCL,Dynamic Money Managers Securities Pvt. Ltd.,Imperial Securities Company Pvt. Ltd.,97,396.4,38450.8,2025-08-12 13:14:27.997649
2025-08-12,38682,2025081204009746,UPCL,Sani Securities Company Ltd.,Imperial Securities Company Pvt. Ltd.,250,396.4,99100.0,2025-08-12 13:14:27.997938
2025-08-12,38681,2025081204009747,UPCL,Sagarmatha Securities Private Limited,Imperial Securities Company Pvt. Ltd.,200,396.4,79280.0,2025-08-12 13:14:27.998221
2025-08-12,38680,2025081204009748,UPCL,Sewa Securities Pvt. Ltd.,Imperial Securities Company Pvt. Ltd.,20,396.4,7928.0,2025-08-12 13:14:27.998524
2025-08-12,38679,2025081204009749,UPCL,Cristal Kanchanjanga Securites Pvt. Ltd.,Imperial Securities Company Pvt. Ltd.,130,396.3,51519.0,2025-08-12 13:14:27.998807
2025-08-12,38678,2025081204009750,UPCL,Sagarmatha Securities Private Limited,Imperial Securities Company Pvt. Ltd.,200,396.3,79260.0,2025-08-12 13:14:27.999115
2025-08-12,38677,2025081204009751,UPCL,MILKY WAY SHARE BROKER COMPANY LTD ,Imperial Securities Company Pvt. Ltd.,1000,396.3,396300.0,2025-08-12 13:14:27.999413
2025-08-12,38676,2025081204009752,UPCL,Dynamic Money Managers Securities Pvt. Ltd.,Imperial Securities Company Pvt. Ltd.,3000,396.2,1188600.0,2025-08-12 13:14:27.999715
2025-08-12,38675,2025081204009753,UPCL,Dynamic Money Managers Securities Pvt. Ltd.,Imperial Securities Company Pvt. Ltd.,10,396.2,3962.0,2025-08-12 13:14:28.000030
2025-08-12,38674,2025081204009754,UPCL,Dynamic Money Managers Securities Pvt. Ltd.,Imperial Securities Company Pvt. Ltd.,10,396.2,3962.0,2025-08-12 13:14:28.000363
2025-08-12,38673,2025081204009755,UPCL,Aryatara Investment & Securities,Imperial Securities Company Pvt. Ltd.,80,396.1,31688.0,2025-08-12 13:14:28.000657
2025-08-12,38672,2025081204009756,UPCL,MILKY WAY SHARE BROKER COMPANY LTD ,Imperial Securities Company Pvt. Ltd.,1000,396.1,396100.0,2025-08-12 13:14:28.000991
2025-08-12,38671,2025081204009757,UPCL,Opal Securities Investment (PVT) Ltd.,Imperial Securities Company Pvt. Ltd.,2858,396.0,1131768.0,2025-08-12 13:14:28.001306
2025-08-12,38670,2025081204009758,UPCL,Nepal Stock House (PVT) Ltd.,Imperial Securities Company Pvt. Ltd.,100,396.0,39600.0,2025-08-12 13:14:28.001602
2025-08-12,38669,2025081204009759,UPCL,Secured Securities Ltd.,Imperial Securities Company Pvt. Ltd.,250,396.0,99000.0,2025-08-12 13:14:28.001945
2025-08-12,38668,2025081204009760,UPCL,Trisul Securities & Invt. Ltd.,Imperial Securities Company Pvt. Ltd.,100,396.0,39600.0,2025-08-12 13:14:28.002201
2025-08-12,38667,2025081204009761,UPCL,Trisul Securities & Invt. Ltd.,Imperial Securities Company Pvt. Ltd.,200,395.1,79020.0,2025-08-12 13:14:28.002297
2025-08-12,38666,2025081204009762,UPCL,Trisul Securities & Invt. Ltd.,Imperial Securities Company Pvt. Ltd.,1000,395.1,395100.0,2025-08-12 13:14:28.002403
2025-08-12,38665,2025081204009763,UPCL,Dipshikha Dhitopatra Karobar Co. Pvt Ltd.,Imperial Securities Company Pvt. Ltd.,50,395.1,19755.0,2025-08-12 13:14:28.002502
2025-08-12,38664,2025081204009764,UPCL,Dakshinkali Investment & Securities Pvt. Ltd.,Imperial Securities Company Pvt. Ltd.,500,395.0,197500.0,2025-08-12 13:14:28.002609
2025-08-12,38663,2025081204009765,UPCL,Trisul Securities & Invt. Ltd.,Imperial Securities Company Pvt. Ltd.,500,395.0,197500.0,2025-08-12 13:14:28.002707
2025-08-12,38662,2025081204009766,UPCL,Premier Securities Company Ltd.,Imperial Securities Company Pvt. Ltd.,100,395.0,39500.0,2025-08-12 13:14:28.002803
2025-08-12,38661,2025081204009767,UPCL,Aryatara Investment & Securities,Imperial Securities Company Pvt. Ltd.,25,395.0,9875.0,2025-08-12 13:14:28.002902
2025-08-12,38660,2025081204009768,UPCL,Malla & Malla Stock Broking Company Pvt. Limited,Imperial Securities Company Pvt. Ltd.,100,395.0,39500.0,2025-08-12 13:14:28.002992
2025-08-12,38659,2025081204009769,UPCL,Asian Securities Private Ltd.,Imperial Securities Company Pvt. Ltd.,100,395.0,39500.0,2025-08-12 13:14:28.003089
2025-08-12,38658,2025081204009770,UPCL,Primo Securities (PVT) Ltd.,Imperial Securities Company Pvt. Ltd.,1000,395.0,395000.0,2025-08-12 13:14:28.003173
2025-08-12,38657,2025081204009771,UPCL,Midas Stock Broking Company Private Limited,Imperial Securities Company Pvt. Ltd.,253,395.0,99935.0,2025-08-12 13:14:28.003280
2025-08-12,38656,2025081204009772,UPCL,Agrawal Securities (PVT) Ltd.,Imperial Securities Company Pvt. Ltd.,100,395.0,39500.0,2025-08-12 13:14:28.003383
2025-08-12,38655,2025081204009773,UPCL,Market Securities & Exchange (PVT) Ltd.,Imperial Securities Company Pvt. Ltd.,1000,395.0,395000.0,2025-08-12 13:14:28.003474
2025-08-12,38654,2025081204009774,UPCL,Sani Securities Company Ltd.,Imperial Securities Company Pvt. Ltd.,200,395.0,79000.0,2025-08-12 13:14:28.003569
2025-08-12,38653,2025081204009775,UPCL,Opal Securities Investment (PVT) Ltd.,Imperial Securities Company Pvt. Ltd.,770,395.0,304150.0,2025-08-12 13:14:28.003668
2025-08-12,38652,2025081204009776,UPCL,Primo Securities (PVT) Ltd.,Imperial Securities Company Pvt. Ltd.,50,395.0,19750.0,2025-08-12 13:14:28.003766
2025-08-12,38651,2025081204009777,UPCL,Online Securities Pvt. Ltd.,Imperial Securities Company Pvt. Ltd.,100,395.0,39500.0,2025-08-12 13:14:28.003858
2025-08-12,38650,2025081204009778,UPCL,Creative Securities Pvt Ltd,Imperial Securities Company Pvt. Ltd.,512,395.0,202240.0,2025-08-12 13:14:28.003965
2025-08-12,36866,2025081204010132,UPCL,Sweta Securities Private Limited,Naasa Securities Co. Ltd.,50,396.5,19825.0,2025-08-12 13:22:50.682876
2025-08-12,36753,2025081204010153,UPCL,Sweta Securities Private Limited,Naasa Securities Co. Ltd.,50,396.5,19825.0,2025-08-12 13:23:23.825050
2025-08-12,36615,2025081204010192,UPCL,Primo Securities (PVT) Ltd.,Naasa Securities Co. Ltd.,900,396.5,356850.0,2025-08-12 13:23:59.420989
2025-08-12,36614,2025081204010193,UPCL,Primo Securities (PVT) Ltd.,Sani Securities Company Ltd.,1000,397.0,397000.0,2025-08-12 13:23:59.421557
2025-08-12,35255,2025081204010503,UPCL,Neev Securities Pvt. Ltd.,Online Securities Pvt. Ltd.,54,397.8,21481.2,2025-08-12 13:29:58.762416
2025-08-12,35254,2025081204010504,UPCL,Neev Securities Pvt. Ltd.,Sharepro Securities Private Limited,900,397.9,358110.0,2025-08-12 13:29:58.762515
2025-08-12,35253,2025081204010505,UPCL,Neev Securities Pvt. Ltd.,Sharepro Securities Private Limited,46,397.9,18303.4,2025-08-12 13:29:58.762588
2025-08-12,33251,2025081204010897,UPCL,Online Securities Pvt. Ltd.,Sani Securities Company Ltd.,50,397.1,19855.0,2025-08-12 13:39:23.080663
2025-08-12,33250,2025081204010898,UPCL,Imperial Securities Company Pvt. Ltd.,Sani Securities Company Ltd.,1824,397.1,724310.4,2025-08-12 13:39:23.081254
2025-08-12,33246,2025081204010901,UPCL,Imperial Securities Company Pvt. Ltd.,Kumari Securities Private Limited,54,397.1,21443.4,2025-08-12 13:39:23.848775
2025-08-12,33160,2025081204010912,UPCL,Sajilo Broker Limited,Dynamic Money Managers Securities Pvt. Ltd.,150,397.5,59625.0,2025-08-12 13:39:42.339451
2025-08-12,32701,2025081204011011,UPCL,N.M.B. SECURITIES LIMITED,Aryatara Investment & Securities,698,397.1,277175.8,2025-08-12 13:41:49.822479
2025-08-12,32336,2025081204011077,UPCL,Online Securities Pvt. Ltd.,Vision Securities Pvt. Ltd,10,397.1,3971.0,2025-08-12 13:43:38.601345
2025-08-12,31948,2025081204011182,UPCL,Online Securities Pvt. Ltd.,Vision Securities Pvt. Ltd,44,397.0,17468.0,2025-08-12 13:45:22.233895
2025-08-12,31947,2025081204011183,UPCL,Online Securities Pvt. Ltd.,Vision Securities Pvt. Ltd,54,397.0,21438.0,2025-08-12 13:45:22.234153
2025-08-12,31566,2025081204011305,UPCL,Online Securities Pvt. Ltd.,Vision Securities Pvt. Ltd,100,397.0,39700.0,2025-08-12 13:46:27.296880
2025-08-12,31357,2025081204011375,UPCL,R.B.B. Securities Company Ltd,Sani Securities Company Ltd.,100,397.6,39760.0,2025-08-12 13:47:03.605787
2025-08-12,31356,2025081204011376,UPCL,R.B.B. Securities Company Ltd,Sharepro Securities Private Limited,900,397.9,358110.0,2025-08-12 13:47:03.606078
2025-08-12,31116,2025081204011417,UPCL,Cristal Kanchanjanga Securites Pvt. Ltd.,Sharepro Securities Private Limited,54,397.9,21486.6,2025-08-12 13:47:45.128696
2025-08-12,31115,2025081204011418,UPCL,Cristal Kanchanjanga Securites Pvt. Ltd.,Sharepro Securities Private Limited,146,397.9,58093.4,2025-08-12 13:47:45.128989
2025-08-12,30948,2025081204011470,UPCL,Online Securities Pvt. Ltd.,Sani Securities Company Ltd.,52,397.0,20644.0,2025-08-12 13:48:27.208664
2025-08-12,30947,2025081204011471,UPCL,Sumeru Securities Pvt. Ltd.,Sani Securities Company Ltd.,200,397.0,79400.0,2025-08-12 13:48:27.209137
2025-08-12,30747,2025081204011515,UPCL,Sajilo Broker Limited,Sani Securities Company Ltd.,100,397.0,39700.0,2025-08-12 13:49:12.092532
2025-08-12,30590,2025081204011542,UPCL,INDEX SECURITIES LIMITED,Sani Securities Company Ltd.,50,397.0,19850.0,2025-08-12 13:49:37.530689
2025-08-12,30529,2025081204011554,UPCL,Siprabi Securities Pvt. Ltd.,Sani Securities Company Ltd.,40,397.0,15880.0,2025-08-12 13:49:50.220901
2025-08-12,30285,2025081204011631,UPCL,Sri Hari Securities Pvt. Ltd.,Sani Securities Company Ltd.,200,397.0,79400.0,2025-08-12 13:50:36.872960
2025-08-12,30284,2025081204011632,UPCL,Trishakti Securities Public Limited,Sani Securities Company Ltd.,200,397.0,79400.0,2025-08-12 13:50:37.075833
2025-08-12,30270,2025081204011638,UPCL,R.B.B. Securities Company Ltd,Dipshikha Dhitopatra Karobar Co. Pvt Ltd.,60,396.3,23778.0,2025-08-12 13:50:41.126342
2025-08-12,30247,2025081204011646,UPCL,Agrawal Securities (PVT) Ltd.,Sani Securities Company Ltd.,50,397.0,19850.0,2025-08-12 13:50:44.961223
2025-08-12,29864,2025081204011739,UPCL,MILKY WAY SHARE BROKER COMPANY LTD ,Sani Securities Company Ltd.,40,397.0,15880.0,2025-08-12 13:52:06.162375
2025-08-12,29788,2025081204011765,UPCL,MILKY WAY SHARE BROKER COMPANY LTD ,ABC Securities Private Limited,10,397.8,3978.0,2025-08-12 13:52:21.201097
2025-08-12,29617,2025081204011790,UPCL,Cristal Kanchanjanga Securites Pvt. Ltd.,ABC Securities Private Limited,100,397.8,39780.0,2025-08-12 13:52:50.355277
2025-08-12,29265,2025081204011840,UPCL,Neev Securities Pvt. Ltd.,ABC Securities Private Limited,450,397.8,179010.0,2025-08-12 13:54:13.096249
2025-08-12,29148,2025081204011866,UPCL,Sumeru Securities Pvt. Ltd.,Sharepro Securities Private Limited,200,397.9,79580.0,2025-08-12 13:54:33.580416
2025-08-12,29079,2025081204011883,UPCL,Citizens Share Broker Limited,Sharepro Securities Private Limited,500,397.9,198950.0,2025-08-12 13:54:45.186973
2025-08-12,28989,2025081204011895,UPCL,Nepal Investment And Securities Trading Private Limited,Sharepro Securities Private Limited,50,397.9,19895.0,2025-08-12 13:55:03.858978
2025-08-12,28945,2025081204011910,UPCL,Neev Securities Pvt. Ltd.,Vision Securities Pvt. Ltd,50,397.8,19890.0,2025-08-12 13:55:10.629564
2025-08-12,28677,2025081204012034,UPCL,Dynamic Money Managers Securities Pvt. Ltd.,Sharepro Securities Private Limited,100,397.9,39790.0,2025-08-12 13:55:45.644919
2025-08-12,28526,2025081204012070,UPCL,MILKY WAY SHARE BROKER COMPANY LTD ,Agrawal Securities (PVT) Ltd.,190,398.0,75620.0,2025-08-12 13:56:18.803508
2025-08-12,28525,2025081204012071,UPCL,MILKY WAY SHARE BROKER COMPANY LTD ,Online Securities Pvt. Ltd.,10,398.0,3980.0,2025-08-12 13:56:18.803805
2025-08-12,28524,2025081204012072,UPCL,MILKY WAY SHARE BROKER COMPANY LTD ,Shree Krishna Securities Ltd.,40,398.0,15920.0,2025-08-12 13:56:18.803909
2025-08-12,28523,2025081204012073,UPCL,MILKY WAY SHARE BROKER COMPANY LTD ,Oxford Securities Pvt. Ltd.,20,398.0,7960.0,2025-08-12 13:56:18.804010
2025-08-12,28429,2025081204012086,UPCL,MILKY WAY SHARE BROKER COMPANY LTD ,Oxford Securities Pvt. Ltd.,10,398.0,3980.0,2025-08-12 13:56:28.833289
2025-08-12,28428,2025081204012087,UPCL,MILKY WAY SHARE BROKER COMPANY LTD ,Neev Securities Pvt. Ltd.,10,399.0,3990.0,2025-08-12 13:56:28.833802
2025-08-12,27708,2025081204012231,UPCL,Siprabi Securities Pvt. Ltd.,Neev Securities Pvt. Ltd.,190,399.0,75810.0,2025-08-12 13:58:14.996873
2025-08-12,27707,2025081204012232,UPCL,Siprabi Securities Pvt. Ltd.,Trishakti Securities Public Limited,250,399.0,99750.0,2025-08-12 13:58:14.997182
2025-08-12,27706,2025081204012233,UPCL,Siprabi Securities Pvt. Ltd.,Thrive Brokerage House Pvt. Ltd,54,399.0,21546.0,2025-08-12 13:58:14.997284
2025-08-12,27612,2025081204012253,UPCL,Property Wiard Limited,Premier Securities Company Ltd.,200,399.0,79800.0,2025-08-12 13:58:35.226176
2025-08-12,27611,2025081204012254,UPCL,Premier Securities Company Ltd.,Premier Securities Company Ltd.,100,398.0,39800.0,2025-08-12 13:58:35.226452
2025-08-12,27610,2025081204012255,UPCL,Property Wiard Limited,Premier Securities Company Ltd.,100,397.5,39750.0,2025-08-12 13:58:35.226554
2025-08-12,27481,2025081204012296,UPCL,Online Securities Pvt. Ltd.,Imperial Securities Company Pvt. Ltd.,100,400.0,40000.0,2025-08-12 13:59:08.435021
2025-08-12,27480,2025081204012297,UPCL,Online Securities Pvt. Ltd.,Nepal Stock House (PVT) Ltd.,50,400.0,20000.0,2025-08-12 13:59:08.435531
2025-08-12,27479,2025081204012298,UPCL,Online Securities Pvt. Ltd.,Online Securities Pvt. Ltd.,454,400.0,181600.0,2025-08-12 13:59:08.435828
2025-08-12,27478,2025081204012299,UPCL,Online Securities Pvt. Ltd.,Naasa Securities Co. Ltd.,50,400.0,20000.0,2025-08-12 13:59:08.436120
2025-08-12,27477,2025081204012300,UPCL,Online Securities Pvt. Ltd.,Deevyaa Securities & Stock House Pvt. Ltd,1000,400.0,400000.0,2025-08-12 13:59:08.436433
2025-08-12,27476,2025081204012301,UPCL,Online Securities Pvt. Ltd.,Sweta Securities Private Limited,400,400.0,160000.0,2025-08-12 13:59:08.436728
2025-08-12,27475,2025081204012302,UPCL,Online Securities Pvt. Ltd.,Linch Stock Market Ltd.,1000,400.0,400000.0,2025-08-12 13:59:08.437015
2025-08-12,27474,2025081204012303,UPCL,Online Securities Pvt. Ltd.,Sundhara Securities Limited,150,400.0,60000.0,2025-08-12 13:59:08.437297
2025-08-12,27473,2025081204012304,UPCL,Online Securities Pvt. Ltd.,Asian Securities Private Ltd.,2000,400.0,800000.0,2025-08-12 13:59:08.437599
2025-08-12,27472,2025081204012305,UPCL,Online Securities Pvt. Ltd.,Online Securities Pvt. Ltd.,275,400.0,110000.0,2025-08-12 13:59:08.437972
2025-08-12,27471,2025081204012306,UPCL,Online Securities Pvt. Ltd.,Naasa Securities Co. Ltd.,500,400.0,200000.0,2025-08-12 13:59:08.438266
2025-08-12,27470,2025081204012307,UPCL,Online Securities Pvt. Ltd.,Capital Max Securities Ltd,300,400.0,120000.0,2025-08-12 13:59:08.438573
2025-08-12,27469,2025081204012308,UPCL,Online Securities Pvt. Ltd.,Siprabi Securities Pvt. Ltd.,1000,400.0,400000.0,2025-08-12 13:59:08.438885
2025-08-12,27317,2025081204012332,UPCL,NIMB Stock Markets Limited,Midas Stock Broking Company Private Limited,10,401.0,4010.0,2025-08-12 13:59:36.690730
2025-08-12,27316,2025081204012333,UPCL,NIMB Stock Markets Limited,Neev Securities Pvt. Ltd.,100,401.0,40100.0,2025-08-12 13:59:36.690988
2025-08-12,27315,2025081204012334,UPCL,NIMB Stock Markets Limited,Naasa Securities Co. Ltd.,190,401.0,76190.0,2025-08-12 13:59:36.691093
2025-08-12,26766,2025081204012466,UPCL,NIMB Stock Markets Limited,Linch Stock Market Ltd.,150,401.0,60150.0,2025-08-12 14:01:14.095234
2025-08-12,26732,2025081204012479,UPCL,Naasa Securities Co. Ltd.,Dipshikha Dhitopatra Karobar Co. Pvt Ltd.,1000,402.0,402000.0,2025-08-12 14:01:20.544535
2025-08-12,26731,2025081204012480,UPCL,Naasa Securities Co. Ltd.,Midas Stock Broking Company Private Limited,10,402.0,4020.0,2025-08-12 14:01:20.544835
2025-08-12,26730,2025081204012481,UPCL,Naasa Securities Co. Ltd.,Capital Max Securities Ltd,10,402.0,4020.0,2025-08-12 14:01:20.544937
2025-08-12,26729,2025081204012482,UPCL,Naasa Securities Co. Ltd.,Sani Securities Company Ltd.,500,402.0,201000.0,2025-08-12 14:01:20.545033
2025-08-12,26704,2025081204012491,UPCL,MILKY WAY SHARE BROKER COMPANY LTD ,Imperial Securities Company Pvt. Ltd.,10,403.0,4030.0,2025-08-12 14:01:28.641118
2025-08-12,26636,2025081204012516,UPCL,Naasa Securities Co. Ltd.,SHUBHAKAMANA SECURITIES PVT. LTD,30,402.0,12060.0,2025-08-12 14:01:41.786151
2025-08-12,26635,2025081204012517,UPCL,NIMB Stock Markets Limited,SHUBHAKAMANA SECURITIES PVT. LTD,50,401.0,20050.0,2025-08-12 14:01:41.786478
2025-08-12,26634,2025081204012518,UPCL,Online Securities Pvt. Ltd.,SHUBHAKAMANA SECURITIES PVT. LTD,721,400.0,288400.0,2025-08-12 14:01:41.786594
2025-08-12,26352,2025081204012566,UPCL,ABC Securities Private Limited,Sajilo Broker Limited,100,398.1,39810.0,2025-08-12 14:02:32.395145
2025-08-12,26110,2025081204012618,UPCL,Asian Securities Private Ltd.,Kumari Securities Private Limited,50,398.1,19905.0,2025-08-12 14:03:03.944490
2025-08-12,25771,2025081204012685,UPCL,Sajilo Broker Limited,Thrive Brokerage House Pvt. Ltd,100,398.2,39820.0,2025-08-12 14:04:08.318932
2025-08-12,25651,2025081204012726,UPCL,Sajilo Broker Limited,SHUBHAKAMANA SECURITIES PVT. LTD,199,398.2,79241.8,2025-08-12 14:04:26.236841
2025-08-12,25616,2025081204012732,UPCL,Sajilo Broker Limited,Thrive Brokerage House Pvt. Ltd,102,398.2,40616.4,2025-08-12 14:04:33.442789
2025-08-12,25578,2025081204012740,UPCL,Sajilo Broker Limited,SHUBHAKAMANA SECURITIES PVT. LTD,99,398.2,39421.8,2025-08-12 14:04:40.278354
2025-08-12,25577,2025081204012741,UPCL,Dipshikha Dhitopatra Karobar Co. Pvt Ltd.,SHUBHAKAMANA SECURITIES PVT. LTD,500,398.1,199050.0,2025-08-12 14:04:40.278656
2025-08-12,25576,2025081204012742,UPCL,Online Securities Pvt. Ltd.,SHUBHAKAMANA SECURITIES PVT. LTD,401,398.0,159598.0,2025-08-12 14:04:40.278880
2025-08-12,25277,2025081204012854,UPCL,Online Securities Pvt. Ltd.,Opal Securities Investment (PVT) Ltd.,100,398.0,39800.0,2025-08-12 14:05:32.470626
2025-08-12,24506,2025081204013092,UPCL,Premier Securities Company Ltd.,Dynamic Money Managers Securities Pvt. Ltd.,100,398.0,39800.0,2025-08-12 14:08:18.982449
2025-08-12,24505,2025081204013093,UPCL,Dipshikha Dhitopatra Karobar Co. Pvt Ltd.,Dynamic Money Managers Securities Pvt. Ltd.,100,398.0,39800.0,2025-08-12 14:08:18.982909
2025-08-12,24174,2025081204013181,UPCL,Dipshikha Dhitopatra Karobar Co. Pvt Ltd.,Neev Securities Pvt. Ltd.,350,398.0,139300.0,2025-08-12 14:09:19.052019
2025-08-12,24123,2025081204013185,UPCL,Dipshikha Dhitopatra Karobar Co. Pvt Ltd.,SHUBHAKAMANA SECURITIES PVT. LTD,50,398.0,19900.0,2025-08-12 14:09:31.088972
2025-08-12,24122,2025081204013186,UPCL,Online Securities Pvt. Ltd.,SHUBHAKAMANA SECURITIES PVT. LTD,175,398.0,69650.0,2025-08-12 14:09:31.089480
2025-08-12,24121,2025081204013187,UPCL,Sundhara Securities Limited,SHUBHAKAMANA SECURITIES PVT. LTD,200,397.7,79540.0,2025-08-12 14:09:31.089778
2025-08-12,24120,2025081204013188,UPCL,Sumeru Securities Pvt. Ltd.,SHUBHAKAMANA SECURITIES PVT. LTD,500,397.6,198800.0,2025-08-12 14:09:31.090076
2025-08-12,24119,2025081204013189,UPCL,Sundhara Securities Limited,SHUBHAKAMANA SECURITIES PVT. LTD,200,397.5,79500.0,2025-08-12 14:09:31.090376
2025-08-12,24118,2025081204013190,UPCL,Sani Securities Company Ltd.,SHUBHAKAMANA SECURITIES PVT. LTD,375,397.4,149025.0,2025-08-12 14:09:31.090659
2025-08-12,23914,2025081204013262,UPCL,Sani Securities Company Ltd.,Creative Securities Pvt Ltd,200,397.4,79480.0,2025-08-12 14:10:06.498459
2025-08-12,23766,2025081204013325,UPCL,Sani Securities Company Ltd.,Deevyaa Securities & Stock House Pvt. Ltd,400,397.4,158960.0,2025-08-12 14:10:31.376688
2025-08-12,22671,2025081204013585,UPCL,Sani Securities Company Ltd.,Naasa Securities Co. Ltd.,25,397.4,9935.0,2025-08-12 14:14:14.734203
2025-08-12,22670,2025081204013586,UPCL,Sumeru Securities Pvt. Ltd.,Naasa Securities Co. Ltd.,425,397.4,168895.0,2025-08-12 14:14:14.734724
2025-08-12,22518,2025081204013609,UPCL,Sumeru Securities Pvt. Ltd.,Naasa Securities Co. Ltd.,50,397.4,19870.0,2025-08-12 14:14:49.120038
2025-08-12,22377,2025081204013640,UPCL,Sumeru Securities Pvt. Ltd.,Kalika Securities Pvt. Ltd.,25,397.4,9935.0,2025-08-12 14:15:14.052129
2025-08-12,22376,2025081204013641,UPCL,Himalayan Brokerage Company Limited,Kalika Securities Pvt. Ltd.,400,397.4,158960.0,2025-08-12 14:15:14.052402
2025-08-12,22014,2025081204013706,UPCL,Premier Securities Company Ltd.,Dipshikha Dhitopatra Karobar Co. Pvt Ltd.,100,397.2,39720.0,2025-08-12 14:16:10.113961
2025-08-12,22013,2025081204013707,UPCL,Opal Securities Investment (PVT) Ltd.,Dipshikha Dhitopatra Karobar Co. Pvt Ltd.,200,397.1,79420.0,2025-08-12 14:16:10.114034
2025-08-12,21937,2025081204013740,UPCL,Opal Securities Investment (PVT) Ltd.,Vision Securities Pvt. Ltd,490,397.1,194579.0,2025-08-12 14:16:28.568997
2025-08-12,21814,2025081204013768,UPCL,Property Wiard Limited,Kalika Securities Pvt. Ltd.,400,397.4,158960.0,2025-08-12 14:16:54.632607
2025-08-12,21776,2025081204013779,UPCL,Trisul Securities & Invt. Ltd.,Kalika Securities Pvt. Ltd.,175,397.4,69545.0,2025-08-12 14:17:02.914744
2025-08-12,21556,2025081204013823,UPCL,Linch Stock Market Ltd.,Midas Stock Broking Company Private Limited,100,398.0,39800.0,2025-08-12 14:17:47.656022
2025-08-12,21555,2025081204013824,UPCL,Linch Stock Market Ltd.,Midas Stock Broking Company Private Limited,100,398.0,39800.0,2025-08-12 14:17:47.656331
2025-08-12,21301,2025081204013901,UPCL,Trisul Securities & Invt. Ltd.,Infinity Securities Limited,325,397.4,129155.0,2025-08-12 14:18:42.653873
2025-08-12,20999,2025081204013976,UPCL,Opal Securities Investment (PVT) Ltd.,Infinity Securities Limited,43,397.1,17075.3,2025-08-12 14:19:48.834192
2025-08-12,20342,2025081204014165,UPCL,Opal Securities Investment (PVT) Ltd.,Opal Securities Investment (PVT) Ltd.,267,397.1,106025.7,2025-08-12 14:21:50.472111
2025-08-12,20341,2025081204014166,UPCL,Sumeru Securities Pvt. Ltd.,Opal Securities Investment (PVT) Ltd.,250,397.1,99275.0,2025-08-12 14:21:50.472183
2025-08-12,20340,2025081204014167,UPCL,INDEX SECURITIES LIMITED,Opal Securities Investment (PVT) Ltd.,1000,397.1,397100.0,2025-08-12 14:21:50.472214
2025-08-12,20339,2025081204014168,UPCL,Deevyaa Securities & Stock House Pvt. Ltd,Opal Securities Investment (PVT) Ltd.,200,397.0,79400.0,2025-08-12 14:21:50.472239
2025-08-12,20338,2025081204014169,UPCL,Sani Securities Company Ltd.,Opal Securities Investment (PVT) Ltd.,100,397.0,39700.0,2025-08-12 14:21:50.472266
2025-08-12,20337,2025081204014170,UPCL,Bhrikuti Stock Broking Co. Pvt. Ltd.,Opal Securities Investment (PVT) Ltd.,200,397.0,79400.0,2025-08-12 14:21:50.472295
2025-08-12,20336,2025081204014171,UPCL,ABC Securities Private Limited,Opal Securities Investment (PVT) Ltd.,100,396.5,39650.0,2025-08-12 14:21:50.472338
2025-08-12,20335,2025081204014172,UPCL,Opal Securities Investment (PVT) Ltd.,Opal Securities Investment (PVT) Ltd.,1000,396.5,396500.0,2025-08-12 14:21:50.472365
2025-08-12,20334,2025081204014173,UPCL,Aryatara Investment & Securities,Opal Securities Investment (PVT) Ltd.,1000,396.5,396500.0,2025-08-12 14:21:50.472389
2025-08-12,20333,2025081204014174,UPCL,Aryatara Investment & Securities,Opal Securities Investment (PVT) Ltd.,100,396.4,39640.0,2025-08-12 14:21:50.472430
2025-08-12,20332,2025081204014175,UPCL,Opal Securities Investment (PVT) Ltd.,Opal Securities Investment (PVT) Ltd.,783,396.1,310146.3,2025-08-12 14:21:50.472454
2025-08-12,19857,2025081204014267,UPCL,Opal Securities Investment (PVT) Ltd.,Sri Hari Securities Pvt. Ltd.,1000,396.3,396300.0,2025-08-12 14:23:11.846217
2025-08-12,19068,2025081204014492,UPCL,Opal Securities Investment (PVT) Ltd.,Hatemalo Financial Services Private Limited,600,396.3,237780.0,2025-08-12 14:25:12.294776
2025-08-12,18556,2025081204014640,UPCL,Sundhara Securities Limited,Vision Securities Pvt. Ltd,50,396.4,19820.0,2025-08-12 14:26:50.656717
2025-08-12,18555,2025081204014641,UPCL,Opal Securities Investment (PVT) Ltd.,Vision Securities Pvt. Ltd,400,396.3,158520.0,2025-08-12 14:26:50.657014
2025-08-12,18554,2025081204014642,UPCL,Primo Securities (PVT) Ltd.,Vision Securities Pvt. Ltd,50,396.3,19815.0,2025-08-12 14:26:50.657133
2025-08-12,18503,2025081204014655,UPCL,Opal Securities Investment (PVT) Ltd.,Trishakti Securities Public Limited,42,397.4,16690.8,2025-08-12 14:27:03.124437
2025-08-12,18502,2025081204014656,UPCL,Opal Securities Investment (PVT) Ltd.,Midas Stock Broking Company Private Limited,58,398.0,23084.0,2025-08-12 14:27:03.124505
2025-08-12,18214,2025081204014711,UPCL,Swarna Laxmi Securities Pvt. Ltd.,Agrawal Securities (PVT) Ltd.,1000,397.0,397000.0,2025-08-12 14:28:02.816058
2025-08-12,17865,2025081204014783,UPCL,Shree Krishna Securities Ltd.,SHUBHAKAMANA SECURITIES PVT. LTD,10,397.0,3970.0,2025-08-12 14:29:14.458037
2025-08-12,17683,2025081204014846,UPCL,Shree Krishna Securities Ltd.,Opal Securities Investment (PVT) Ltd.,240,397.0,95280.0,2025-08-12 14:30:03.104365
2025-08-12,17682,2025081204014847,UPCL,Primo Securities (PVT) Ltd.,Opal Securities Investment (PVT) Ltd.,385,396.3,152575.5,2025-08-12 14:30:03.104434
2025-08-12,17536,2025081204014872,UPCL,Primo Securities (PVT) Ltd.,Linch Stock Market Ltd.,250,396.3,99075.0,2025-08-12 14:30:36.909870
2025-08-12,17512,2025081204014878,UPCL,Primo Securities (PVT) Ltd.,Trisul Securities & Invt. Ltd.,300,396.3,118890.0,2025-08-12 14:30:41.973053
2025-08-12,16794,2025081204015045,UPCL,Primo Securities (PVT) Ltd.,Midas Stock Broking Company Private Limited,15,396.3,5944.5,2025-08-12 14:33:42.406412
2025-08-12,16793,2025081204015046,UPCL,Sundhara Securities Limited,Midas Stock Broking Company Private Limited,200,396.2,79240.0,2025-08-12 14:33:42.406978
2025-08-12,16792,2025081204015047,UPCL,Opal Securities Investment (PVT) Ltd.,Midas Stock Broking Company Private Limited,337,396.1,133485.7,2025-08-12 14:33:42.407296
2025-08-12,16045,2025081204015288,UPCL,Opal Securities Investment (PVT) Ltd.,Market Securities & Exchange (PVT) Ltd.,1880,396.1,744668.0,2025-08-12 14:35:59.854654
2025-08-12,16044,2025081204015289,UPCL,Dipshikha Dhitopatra Karobar Co. Pvt Ltd.,Market Securities & Exchange (PVT) Ltd.,500,396.1,198050.0,2025-08-12 14:35:59.855152
2025-08-12,16043,2025081204015290,UPCL,South Asian Bulls Pvt. Ltd.,Market Securities & Exchange (PVT) Ltd.,600,396.0,237600.0,2025-08-12 14:35:59.855480
2025-08-12,16042,2025081204015291,UPCL,Imperial Securities Company Pvt. Ltd.,Market Securities & Exchange (PVT) Ltd.,20,396.0,7920.0,2025-08-12 14:35:59.855798
2025-08-12,15972,2025081204015306,UPCL,Imperial Securities Company Pvt. Ltd.,NIMB Stock Markets Limited,230,396.0,91080.0,2025-08-12 14:36:11.642264
2025-08-12,15971,2025081204015307,UPCL,Trisul Securities & Invt. Ltd.,NIMB Stock Markets Limited,150,396.0,59400.0,2025-08-12 14:36:11.642821
2025-08-12,15970,2025081204015308,UPCL,Aryatara Investment & Securities,NIMB Stock Markets Limited,200,396.0,79200.0,2025-08-12 14:36:11.643277
2025-08-12,15969,2025081204015309,UPCL,Naasa Securities Co. Ltd.,NIMB Stock Markets Limited,120,396.0,47520.0,2025-08-12 14:36:11.643704
2025-08-12,15968,2025081204015310,UPCL,Aryatara Investment & Securities,NIMB Stock Markets Limited,300,396.0,118800.0,2025-08-12 14:36:11.644127
2025-08-12,15845,2025081204015359,UPCL,Online Securities Pvt. Ltd.,Investment Management Nepal Pvt. Ltd.,830,397.0,329510.0,2025-08-12 14:36:27.544001
2025-08-12,15706,2025081204015383,UPCL,Online Securities Pvt. Ltd.,Secured Securities Ltd.,1000,397.0,397000.0,2025-08-12 14:37:00.595414
2025-08-12,15533,2025081204015428,UPCL,Online Securities Pvt. Ltd.,Imperial Securities Company Pvt. Ltd.,170,397.0,67490.0,2025-08-12 14:37:24.540245
2025-08-12,15532,2025081204015429,UPCL,Aryatara Investment & Securities,Imperial Securities Company Pvt. Ltd.,200,396.0,79200.0,2025-08-12 14:37:24.540524
2025-08-12,15218,2025081204015506,UPCL,Sewa Securities Pvt. Ltd.,Imperial Securities Company Pvt. Ltd.,20,395.8,7916.0,2025-08-12 14:38:13.155509
2025-08-12,15217,2025081204015507,UPCL,Sundhara Securities Limited,Imperial Securities Company Pvt. Ltd.,200,395.7,79140.0,2025-08-12 14:38:13.155753
2025-08-12,15216,2025081204015508,UPCL,ABC Securities Private Limited,Imperial Securities Company Pvt. Ltd.,200,395.5,79100.0,2025-08-12 14:38:13.155859
2025-08-12,15215,2025081204015509,UPCL,Trisul Securities & Invt. Ltd.,Imperial Securities Company Pvt. Ltd.,50,395.4,19770.0,2025-08-12 14:38:13.155960
2025-08-12,15214,2025081204015510,UPCL,Shree Krishna Securities Ltd.,Imperial Securities Company Pvt. Ltd.,20,395.4,7908.0,2025-08-12 14:38:13.156056
2025-08-12,15163,2025081204015522,UPCL,Sweta Securities Private Limited,Imperial Securities Company Pvt. Ltd.,50,396.0,19800.0,2025-08-12 14:38:23.046841
2025-08-12,15083,2025081204015534,UPCL,N.M.B. SECURITIES LIMITED,Imperial Securities Company Pvt. Ltd.,80,396.0,31680.0,2025-08-12 14:38:34.317834
2025-08-12,15082,2025081204015535,UPCL,N.M.B. SECURITIES LIMITED,Sewa Securities Pvt. Ltd.,50,398.0,19900.0,2025-08-12 14:38:34.317880
2025-08-12,14242,2025081204015704,UPCL,Ashutosh Brokerage & Securities (PVT) Ltd.,Dipshikha Dhitopatra Karobar Co. Pvt Ltd.,10,396.5,3965.0,2025-08-12 14:40:24.289633
2025-08-12,14241,2025081204015705,UPCL,KALASH STOCK MARKET PVT. LTD.,Dipshikha Dhitopatra Karobar Co. Pvt Ltd.,500,396.0,198000.0,2025-08-12 14:40:24.289875
2025-08-12,13961,2025081204015804,UPCL,Shree Krishna Securities Ltd.,Vision Securities Pvt. Ltd,200,395.4,79080.0,2025-08-12 14:41:09.259933
2025-08-12,13957,2025081204015808,UPCL,Shree Krishna Securities Ltd.,Kalika Securities Pvt. Ltd.,230,395.4,90942.0,2025-08-12 14:41:09.464925
2025-08-12,13873,2025081204015843,UPCL,Shree Krishna Securities Ltd.,Deevyaa Securities & Stock House Pvt. Ltd,100,395.4,39540.0,2025-08-12 14:41:17.387174
2025-08-12,13818,2025081204015860,UPCL,Property Wiard Limited,Property Wiard Limited,6000,396.4,2378400.0,2025-08-12 14:41:25.911042
2025-08-12,13113,2025081204016065,UPCL,Shree Krishna Securities Ltd.,Dipshikha Dhitopatra Karobar Co. Pvt Ltd.,490,395.4,193746.0,2025-08-12 14:42:39.513924
2025-08-12,12562,2025081204016202,UPCL,Himalayan Securities Limited,Sri Hari Securities Pvt. Ltd.,500,395.5,197750.0,2025-08-12 14:43:39.008240
2025-08-12,12259,2025081204016265,UPCL,Property Wiard Limited,Midas Stock Broking Company Private Limited,500,396.5,198250.0,2025-08-12 14:44:17.449447
2025-08-12,12253,2025081204016266,UPCL,Himalayan Securities Limited,Dipshikha Dhitopatra Karobar Co. Pvt Ltd.,35,395.5,13842.5,2025-08-12 14:44:19.458522
2025-08-12,11836,2025081204016329,UPCL,Himalayan Securities Limited,Sagarmatha Securities Private Limited,262,395.5,103621.0,2025-08-12 14:44:54.938740
2025-08-12,11660,2025081204016360,UPCL,Trishakti Securities Public Limited,Kumari Securities Private Limited,500,395.6,197800.0,2025-08-12 14:45:14.534878
2025-08-12,11652,2025081204016362,UPCL,Trishakti Securities Public Limited,Sweta Securities Private Limited,20,395.6,7912.0,2025-08-12 14:45:15.675341
2025-08-12,11083,2025081204016534,UPCL,Trishakti Securities Public Limited,Deevyaa Securities & Stock House Pvt. Ltd,480,395.6,189888.0,2025-08-12 14:46:03.809939
2025-08-12,11082,2025081204016535,UPCL,Siprabi Securities Pvt. Ltd.,Deevyaa Securities & Stock House Pvt. Ltd,20,395.6,7912.0,2025-08-12 14:46:03.809999
2025-08-12,11080,2025081204016536,UPCL,Nepal Stock House (PVT) Ltd.,Opal Securities Investment (PVT) Ltd.,10,396.4,3964.0,2025-08-12 14:46:03.845342
2025-08-12,11000,2025081204016558,UPCL,Ashutosh Brokerage & Securities (PVT) Ltd.,Opal Securities Investment (PVT) Ltd.,100,396.4,39640.0,2025-08-12 14:46:13.499990
2025-08-12,10913,2025081204016586,UPCL,Siprabi Securities Pvt. Ltd.,Sani Securities Company Ltd.,30,395.6,11868.0,2025-08-12 14:46:21.224486
2025-08-12,10912,2025081204016587,UPCL,Himalayan Securities Limited,Sani Securities Company Ltd.,970,395.5,383635.0,2025-08-12 14:46:21.224719
2025-08-12,10247,2025081204016779,UPCL,Opal Securities Investment (PVT) Ltd.,Kumari Securities Private Limited,500,395.6,197800.0,2025-08-12 14:47:30.841139
2025-08-12,9837,2025081204016907,UPCL,Opal Securities Investment (PVT) Ltd.,J.F. Securites (PVT) Ltd.,100,395.6,39560.0,2025-08-12 14:48:10.261471
2025-08-12,9792,2025081204016930,UPCL,Opal Securities Investment (PVT) Ltd.,Online Securities Pvt. Ltd.,319,395.6,126196.4,2025-08-12 14:48:14.417724
2025-08-12,9660,2025081204016979,UPCL,Opal Securities Investment (PVT) Ltd.,Primo Securities (PVT) Ltd.,70,395.6,27692.0,2025-08-12 14:48:28.098058
2025-08-12,9311,2025081204017083,UPCL,Naasa Securities Co. Ltd.,MILKY WAY SHARE BROKER COMPANY LTD ,10,396.0,3960.0,2025-08-12 14:49:12.083342
2025-08-12,9136,2025081204017121,UPCL,Opal Securities Investment (PVT) Ltd.,Agrawal Securities (PVT) Ltd.,11,395.6,4351.6,2025-08-12 14:49:31.290590
2025-08-12,9135,2025081204017122,UPCL,Investment Management Nepal Pvt. Ltd.,Agrawal Securities (PVT) Ltd.,350,395.6,138460.0,2025-08-12 14:49:31.291070
2025-08-12,9134,2025081204017123,UPCL,Sagarmatha Securities Private Limited,Agrawal Securities (PVT) Ltd.,200,395.6,79120.0,2025-08-12 14:49:31.291375
2025-08-12,9133,2025081204017124,UPCL,Himalayan Securities Limited,Agrawal Securities (PVT) Ltd.,3233,395.5,1278651.5,2025-08-12 14:49:31.291676
2025-08-12,9132,2025081204017125,UPCL,Shree Krishna Securities Ltd.,Agrawal Securities (PVT) Ltd.,206,395.4,81452.4,2025-08-12 14:49:31.292059
2025-08-12,9112,2025081204017137,UPCL,N.M.B. SECURITIES LIMITED,MILKY WAY SHARE BROKER COMPANY LTD ,172,396.0,68112.0,2025-08-12 14:49:34.069256
2025-08-12,9065,2025081204017168,UPCL,Secured Securities Ltd.,MILKY WAY SHARE BROKER COMPANY LTD ,318,396.0,125928.0,2025-08-12 14:49:36.204183
2025-08-12,9064,2025081204017169,UPCL,Secured Securities Ltd.,Imperial Securities Company Pvt. Ltd.,200,396.0,79200.0,2025-08-12 14:49:36.204447
2025-08-12,9063,2025081204017170,UPCL,Secured Securities Ltd.,Deevyaa Securities & Stock House Pvt. Ltd,182,396.0,72072.0,2025-08-12 14:49:36.204548
2025-08-12,8963,2025081204017204,UPCL,Investment Management Nepal Pvt. Ltd.,Deevyaa Securities & Stock House Pvt. Ltd,318,396.0,125928.0,2025-08-12 14:49:47.217637
2025-08-12,8961,2025081204017205,UPCL,Investment Management Nepal Pvt. Ltd.,Nagarik Stock Dealer ,182,396.0,72072.0,2025-08-12 14:49:47.646166
2025-08-12,8701,2025081204017280,UPCL,Bhrikuti Stock Broking Co. Pvt. Ltd.,Nagarik Stock Dealer ,100,396.0,39600.0,2025-08-12 14:50:14.715854
2025-08-12,7662,2025081204017597,UPCL,Primo Securities (PVT) Ltd.,Nagarik Stock Dealer ,100,396.0,39600.0,2025-08-12 14:51:53.386698
2025-08-12,7629,2025081204017606,UPCL,BHOLE GANESH SECURITIES LTD,Kalika Securities Pvt. Ltd.,54,395.7,21367.8,2025-08-12 14:51:57.872454
2025-08-12,7348,2025081204017696,UPCL,BHOLE GANESH SECURITIES LTD,Nagarik Stock Dealer ,946,395.7,374332.2,2025-08-12 14:52:24.188741
2025-08-12,7347,2025081204017697,UPCL,Primo Securities (PVT) Ltd.,Nagarik Stock Dealer ,200,395.6,79120.0,2025-08-12 14:52:24.189049
2025-08-12,7346,2025081204017698,UPCL,Primo Securities (PVT) Ltd.,Nagarik Stock Dealer ,102,395.6,40351.2,2025-08-12 14:52:24.189154
2025-08-12,7178,2025081204017786,UPCL,Linch Stock Market Ltd.,Opal Securities Investment (PVT) Ltd.,100,395.8,39580.0,2025-08-12 14:52:35.603890
2025-08-12,7177,2025081204017787,UPCL,Primo Securities (PVT) Ltd.,Premier Securities Company Ltd.,1000,395.6,395600.0,2025-08-12 14:52:35.630279
2025-08-12,6973,2025081204017884,UPCL,Primo Securities (PVT) Ltd.,Sri Hari Securities Pvt. Ltd.,398,395.6,157448.8,2025-08-12 14:52:54.472891
2025-08-12,6972,2025081204017885,UPCL,Sagarmatha Securities Private Limited,Sri Hari Securities Pvt. Ltd.,200,395.5,79100.0,2025-08-12 14:52:54.473170
2025-08-12,6971,2025081204017886,UPCL,Shree Krishna Securities Ltd.,Sri Hari Securities Pvt. Ltd.,3754,395.4,1484331.6,2025-08-12 14:52:54.473277
2025-08-12,6970,2025081204017887,UPCL,Trishakti Securities Public Limited,Sri Hari Securities Pvt. Ltd.,100,395.3,39530.0,2025-08-12 14:52:54.473396
2025-08-12,6969,2025081204017888,UPCL,Bhrikuti Stock Broking Co. Pvt. Ltd.,Sri Hari Securities Pvt. Ltd.,50,395.2,19760.0,2025-08-12 14:52:54.473502
2025-08-12,6968,2025081204017889,UPCL,Asian Securities Private Ltd.,Sri Hari Securities Pvt. Ltd.,50,395.2,19760.0,2025-08-12 14:52:54.473614
2025-08-12,6967,2025081204017890,UPCL,South Asian Bulls Pvt. Ltd.,Sri Hari Securities Pvt. Ltd.,100,395.2,39520.0,2025-08-12 14:52:54.473721
2025-08-12,6966,2025081204017891,UPCL,Premier Securities Company Ltd.,Sri Hari Securities Pvt. Ltd.,300,395.1,118530.0,2025-08-12 14:52:54.473835
2025-08-12,6965,2025081204017892,UPCL,Creative Securities Pvt Ltd,Sri Hari Securities Pvt. Ltd.,488,395.0,192760.0,2025-08-12 14:52:54.473936
2025-08-12,6964,2025081204017893,UPCL,Trishakti Securities Public Limited,Sri Hari Securities Pvt. Ltd.,16,395.0,6320.0,2025-08-12 14:52:54.474041
2025-08-12,6782,2025081204017940,UPCL,Trishakti Securities Public Limited,Sri Hari Securities Pvt. Ltd.,484,395.0,191180.0,2025-08-12 14:53:09.649075
2025-08-12,6781,2025081204017941,UPCL,Malla & Malla Stock Broking Company Pvt. Limited,Sri Hari Securities Pvt. Ltd.,16,395.0,6320.0,2025-08-12 14:53:09.649552
2025-08-12,6749,2025081204017948,UPCL,Malla & Malla Stock Broking Company Pvt. Limited,Midas Stock Broking Company Private Limited,84,395.0,33180.0,2025-08-12 14:53:13.345419
2025-08-12,6748,2025081204017949,UPCL,Naasa Securities Co. Ltd.,Midas Stock Broking Company Private Limited,100,395.0,39500.0,2025-08-12 14:53:13.345861
2025-08-12,6747,2025081204017950,UPCL,Naasa Securities Co. Ltd.,Midas Stock Broking Company Private Limited,18,395.0,7110.0,2025-08-12 14:53:13.346152
2025-08-12,6746,2025081204017951,UPCL,Opal Securities Investment (PVT) Ltd.,Midas Stock Broking Company Private Limited,10,395.0,3950.0,2025-08-12 14:53:13.346446
2025-08-12,6745,2025081204017952,UPCL,Stoxkarts Securities Limited,Midas Stock Broking Company Private Limited,100,395.0,39500.0,2025-08-12 14:53:13.346728
2025-08-12,6744,2025081204017953,UPCL,Opal Securities Investment (PVT) Ltd.,Midas Stock Broking Company Private Limited,10,395.0,3950.0,2025-08-12 14:53:13.347006
2025-08-12,6743,2025081204017954,UPCL,Siprabi Securities Pvt. Ltd.,Midas Stock Broking Company Private Limited,200,395.0,79000.0,2025-08-12 14:53:13.347282
2025-08-12,6742,2025081204017955,UPCL,Kalika Securities Pvt. Ltd.,Midas Stock Broking Company Private Limited,50,395.0,19750.0,2025-08-12 14:53:13.347561
2025-08-12,6741,2025081204017956,UPCL,Investment Management Nepal Pvt. Ltd.,Midas Stock Broking Company Private Limited,428,395.0,169060.0,2025-08-12 14:53:13.347837
2025-08-12,6521,2025081204017999,UPCL,Sajilo Broker Limited,Sajilo Broker Limited,1000,395.1,395100.0,2025-08-12 14:53:34.724409
2025-08-12,6520,2025081204018000,UPCL,Market Securities & Exchange (PVT) Ltd.,Opal Securities Investment (PVT) Ltd.,70,395.8,27706.0,2025-08-12 14:53:34.748757
2025-08-12,6346,2025081204018048,UPCL,Investment Management Nepal Pvt. Ltd.,Trishakti Securities Public Limited,72,395.0,28440.0,2025-08-12 14:53:47.609216
2025-08-12,6345,2025081204018049,UPCL,Naasa Securities Co. Ltd.,Trishakti Securities Public Limited,228,395.0,90060.0,2025-08-12 14:53:47.609479
2025-08-12,6339,2025081204018050,UPCL,Sajilo Broker Limited,Sajilo Broker Limited,1000,395.1,395100.0,2025-08-12 14:53:48.775437
2025-08-12,5475,2025081204018347,UPCL,Naasa Securities Co. Ltd.,Kalika Securities Pvt. Ltd.,500,395.8,197900.0,2025-08-12 14:54:59.072290
2025-08-12,5078,2025081204018433,UPCL,SHUBHAKAMANA SECURITIES PVT. LTD,Kohinoor Investment & Securities Pvt. Ltd.,50,395.1,19755.0,2025-08-12 14:55:30.071999
2025-08-12,4636,2025081204018542,UPCL,Market Securities & Exchange (PVT) Ltd.,Vision Securities Pvt. Ltd,30,395.9,11877.0,2025-08-12 14:56:03.667858
2025-08-12,3809,2025081204018766,UPCL,Agrawal Securities (PVT) Ltd.,Vision Securities Pvt. Ltd,100,395.9,39590.0,2025-08-12 14:57:05.252911
2025-08-12,3365,2025081204018896,UPCL,ABC Securities Private Limited,Magnet Securities and Investment Company Private Limited,50,395.2,19760.0,2025-08-12 14:57:36.659566
2025-08-12,3242,2025081204018919,UPCL,ABC Securities Private Limited,Dipshikha Dhitopatra Karobar Co. Pvt Ltd.,50,395.2,19760.0,2025-08-12 14:57:46.417348
2025-08-12,3241,2025081204018920,UPCL,South Asian Bulls Pvt. Ltd.,Dipshikha Dhitopatra Karobar Co. Pvt Ltd.,100,395.2,39520.0,2025-08-12 14:57:46.417625
2025-08-12,3240,2025081204018921,UPCL,Aryatara Investment & Securities,Dipshikha Dhitopatra Karobar Co. Pvt Ltd.,50,395.2,19760.0,2025-08-12 14:57:46.417763
2025-08-12,2958,2025081204019000,UPCL,Sani Securities Company Ltd.,Online Securities Pvt. Ltd.,60,395.3,23718.0,2025-08-12 14:58:06.220958
2025-08-12,2957,2025081204019001,UPCL,Aryatara Investment & Securities,Online Securities Pvt. Ltd.,70,395.2,27664.0,2025-08-12 14:58:06.221236
2025-08-12,2640,2025081204019062,UPCL,Aryatara Investment & Securities,Trishakti Securities Public Limited,300,395.2,118560.0,2025-08-12 14:58:20.507765
2025-08-12,2611,2025081204019069,UPCL,Aryatara Investment & Securities,Imperial Securities Company Pvt. Ltd.,80,395.2,31616.0,2025-08-12 14:58:22.013295
2025-08-12,2610,2025081204019070,UPCL,Investment Management Nepal Pvt. Ltd.,Imperial Securities Company Pvt. Ltd.,20,395.2,7904.0,2025-08-12 14:58:22.013607
2025-08-12,2587,2025081204019075,UPCL,Investment Management Nepal Pvt. Ltd.,Aryatara Investment & Securities,10,395.2,3952.0,2025-08-12 14:58:24.449563
2025-08-12,2291,2025081204019171,UPCL,Investment Management Nepal Pvt. Ltd.,Vision Securities Pvt. Ltd,350,395.2,138320.0,2025-08-12 14:58:39.040735
2025-08-12,1830,2025081204019297,UPCL,Opal Securities Investment (PVT) Ltd.,Trishakti Securities Public Limited,1000,395.8,395800.0,2025-08-12 14:59:02.999669
2025-08-12,1829,2025081204019298,UPCL,Investment Management Nepal Pvt. Ltd.,Trishakti Securities Public Limited,120,395.2,47424.0,2025-08-12 14:59:02.999894
2025-08-12,1828,2025081204019299,UPCL,Citizens Share Broker Limited,Trishakti Securities Public Limited,100,395.2,39520.0,2025-08-12 14:59:02.999997
2025-08-12,1827,2025081204019300,UPCL,Miyo Securities Pvt Ltd,Trishakti Securities Public Limited,50,395.2,19760.0,2025-08-12 14:59:03.000094
2025-08-12,1826,2025081204019301,UPCL,SHUBHAKAMANA SECURITIES PVT. LTD,Trishakti Securities Public Limited,150,395.1,59265.0,2025-08-12 14:59:03.000192
2025-08-12,1825,2025081204019302,UPCL,Kohinoor Investment & Securities Pvt. Ltd.,Trishakti Securities Public Limited,18,395.1,7111.8,2025-08-12 14:59:03.000286
2025-08-12,1824,2025081204019303,UPCL,Sagarmatha Securities Private Limited,Trishakti Securities Public Limited,200,395.1,79020.0,2025-08-12 14:59:03.000397
2025-08-12,1823,2025081204019304,UPCL,Naasa Securities Co. Ltd.,Trishakti Securities Public Limited,272,395.0,107440.0,2025-08-12 14:59:03.000497
2025-08-12,1822,2025081204019305,UPCL,Malla & Malla Stock Broking Company Pvt. Limited,Trishakti Securities Public Limited,40,395.0,15800.0,2025-08-12 14:59:03.000593
2025-08-12,1821,2025081204019306,UPCL,Shree Krishna Securities Ltd.,Trishakti Securities Public Limited,1000,395.0,395000.0,2025-08-12 14:59:03.000689
2025-08-12,1820,2025081204019307,UPCL,Oxford Securities Pvt. Ltd.,Trishakti Securities Public Limited,250,395.0,98750.0,2025-08-12 14:59:03.000777
2025-08-12,1819,2025081204019308,UPCL,Vision Securities Pvt. Ltd,Trishakti Securities Public Limited,50,395.0,19750.0,2025-08-12 14:59:03.000868
2025-08-12,1818,2025081204019309,UPCL,Secured Securities Ltd.,Trishakti Securities Public Limited,100,395.0,39500.0,2025-08-12 14:59:03.000962
2025-08-12,1817,2025081204019310,UPCL,Market Securities & Exchange (PVT) Ltd.,Trishakti Securities Public Limited,100,395.0,39500.0,2025-08-12 14:59:03.001059
2025-08-12,1816,2025081204019311,UPCL,Opal Securities Investment (PVT) Ltd.,Trishakti Securities Public Limited,100,395.0,39500.0,2025-08-12 14:59:03.001150
2025-08-12,1815,2025081204019312,UPCL,Market Securities & Exchange (PVT) Ltd.,Trishakti Securities Public Limited,100,395.0,39500.0,2025-08-12 14:59:03.001244
2025-08-12,1814,2025081204019313,UPCL,Shree Krishna Securities Ltd.,Trishakti Securities Public Limited,300,395.0,118500.0,2025-08-12 14:59:03.001343
2025-08-12,1813,2025081204019314,UPCL,Sweta Securities Private Limited,Trishakti Securities Public Limited,25,395.0,9875.0,2025-08-12 14:59:03.001431
2025-08-12,1812,2025081204019315,UPCL,Himalayan Brokerage Company Limited,Trishakti Securities Public Limited,1000,395.0,395000.0,2025-08-12 14:59:03.001517
2025-08-12,1811,2025081204019316,UPCL,Shree Krishna Securities Ltd.,Trishakti Securities Public Limited,25,395.0,9875.0,2025-08-12 14:59:03.001612
2025-08-12,1729,2025081204019336,UPCL,Shree Krishna Securities Ltd.,Vision Securities Pvt. Ltd,270,395.9,106893.0,2025-08-12 14:59:07.001002
2025-08-12,1728,2025081204019337,UPCL,Shree Krishna Securities Ltd.,Kohinoor Investment & Securities Pvt. Ltd.,30,395.9,11877.0,2025-08-12 14:59:07.001245
2025-08-12,1453,2025081204019425,UPCL,Shree Krishna Securities Ltd.,Naasa Securities Co. Ltd.,25,395.0,9875.0,2025-08-12 14:59:16.079620
2025-08-12,1452,2025081204019426,UPCL,Aryatara Investment & Securities,Naasa Securities Co. Ltd.,29,395.0,11455.0,2025-08-12 14:59:16.079865
2025-08-12,1128,2025081204019538,UPCL,Aryatara Investment & Securities,Nepal Investment And Securities Trading Private Limited,19,395.0,7505.0,2025-08-12 14:59:25.442338
2025-08-12,551,2025081204019689,UPCL,Capital Max Securities Ltd,Dipshikha Dhitopatra Karobar Co. Pvt Ltd.,100,395.1,39510.0,2025-08-12 14:59:45.242635
2025-08-12,535,2025081204019693,UPCL,Agrawal Securities (PVT) Ltd.,Kohinoor Investment & Securities Pvt. Ltd.,20,395.9,7918.0,2025-08-12 14:59:45.735923
2025-08-12,534,2025081204019694,UPCL,Agrawal Securities (PVT) Ltd.,Sweta Securities Private Limited,26,395.9,10293.4,2025-08-12 14:59:45.736240
2025-08-12,533,2025081204019695,UPCL,Agrawal Securities (PVT) Ltd.,Trishakti Securities Public Limited,400,396.0,158400.0,2025-08-12 14:59:45.736355
2025-08-12,170,2025081204019780,UPCL,Siprabi Securities Pvt. Ltd.,Market Securities & Exchange (PVT) Ltd.,10,396.8,3968.0,2025-08-12 14:59:56.281712
