Date,S.N.,contract_id,symbol,buyer_broker,seller_broker,volume,price,amount,transaction_time
2025-08-07,94417,2025080701000617,GBIME,Linch Stock Market Ltd.,Primo Securities (PVT) Ltd.,28,253.0,7084.0,2025-08-07 11:04:54.124841
2025-08-07,93996,2025080701000769,GBIME,Naasa Securities Co. Ltd.,Dynamic Money Managers Securities Pvt. Ltd.,10,257.8,2578.0,2025-08-07 11:06:21.803057
2025-08-07,93552,2025080701000931,GBIME,Sanima Securities Limited,Sani Securities Company Ltd.,527,255.0,134385.0,2025-08-07 11:07:59.245490
2025-08-07,92879,2025080701001158,GBIME,Aryatara Investment & Securities,Vision Securities Pvt. Ltd,1,253.0,253.0,2025-08-07 11:09:51.445207
2025-08-07,92813,2025080701001173,GBIME,Sewa Securities Pvt. Ltd.,Kohinoor Investment & Securities Pvt. Ltd.,1000,256.0,256000.0,2025-08-07 11:10:05.008307
2025-08-07,92766,2025080701001188,GBIME,Aryatara Investment & Securities,Online Securities Pvt. Ltd.,2,253.0,506.0,2025-08-07 11:10:11.682981
2025-08-07,92363,2025080701001304,GBIME,Aryatara Investment & Securities,Kohinoor Investment & Securities Pvt. Ltd.,6,255.0,1530.0,2025-08-07 11:11:31.908392
2025-08-07,91128,2025080701001710,GBIME,Aryatara Investment & Securities,Naasa Securities Co. Ltd.,20,257.0,5140.0,2025-08-07 11:15:26.521119
2025-08-07,90996,2025080701001756,GBIME,Trisul Securities & Invt. Ltd.,Primo Securities (PVT) Ltd.,400,257.0,102800.0,2025-08-07 11:15:51.900429
2025-08-07,90793,2025080701001836,GBIME,Kumari Securities Private Limited,Dakshinkali Investment & Securities Pvt. Ltd.,53,255.5,13541.5,2025-08-07 11:16:32.924651
2025-08-07,90640,2025080701001880,GBIME,Kumari Securities Private Limited,Dakshinkali Investment & Securities Pvt. Ltd.,400,255.5,102200.0,2025-08-07 11:17:00.255601
2025-08-07,90519,2025080701001911,GBIME,Naasa Securities Co. Ltd.,Dakshinkali Investment & Securities Pvt. Ltd.,20,255.6,5112.0,2025-08-07 11:17:23.410968
2025-08-07,90518,2025080701001912,GBIME,Linch Stock Market Ltd.,Dakshinkali Investment & Securities Pvt. Ltd.,380,255.1,96938.0,2025-08-07 11:17:23.411099
2025-08-07,89917,2025080701002062,GBIME,Investment Management Nepal Pvt. Ltd.,Imperial Securities Company Pvt. Ltd.,10,256.0,2560.0,2025-08-07 11:19:08.312846
2025-08-07,89754,2025080701002100,GBIME,Nepal Stock House (PVT) Ltd.,Imperial Securities Company Pvt. Ltd.,500,256.0,128000.0,2025-08-07 11:19:31.311458
2025-08-07,89488,2025080701002180,GBIME,Dipshikha Dhitopatra Karobar Co. Pvt Ltd.,Naasa Securities Co. Ltd.,274,255.2,69924.8,2025-08-07 11:20:06.144092
2025-08-07,89271,2025080701002239,GBIME,Trisul Securities & Invt. Ltd.,Imperial Securities Company Pvt. Ltd.,20,256.0,5120.0,2025-08-07 11:20:37.056976
2025-08-07,88833,2025080701002360,GBIME,Naasa Securities Co. Ltd.,Imperial Securities Company Pvt. Ltd.,20,256.0,5120.0,2025-08-07 11:21:45.254764
2025-08-07,87386,2025080701002735,GBIME,ABC Securities Private Limited,Aryatara Investment & Securities,80,255.5,20440.0,2025-08-07 11:26:07.643725
2025-08-07,87385,2025080701002736,GBIME,ABC Securities Private Limited,Imperial Securities Company Pvt. Ltd.,207,255.5,52888.5,2025-08-07 11:26:07.643893
2025-08-07,87292,2025080701002782,GBIME,ABC Securities Private Limited,Shree Krishna Securities Ltd.,83,255.5,21206.5,2025-08-07 11:26:23.691389
2025-08-07,87055,2025080701002857,GBIME,ABC Securities Private Limited,Sajilo Broker Limited,100,255.5,25550.0,2025-08-07 11:27:06.120693
2025-08-07,86927,2025080701002894,GBIME,ABC Securities Private Limited,Kohinoor Investment & Securities Pvt. Ltd.,530,255.5,135415.0,2025-08-07 11:27:26.077584
2025-08-07,86921,2025080701002895,GBIME,Naasa Securities Co. Ltd.,Kohinoor Investment & Securities Pvt. Ltd.,10,255.5,2555.0,2025-08-07 11:27:27.595544
2025-08-07,86885,2025080701002909,GBIME,Kumari Securities Private Limited,Deevyaa Securities & Stock House Pvt. Ltd,200,255.4,51080.0,2025-08-07 11:27:37.955696
2025-08-07,86797,2025080701002937,GBIME,Naasa Securities Co. Ltd.,Asian Securities Private Ltd.,3,255.0,765.0,2025-08-07 11:27:55.727077
2025-08-07,86434,2025080701003054,GBIME,Sanima Securities Limited,Kohinoor Investment & Securities Pvt. Ltd.,460,255.5,117530.0,2025-08-07 11:29:12.072076
2025-08-07,86328,2025080701003084,GBIME,Agrawal Securities (PVT) Ltd.,Sharepro Securities Private Limited,15,256.0,3840.0,2025-08-07 11:29:30.464209
2025-08-07,86261,2025080701003113,GBIME,Sanima Securities Limited,Siprabi Securities Pvt. Ltd.,30,255.5,7665.0,2025-08-07 11:29:43.067097
2025-08-07,85718,2025080701003310,GBIME,Sanima Securities Limited,Deevyaa Securities & Stock House Pvt. Ltd,10,255.5,2555.0,2025-08-07 11:31:08.866998
2025-08-07,85717,2025080701003311,GBIME,Sani Securities Company Ltd.,Deevyaa Securities & Stock House Pvt. Ltd,50,255.5,12775.0,2025-08-07 11:31:08.867256
2025-08-07,85716,2025080701003312,GBIME,Online Securities Pvt. Ltd.,Deevyaa Securities & Stock House Pvt. Ltd,10,255.5,2555.0,2025-08-07 11:31:08.867361
2025-08-07,85715,2025080701003313,GBIME,Kumari Securities Private Limited,Deevyaa Securities & Stock House Pvt. Ltd,30,255.4,7662.0,2025-08-07 11:31:08.867462
2025-08-07,85611,2025080701003331,GBIME,Kumari Securities Private Limited,Nepal Investment And Securities Trading Private Limited,26,255.4,6640.4,2025-08-07 11:31:23.768943
2025-08-07,85554,2025080701003359,GBIME,Kumari Securities Private Limited,Premier Securities Company Ltd.,117,255.4,29881.8,2025-08-07 11:31:28.742277
2025-08-07,85469,2025080701003375,GBIME,Kumari Securities Private Limited,Dakshinkali Investment & Securities Pvt. Ltd.,127,255.4,32435.8,2025-08-07 11:31:40.624008
2025-08-07,85468,2025080701003376,GBIME,Dipshikha Dhitopatra Karobar Co. Pvt Ltd.,Dakshinkali Investment & Securities Pvt. Ltd.,226,255.2,57675.2,2025-08-07 11:31:40.624189
2025-08-07,85467,2025080701003377,GBIME,Dipshikha Dhitopatra Karobar Co. Pvt Ltd.,Dakshinkali Investment & Securities Pvt. Ltd.,200,255.2,51040.0,2025-08-07 11:31:40.624270
2025-08-07,85466,2025080701003378,GBIME,Dipshikha Dhitopatra Karobar Co. Pvt Ltd.,Dakshinkali Investment & Securities Pvt. Ltd.,300,255.2,76560.0,2025-08-07 11:31:40.624348
2025-08-07,85465,2025080701003379,GBIME,Linch Stock Market Ltd.,Dakshinkali Investment & Securities Pvt. Ltd.,147,255.1,37499.7,2025-08-07 11:31:40.624421
2025-08-07,85436,2025080701003388,GBIME,ABC Securities Private Limited,Primo Securities (PVT) Ltd.,1,250.9,250.9,2025-08-07 11:31:46.915169
2025-08-07,85187,2025080701003447,GBIME,Sri Hari Securities Pvt. Ltd.,Oxford Securities Pvt. Ltd.,737,255.2,188082.4,2025-08-07 11:32:34.191198
2025-08-07,84930,2025080701003524,GBIME,Machhapuchchhre Securities Limited,Sharepro Securities Private Limited,10,256.0,2560.0,2025-08-07 11:33:20.323567
2025-08-07,84859,2025080701003549,GBIME,Sri Hari Securities Pvt. Ltd.,Malla & Malla Stock Broking Company Pvt. Limited,2263,255.2,577517.6,2025-08-07 11:33:35.736192
2025-08-07,84858,2025080701003550,GBIME,Kohinoor Investment & Securities Pvt. Ltd.,Malla & Malla Stock Broking Company Pvt. Limited,737,255.2,188082.4,2025-08-07 11:33:35.736359
2025-08-07,84811,2025080701003568,GBIME,Kohinoor Investment & Securities Pvt. Ltd.,Agrawal Securities (PVT) Ltd.,10,255.2,2552.0,2025-08-07 11:33:44.801330
2025-08-07,84716,2025080701003601,GBIME,Dipshikha Dhitopatra Karobar Co. Pvt Ltd.,Linch Stock Market Ltd.,2,252.0,504.0,2025-08-07 11:34:11.702921
2025-08-07,84655,2025080701003612,GBIME,Machhapuchchhre Securities Limited,Sharepro Securities Private Limited,10,256.0,2560.0,2025-08-07 11:34:21.462630
2025-08-07,84084,2025080701003785,GBIME,Neev Securities Pvt. Ltd.,Sharepro Securities Private Limited,50,256.0,12800.0,2025-08-07 11:36:14.150897
2025-08-07,83823,2025080701003843,GBIME,Vision Securities Pvt. Ltd,Sharepro Securities Private Limited,300,256.0,76800.0,2025-08-07 11:37:12.503432
2025-08-07,83782,2025080701003859,GBIME,Dipshikha Dhitopatra Karobar Co. Pvt Ltd.,Nepal Stock House (PVT) Ltd.,2,255.2,510.4,2025-08-07 11:37:22.377478
2025-08-07,83324,2025080701003988,GBIME,Shree Krishna Securities Ltd.,Sharepro Securities Private Limited,15,256.0,3840.0,2025-08-07 11:38:44.835435
2025-08-07,83323,2025080701003989,GBIME,Shree Krishna Securities Ltd.,Kalika Securities Pvt. Ltd.,985,256.0,252160.0,2025-08-07 11:38:44.835820
2025-08-07,83243,2025080701004025,GBIME,Nepal Stock House (PVT) Ltd.,Kalika Securities Pvt. Ltd.,15,256.0,3840.0,2025-08-07 11:38:56.976197
2025-08-07,83242,2025080701004026,GBIME,Nepal Stock House (PVT) Ltd.,Arun Securities (PVT) Ltd.,60,256.0,15360.0,2025-08-07 11:38:56.976381
2025-08-07,83241,2025080701004027,GBIME,Nepal Stock House (PVT) Ltd.,Asian Securities Private Ltd.,30,256.0,7680.0,2025-08-07 11:38:56.976483
2025-08-07,83240,2025080701004028,GBIME,Nepal Stock House (PVT) Ltd.,Dakshinkali Investment & Securities Pvt. Ltd.,600,256.0,153600.0,2025-08-07 11:38:56.976566
2025-08-07,83239,2025080701004029,GBIME,Nepal Stock House (PVT) Ltd.,Kumari Securities Private Limited,2160,256.0,552960.0,2025-08-07 11:38:56.976650
2025-08-07,83238,2025080701004030,GBIME,Nepal Stock House (PVT) Ltd.,Linch Stock Market Ltd.,50,256.0,12800.0,2025-08-07 11:38:56.976733
2025-08-07,82405,2025080701004287,GBIME,Nepal Stock House (PVT) Ltd.,Arun Securities (PVT) Ltd.,85,256.0,21760.0,2025-08-07 11:41:12.313406
2025-08-07,82404,2025080701004288,GBIME,Trishakti Securities Public Limited,Arun Securities (PVT) Ltd.,10,256.0,2560.0,2025-08-07 11:41:12.313821
2025-08-07,82388,2025080701004292,GBIME,Aryatara Investment & Securities,Kohinoor Investment & Securities Pvt. Ltd.,1,255.0,255.0,2025-08-07 11:41:19.844794
2025-08-07,81849,2025080701004490,GBIME,Kalika Securities Pvt. Ltd.,Secured Securities Ltd.,500,256.0,128000.0,2025-08-07 11:42:59.584437
2025-08-07,81760,2025080701004519,GBIME,Aryatara Investment & Securities,Opal Securities Investment (PVT) Ltd.,1,251.0,251.0,2025-08-07 11:43:12.927692
2025-08-07,81695,2025080701004529,GBIME,Sundhara Securities Limited,Imperial Securities Company Pvt. Ltd.,500,256.0,128000.0,2025-08-07 11:43:21.613632
2025-08-07,81670,2025080701004537,GBIME,Sundhara Securities Limited,Midas Stock Broking Company Private Limited,300,256.0,76800.0,2025-08-07 11:43:30.165133
2025-08-07,81532,2025080701004595,GBIME,Trishakti Securities Public Limited,Dipshikha Dhitopatra Karobar Co. Pvt Ltd.,100,256.9,25690.0,2025-08-07 11:43:59.535342
2025-08-07,81531,2025080701004596,GBIME,Trishakti Securities Public Limited,ABC Securities Private Limited,14,256.9,3596.6,2025-08-07 11:43:59.535543
2025-08-07,81530,2025080701004597,GBIME,Trishakti Securities Public Limited,Primo Securities (PVT) Ltd.,186,257.0,47802.0,2025-08-07 11:43:59.535637
2025-08-07,81317,2025080701004691,GBIME,Sundhara Securities Limited,Sani Securities Company Ltd.,400,256.0,102400.0,2025-08-07 11:44:42.134597
2025-08-07,80964,2025080701004813,GBIME,Machhapuchchhre Securities Limited,Primo Securities (PVT) Ltd.,10,257.0,2570.0,2025-08-07 11:45:55.095235
2025-08-07,80821,2025080701004863,GBIME,Machhapuchchhre Securities Limited,Primo Securities (PVT) Ltd.,10,257.0,2570.0,2025-08-07 11:46:10.135169
2025-08-07,80701,2025080701004912,GBIME,ABC Securities Private Limited,Agrawal Securities (PVT) Ltd.,96,256.1,24585.6,2025-08-07 11:46:30.627933
2025-08-07,80450,2025080701005004,GBIME,Machhapuchchhre Securities Limited,Primo Securities (PVT) Ltd.,10,257.0,2570.0,2025-08-07 11:47:12.280092
2025-08-07,80382,2025080701005032,GBIME,ABC Securities Private Limited,Sumeru Securities Pvt. Ltd.,500,256.1,128050.0,2025-08-07 11:47:25.736065
2025-08-07,80070,2025080701005155,GBIME,Aryatara Investment & Securities,Swarna Laxmi Securities Pvt. Ltd.,1,251.0,251.0,2025-08-07 11:48:14.187160
2025-08-07,80054,2025080701005157,GBIME,ABC Securities Private Limited,Vision Securities Pvt. Ltd,387,256.1,99110.7,2025-08-07 11:48:17.280782
2025-08-07,80012,2025080701005162,GBIME,Machhapuchchhre Securities Limited,Secured Securities Ltd.,10,256.9,2569.0,2025-08-07 11:48:21.459898
2025-08-07,79948,2025080701005190,GBIME,Aryatara Investment & Securities,Secured Securities Ltd.,50,256.9,12845.0,2025-08-07 11:48:31.861425
2025-08-07,79536,2025080701005315,GBIME,Naasa Securities Co. Ltd.,Secured Securities Ltd.,25,256.9,6422.5,2025-08-07 11:49:49.330785
2025-08-07,79416,2025080701005361,GBIME,Citizens Share Broker Limited,Secured Securities Ltd.,15,256.9,3853.5,2025-08-07 11:50:10.313419
2025-08-07,79339,2025080701005372,GBIME,Opal Securities Investment (PVT) Ltd.,Secured Securities Ltd.,10,256.9,2569.0,2025-08-07 11:50:22.957981
2025-08-07,79260,2025080701005415,GBIME,ABC Securities Private Limited,Cristal Kanchanjanga Securites Pvt. Ltd.,17,256.1,4353.7,2025-08-07 11:50:39.544118
2025-08-07,79259,2025080701005416,GBIME,Kohinoor Investment & Securities Pvt. Ltd.,Cristal Kanchanjanga Securites Pvt. Ltd.,19,256.1,4865.9,2025-08-07 11:50:39.544390
2025-08-07,79258,2025080701005417,GBIME,Sundhara Securities Limited,Cristal Kanchanjanga Securites Pvt. Ltd.,264,256.0,67584.0,2025-08-07 11:50:39.544508
2025-08-07,79251,2025080701005420,GBIME,ABC Securities Private Limited,Secured Securities Ltd.,190,256.9,48811.0,2025-08-07 11:50:40.492153
2025-08-07,79250,2025080701005421,GBIME,ABC Securities Private Limited,Dynamic Money Managers Securities Pvt. Ltd.,400,256.9,102760.0,2025-08-07 11:50:40.492363
2025-08-07,79249,2025080701005422,GBIME,ABC Securities Private Limited,Primo Securities (PVT) Ltd.,1384,257.0,355688.0,2025-08-07 11:50:40.492461
2025-08-07,79248,2025080701005423,GBIME,ABC Securities Private Limited,Imperial Securities Company Pvt. Ltd.,450,257.0,115650.0,2025-08-07 11:50:40.492555
2025-08-07,79247,2025080701005424,GBIME,ABC Securities Private Limited,ABC Securities Private Limited,62,257.0,15934.0,2025-08-07 11:50:40.492651
2025-08-07,79246,2025080701005425,GBIME,ABC Securities Private Limited,Online Securities Pvt. Ltd.,1000,257.0,257000.0,2025-08-07 11:50:40.492744
2025-08-07,79245,2025080701005426,GBIME,ABC Securities Private Limited,Capital Max Securities Ltd,334,257.0,85838.0,2025-08-07 11:50:40.492837
2025-08-07,79244,2025080701005427,GBIME,ABC Securities Private Limited,Sani Securities Company Ltd.,150,257.0,38550.0,2025-08-07 11:50:40.492928
2025-08-07,79243,2025080701005428,GBIME,ABC Securities Private Limited,Dipshikha Dhitopatra Karobar Co. Pvt Ltd.,60,257.0,15420.0,2025-08-07 11:50:40.493072
2025-08-07,79090,2025080701005471,GBIME,ABC Securities Private Limited,Shree Krishna Securities Ltd.,970,256.1,248417.0,2025-08-07 11:51:03.175414
2025-08-07,79089,2025080701005472,GBIME,Sundhara Securities Limited,Shree Krishna Securities Ltd.,536,256.0,137216.0,2025-08-07 11:51:03.175614
2025-08-07,79088,2025080701005473,GBIME,ABC Securities Private Limited,Shree Krishna Securities Ltd.,1000,256.0,256000.0,2025-08-07 11:51:03.175709
2025-08-07,79087,2025080701005474,GBIME,Vision Securities Pvt. Ltd,Shree Krishna Securities Ltd.,4994,256.0,1278464.0,2025-08-07 11:51:03.175797
2025-08-07,78984,2025080701005512,GBIME,Trishakti Securities Public Limited,Swarna Laxmi Securities Pvt. Ltd.,10,257.5,2575.0,2025-08-07 11:51:17.605844
2025-08-07,78047,2025080701005798,GBIME,Naasa Securities Co. Ltd.,Vision Securities Pvt. Ltd,20,257.0,5140.0,2025-08-07 11:54:19.389892
2025-08-07,76762,2025080701006108,GBIME,Sewa Securities Pvt. Ltd.,Deevyaa Securities & Stock House Pvt. Ltd,18,256.2,4611.6,2025-08-07 11:58:21.774192
2025-08-07,76605,2025080701006138,GBIME,Trishakti Securities Public Limited,Thrive Brokerage House Pvt. Ltd,100,257.0,25700.0,2025-08-07 11:58:52.467005
2025-08-07,76604,2025080701006139,GBIME,Trishakti Securities Public Limited,ABC Securities Private Limited,900,257.0,231300.0,2025-08-07 11:58:52.467072
2025-08-07,76591,2025080701006141,GBIME,Machhapuchchhre Securities Limited,ABC Securities Private Limited,10,257.0,2570.0,2025-08-07 11:58:54.080306
2025-08-07,76408,2025080701006192,GBIME,Sewa Securities Pvt. Ltd.,Dipshikha Dhitopatra Karobar Co. Pvt Ltd.,25,256.2,6405.0,2025-08-07 11:59:33.854672
2025-08-07,76333,2025080701006223,GBIME,Machhapuchchhre Securities Limited,ABC Securities Private Limited,10,257.0,2570.0,2025-08-07 11:59:50.212659
2025-08-07,75939,2025080701006303,GBIME,Naasa Securities Co. Ltd.,ABC Securities Private Limited,10,257.0,2570.0,2025-08-07 12:01:12.590173
2025-08-07,75528,2025080701006386,GBIME,Aryatara Investment & Securities,Cristal Kanchanjanga Securites Pvt. Ltd.,1,251.9,251.9,2025-08-07 12:02:17.354460
2025-08-07,74496,2025080701006555,GBIME,Dynamic Money Managers Securities Pvt. Ltd.,Siprabi Securities Pvt. Ltd.,50,256.7,12835.0,2025-08-07 12:04:50.297927
2025-08-07,74475,2025080701006556,GBIME,Dynamic Money Managers Securities Pvt. Ltd.,Sani Securities Company Ltd.,140,256.7,35938.0,2025-08-07 12:04:51.628949
2025-08-07,74474,2025080701006557,GBIME,Siprabi Securities Pvt. Ltd.,Sani Securities Company Ltd.,14,256.3,3588.2,2025-08-07 12:04:51.629211
2025-08-07,74335,2025080701006580,GBIME,Machhapuchchhre Securities Limited,ABC Securities Private Limited,10,257.0,2570.0,2025-08-07 12:05:06.969923
2025-08-07,73358,2025080701006739,GBIME,Sri Hari Securities Pvt. Ltd.,ABC Securities Private Limited,60,257.0,15420.0,2025-08-07 12:07:16.751148
2025-08-07,73357,2025080701006740,GBIME,Sri Hari Securities Pvt. Ltd.,Online Securities Pvt. Ltd.,441,257.0,113337.0,2025-08-07 12:07:16.751389
2025-08-07,73038,2025080701006800,GBIME,Nepal Stock House (PVT) Ltd.,ABC Securities Private Limited,300,256.5,76950.0,2025-08-07 12:08:07.277280
2025-08-07,73037,2025080701006801,GBIME,ABC Securities Private Limited,ABC Securities Private Limited,700,256.4,179480.0,2025-08-07 12:08:07.277560
2025-08-07,72968,2025080701006816,GBIME,ABC Securities Private Limited,Machhapuchchhre Securities Limited,23,256.4,5897.2,2025-08-07 12:08:18.110547
2025-08-07,72902,2025080701006826,GBIME,Sewa Securities Pvt. Ltd.,Online Securities Pvt. Ltd.,457,257.0,117449.0,2025-08-07 12:08:28.365941
2025-08-07,72740,2025080701006859,GBIME,ABC Securities Private Limited,ABC Securities Private Limited,277,256.4,71022.8,2025-08-07 12:08:53.692751
2025-08-07,72739,2025080701006860,GBIME,Naasa Securities Co. Ltd.,ABC Securities Private Limited,100,256.4,25640.0,2025-08-07 12:08:53.693037
2025-08-07,72738,2025080701006861,GBIME,Siprabi Securities Pvt. Ltd.,ABC Securities Private Limited,106,256.3,27167.8,2025-08-07 12:08:53.693158
2025-08-07,72737,2025080701006862,GBIME,Sani Securities Company Ltd.,ABC Securities Private Limited,25,256.3,6407.5,2025-08-07 12:08:53.693291
2025-08-07,72736,2025080701006863,GBIME,APPLE SECURITIES PRIVATE LIMITED,ABC Securities Private Limited,1037,256.1,265575.7,2025-08-07 12:08:53.693401
2025-08-07,72638,2025080701006880,GBIME,APPLE SECURITIES PRIVATE LIMITED,ABC Securities Private Limited,963,256.1,246624.3,2025-08-07 12:09:08.812722
2025-08-07,72637,2025080701006881,GBIME,Naasa Securities Co. Ltd.,ABC Securities Private Limited,37,256.0,9472.0,2025-08-07 12:09:08.812956
2025-08-07,72412,2025080701006936,GBIME,Naasa Securities Co. Ltd.,Linch Stock Market Ltd.,168,256.0,43008.0,2025-08-07 12:09:45.224719
2025-08-07,71898,2025080701007041,GBIME,Naasa Securities Co. Ltd.,Naasa Securities Co. Ltd.,64,256.0,16384.0,2025-08-07 12:11:25.941940
2025-08-07,71897,2025080701007042,GBIME,Premier Securities Company Ltd.,Naasa Securities Co. Ltd.,33,256.0,8448.0,2025-08-07 12:11:25.942463
2025-08-07,71896,2025080701007043,GBIME,Trishakti Securities Public Limited,Naasa Securities Co. Ltd.,50,256.0,12800.0,2025-08-07 12:11:25.942800
2025-08-07,71895,2025080701007044,GBIME,Vision Securities Pvt. Ltd,Naasa Securities Co. Ltd.,830,256.0,212480.0,2025-08-07 12:11:25.943136
2025-08-07,71814,2025080701007057,GBIME,Nepal Stock House (PVT) Ltd.,Indira securities pvt. ltd,100,256.1,25610.0,2025-08-07 12:11:44.715336
2025-08-07,71509,2025080701007129,GBIME,ABC Securities Private Limited,Online Securities Pvt. Ltd.,15,256.2,3843.0,2025-08-07 12:12:40.502076
2025-08-07,71256,2025080701007199,GBIME,Machhapuchchhre Securities Limited,Agrawal Securities (PVT) Ltd.,10,256.5,2565.0,2025-08-07 12:13:17.881173
2025-08-07,71225,2025080701007206,GBIME,ABC Securities Private Limited,ABC Securities Private Limited,500,256.2,128100.0,2025-08-07 12:13:23.850660
2025-08-07,70847,2025080701007267,GBIME,Trishakti Securities Public Limited,Agrawal Securities (PVT) Ltd.,40,256.5,10260.0,2025-08-07 12:14:14.729397
2025-08-07,70846,2025080701007268,GBIME,Trishakti Securities Public Limited,Online Securities Pvt. Ltd.,102,257.0,26214.0,2025-08-07 12:14:14.729664
2025-08-07,70845,2025080701007269,GBIME,Trishakti Securities Public Limited,Investment Management Nepal Pvt. Ltd.,58,257.0,14906.0,2025-08-07 12:14:14.729791
2025-08-07,70751,2025080701007295,GBIME,Shree Krishna Securities Ltd.,Opal Securities Investment (PVT) Ltd.,403,256.3,103288.9,2025-08-07 12:14:33.633020
2025-08-07,70481,2025080701007361,GBIME,Machhapuchchhre Securities Limited,Investment Management Nepal Pvt. Ltd.,10,257.0,2570.0,2025-08-07 12:15:14.188573
2025-08-07,69708,2025080701007518,GBIME,Sharepro Securities Private Limited,Malla & Malla Stock Broking Company Pvt. Limited,6,252.0,1512.0,2025-08-07 12:17:08.958760
2025-08-07,69607,2025080701007534,GBIME,Sani Securities Company Ltd.,Malla & Malla Stock Broking Company Pvt. Limited,50,256.5,12825.0,2025-08-07 12:17:27.578379
2025-08-07,69606,2025080701007535,GBIME,Nepal Stock House (PVT) Ltd.,Malla & Malla Stock Broking Company Pvt. Limited,124,256.4,31793.6,2025-08-07 12:17:27.578635
2025-08-07,69178,2025080701007615,GBIME,Malla & Malla Stock Broking Company Pvt. Limited,Primo Securities (PVT) Ltd.,20,256.9,5138.0,2025-08-07 12:18:46.965917
2025-08-07,68762,2025080701007716,GBIME,Global IME Securities Limited,Primo Securities (PVT) Ltd.,79,256.9,20295.1,2025-08-07 12:19:49.653414
2025-08-07,68473,2025080701007773,GBIME,Nepal Stock House (PVT) Ltd.,Agrawal Securities (PVT) Ltd.,20,256.4,5128.0,2025-08-07 12:20:41.455306
2025-08-07,68284,2025080701007838,GBIME,Machhapuchchhre Securities Limited,Primo Securities (PVT) Ltd.,10,256.9,2569.0,2025-08-07 12:21:23.066216
2025-08-07,67948,2025080701007917,GBIME,Nepal Stock House (PVT) Ltd.,Siprabi Securities Pvt. Ltd.,56,256.4,14358.4,2025-08-07 12:22:12.297955
2025-08-07,67947,2025080701007918,GBIME,Asian Securities Private Ltd.,Siprabi Securities Pvt. Ltd.,100,256.4,25640.0,2025-08-07 12:22:12.298245
2025-08-07,67946,2025080701007919,GBIME,Shree Krishna Securities Ltd.,Siprabi Securities Pvt. Ltd.,1497,256.3,383681.1,2025-08-07 12:22:12.298370
2025-08-07,67945,2025080701007920,GBIME,ABC Securities Private Limited,Siprabi Securities Pvt. Ltd.,347,256.2,88901.4,2025-08-07 12:22:12.298492
2025-08-07,67521,2025080701008007,GBIME,Machhapuchchhre Securities Limited,Siprabi Securities Pvt. Ltd.,10,256.5,2565.0,2025-08-07 12:23:27.408501
2025-08-07,67008,2025080701008147,GBIME,Sani Securities Company Ltd.,Siprabi Securities Pvt. Ltd.,10,256.6,2566.0,2025-08-07 12:25:11.343619
2025-08-07,66383,2025080701008278,GBIME,Nepal Stock House (PVT) Ltd.,NIMB Stock Markets Limited,27,256.3,6920.1,2025-08-07 12:26:55.205958
2025-08-07,66231,2025080701008322,GBIME,Nepal Stock House (PVT) Ltd.,Vision Securities Pvt. Ltd,218,256.3,55873.4,2025-08-07 12:27:22.282104
2025-08-07,65845,2025080701008404,GBIME,Sani Securities Company Ltd.,Sani Securities Company Ltd.,150,256.5,38475.0,2025-08-07 12:28:24.488107
2025-08-07,65844,2025080701008405,GBIME,Sani Securities Company Ltd.,Siprabi Securities Pvt. Ltd.,30,256.6,7698.0,2025-08-07 12:28:24.488211
2025-08-07,65843,2025080701008406,GBIME,Sani Securities Company Ltd.,Primo Securities (PVT) Ltd.,261,256.9,67050.9,2025-08-07 12:28:24.488240
2025-08-07,65842,2025080701008407,GBIME,Sani Securities Company Ltd.,Sri Hari Securities Pvt. Ltd.,369,256.9,94796.1,2025-08-07 12:28:24.488267
2025-08-07,65796,2025080701008419,GBIME,Sani Securities Company Ltd.,Sri Hari Securities Pvt. Ltd.,131,256.9,33653.9,2025-08-07 12:28:32.560567
2025-08-07,65795,2025080701008420,GBIME,Sani Securities Company Ltd.,Investment Management Nepal Pvt. Ltd.,19,257.0,4883.0,2025-08-07 12:28:32.560672
2025-08-07,65719,2025080701008436,GBIME,Sani Securities Company Ltd.,Investment Management Nepal Pvt. Ltd.,10,257.0,2570.0,2025-08-07 12:28:49.015948
2025-08-07,65291,2025080701008596,GBIME,Nepal Stock House (PVT) Ltd.,Dynamic Money Managers Securities Pvt. Ltd.,300,256.4,76920.0,2025-08-07 12:29:53.882134
2025-08-07,65290,2025080701008597,GBIME,Nepal Stock House (PVT) Ltd.,Dynamic Money Managers Securities Pvt. Ltd.,155,256.3,39726.5,2025-08-07 12:29:53.882409
2025-08-07,65289,2025080701008598,GBIME,Shree Krishna Securities Ltd.,Dynamic Money Managers Securities Pvt. Ltd.,1450,256.3,371635.0,2025-08-07 12:29:53.882543
2025-08-07,65288,2025080701008599,GBIME,ABC Securities Private Limited,Dynamic Money Managers Securities Pvt. Ltd.,138,256.2,35355.6,2025-08-07 12:29:53.882664
2025-08-07,65287,2025080701008600,GBIME,Oxford Securities Pvt. Ltd.,Dynamic Money Managers Securities Pvt. Ltd.,400,256.2,102480.0,2025-08-07 12:29:53.882784
2025-08-07,65286,2025080701008601,GBIME,Nepal Stock House (PVT) Ltd.,Dynamic Money Managers Securities Pvt. Ltd.,300,256.1,76830.0,2025-08-07 12:29:53.882908
2025-08-07,65285,2025080701008602,GBIME,Agrawal Securities (PVT) Ltd.,Dynamic Money Managers Securities Pvt. Ltd.,5000,256.1,1280500.0,2025-08-07 12:29:53.883036
2025-08-07,65284,2025080701008603,GBIME,Vision Securities Pvt. Ltd,Dynamic Money Managers Securities Pvt. Ltd.,3588,256.0,918528.0,2025-08-07 12:29:53.883157
2025-08-07,65042,2025080701008646,GBIME,Vision Securities Pvt. Ltd,Aryatara Investment & Securities,50,256.0,12800.0,2025-08-07 12:30:24.476782
2025-08-07,64957,2025080701008655,GBIME,Himalayan Brokerage Company Limited,Nepal Stock House (PVT) Ltd.,11,256.1,2817.1,2025-08-07 12:30:36.028864
2025-08-07,64953,2025080701008658,GBIME,Himalayan Brokerage Company Limited,Online Securities Pvt. Ltd.,300,256.1,76830.0,2025-08-07 12:30:36.360254
2025-08-07,64731,2025080701008698,GBIME,Machhapuchchhre Securities Limited,Investment Management Nepal Pvt. Ltd.,10,257.0,2570.0,2025-08-07 12:31:14.637936
2025-08-07,64638,2025080701008725,GBIME,Nepal Stock House (PVT) Ltd.,Sewa Securities Pvt. Ltd.,11,256.2,2818.2,2025-08-07 12:31:34.421468
2025-08-07,64540,2025080701008739,GBIME,Machhapuchchhre Securities Limited,Investment Management Nepal Pvt. Ltd.,10,257.0,2570.0,2025-08-07 12:31:52.733373
2025-08-07,64142,2025080701008806,GBIME,Nepal Stock House (PVT) Ltd.,Thrive Brokerage House Pvt. Ltd,389,256.2,99661.8,2025-08-07 12:32:48.223068
2025-08-07,64141,2025080701008807,GBIME,Naasa Securities Co. Ltd.,Thrive Brokerage House Pvt. Ltd,111,256.2,28438.2,2025-08-07 12:32:48.223718
2025-08-07,64063,2025080701008847,GBIME,Naasa Securities Co. Ltd.,Dynamic Money Managers Securities Pvt. Ltd.,44,256.2,11272.8,2025-08-07 12:33:00.659499
2025-08-07,64062,2025080701008848,GBIME,Himalayan Brokerage Company Limited,Dynamic Money Managers Securities Pvt. Ltd.,689,256.1,176452.9,2025-08-07 12:33:00.660084
2025-08-07,64061,2025080701008849,GBIME,Vision Securities Pvt. Ltd,Dynamic Money Managers Securities Pvt. Ltd.,538,256.0,137728.0,2025-08-07 12:33:00.660482
2025-08-07,64060,2025080701008850,GBIME,Siprabi Securities Pvt. Ltd.,Dynamic Money Managers Securities Pvt. Ltd.,1000,256.0,256000.0,2025-08-07 12:33:00.660873
2025-08-07,64059,2025080701008851,GBIME,Vision Securities Pvt. Ltd,Dynamic Money Managers Securities Pvt. Ltd.,4586,256.0,1174016.0,2025-08-07 12:33:00.661294
2025-08-07,64020,2025080701008863,GBIME,Sewa Securities Pvt. Ltd.,Sri Hari Securities Pvt. Ltd.,31,256.9,7963.9,2025-08-07 12:33:06.032060
2025-08-07,63806,2025080701008910,GBIME,Vision Securities Pvt. Ltd,Trishakti Securities Public Limited,414,256.0,105984.0,2025-08-07 12:33:45.797767
2025-08-07,63805,2025080701008911,GBIME,Miyo Securities Pvt Ltd,Trishakti Securities Public Limited,119,256.0,30464.0,2025-08-07 12:33:45.797807
2025-08-07,63804,2025080701008912,GBIME,Naasa Securities Co. Ltd.,Trishakti Securities Public Limited,200,256.0,51200.0,2025-08-07 12:33:45.797837
2025-08-07,63803,2025080701008913,GBIME,ABC Securities Private Limited,Trishakti Securities Public Limited,1000,255.9,255900.0,2025-08-07 12:33:45.797883
2025-08-07,63802,2025080701008914,GBIME,Bhrikuti Stock Broking Co. Pvt. Ltd.,Trishakti Securities Public Limited,200,255.8,51160.0,2025-08-07 12:33:45.797911
2025-08-07,63801,2025080701008915,GBIME,Kohinoor Investment & Securities Pvt. Ltd.,Trishakti Securities Public Limited,503,255.8,128667.4,2025-08-07 12:33:45.797944
2025-08-07,63800,2025080701008916,GBIME,ABC Securities Private Limited,Trishakti Securities Public Limited,1000,255.8,255800.0,2025-08-07 12:33:45.797970
2025-08-07,63799,2025080701008917,GBIME,Kalika Securities Pvt. Ltd.,Trishakti Securities Public Limited,10,255.5,2555.0,2025-08-07 12:33:45.797994
2025-08-07,63798,2025080701008918,GBIME,Vision Securities Pvt. Ltd,Trishakti Securities Public Limited,120,255.5,30660.0,2025-08-07 12:33:45.798019
2025-08-07,63797,2025080701008919,GBIME,ABC Securities Private Limited,Trishakti Securities Public Limited,1764,255.4,450525.6,2025-08-07 12:33:45.798057
2025-08-07,63294,2025080701009017,GBIME,Machhapuchchhre Securities Limited,Sri Hari Securities Pvt. Ltd.,10,256.9,2569.0,2025-08-07 12:35:02.183647
2025-08-07,61606,2025080701009384,GBIME,Nepal Stock House (PVT) Ltd.,Sani Securities Company Ltd.,25,255.5,6387.5,2025-08-07 12:40:24.510664
2025-08-07,61441,2025080701009434,GBIME,Machhapuchchhre Securities Limited,Sri Hari Securities Pvt. Ltd.,10,256.9,2569.0,2025-08-07 12:40:56.071739
2025-08-07,60098,2025080701009740,GBIME,Opal Securities Investment (PVT) Ltd.,Sundhara Securities Limited,10,256.8,2568.0,2025-08-07 12:45:52.689103
2025-08-07,59149,2025080701010004,GBIME,Naasa Securities Co. Ltd.,Agrawal Securities (PVT) Ltd.,21,256.6,5388.6,2025-08-07 12:49:14.370082
2025-08-07,58990,2025080701010066,GBIME,Sharepro Securities Private Limited,ABC Securities Private Limited,100,255.6,25560.0,2025-08-07 12:49:49.623777
2025-08-07,58899,2025080701010082,GBIME,Nepal Stock House (PVT) Ltd.,Dipshikha Dhitopatra Karobar Co. Pvt Ltd.,31,255.5,7920.5,2025-08-07 12:50:05.808225
2025-08-07,58690,2025080701010129,GBIME,ABC Securities Private Limited,Primo Securities (PVT) Ltd.,1,250.9,250.9,2025-08-07 12:50:48.794838
2025-08-07,58621,2025080701010150,GBIME,Oxford Securities Pvt. Ltd.,ABC Securities Private Limited,900,255.6,230040.0,2025-08-07 12:51:06.526810
2025-08-07,57905,2025080701010309,GBIME,Oxford Securities Pvt. Ltd.,Aryatara Investment & Securities,100,255.6,25560.0,2025-08-07 12:53:42.686326
2025-08-07,57904,2025080701010310,GBIME,Nepal Stock House (PVT) Ltd.,Aryatara Investment & Securities,244,255.5,62342.0,2025-08-07 12:53:42.686945
2025-08-07,57903,2025080701010311,GBIME,ABC Securities Private Limited,Aryatara Investment & Securities,236,255.4,60274.4,2025-08-07 12:53:42.687383
2025-08-07,57902,2025080701010312,GBIME,Aryatara Investment & Securities,Aryatara Investment & Securities,22,255.3,5616.6,2025-08-07 12:53:42.687793
2025-08-07,57874,2025080701010320,GBIME,Machhapuchchhre Securities Limited,Sundhara Securities Limited,10,256.5,2565.0,2025-08-07 12:53:51.979403
2025-08-07,57765,2025080701010346,GBIME,Aryatara Investment & Securities,Imperial Securities Company Pvt. Ltd.,478,255.3,122033.4,2025-08-07 12:54:15.645387
2025-08-07,57764,2025080701010347,GBIME,Dakshinkali Investment & Securities Pvt. Ltd.,Imperial Securities Company Pvt. Ltd.,500,255.2,127600.0,2025-08-07 12:54:15.645694
2025-08-07,57763,2025080701010348,GBIME,ABC Securities Private Limited,Imperial Securities Company Pvt. Ltd.,1022,255.2,260814.4,2025-08-07 12:54:15.645834
2025-08-07,57372,2025080701010427,GBIME,Machhapuchchhre Securities Limited,ABC Securities Private Limited,10,256.0,2560.0,2025-08-07 12:55:43.252955
2025-08-07,57368,2025080701010429,GBIME,ABC Securities Private Limited,Naasa Securities Co. Ltd.,100,255.2,25520.0,2025-08-07 12:55:44.906055
2025-08-07,57320,2025080701010432,GBIME,Machhapuchchhre Securities Limited,ABC Securities Private Limited,10,256.0,2560.0,2025-08-07 12:55:56.288533
2025-08-07,57309,2025080701010437,GBIME,Himalayan Brokerage Company Limited,ABC Securities Private Limited,500,256.0,128000.0,2025-08-07 12:56:03.051558
2025-08-07,57085,2025080701010495,GBIME,Naasa Securities Co. Ltd.,ABC Securities Private Limited,45,256.0,11520.0,2025-08-07 12:56:50.112290
2025-08-07,56916,2025080701010537,GBIME,Dynamic Money Managers Securities Pvt. Ltd.,ABC Securities Private Limited,435,256.0,111360.0,2025-08-07 12:57:40.263321
2025-08-07,56735,2025080701010594,GBIME,Sani Securities Company Ltd.,Primo Securities (PVT) Ltd.,491,255.9,125646.9,2025-08-07 12:58:27.154158
2025-08-07,56700,2025080701010601,GBIME,ABC Securities Private Limited,Primo Securities (PVT) Ltd.,20,255.2,5104.0,2025-08-07 12:58:35.251700
2025-08-07,56398,2025080701010655,GBIME,Oxford Securities Pvt. Ltd.,Dipshikha Dhitopatra Karobar Co. Pvt Ltd.,20,255.3,5106.0,2025-08-07 12:59:52.846800
2025-08-07,56324,2025080701010681,GBIME,Sweta Securities Private Limited,Sundhara Securities Limited,80,256.5,20520.0,2025-08-07 13:00:08.466322
2025-08-07,56323,2025080701010682,GBIME,Sweta Securities Private Limited,Agrawal Securities (PVT) Ltd.,37,256.6,9494.2,2025-08-07 13:00:08.466954
2025-08-07,56322,2025080701010683,GBIME,Sweta Securities Private Limited,Linch Stock Market Ltd.,10,256.6,2566.0,2025-08-07 13:00:08.467404
2025-08-07,56321,2025080701010684,GBIME,Sweta Securities Private Limited,Sri Hari Securities Pvt. Ltd.,13,256.6,3335.8,2025-08-07 13:00:08.467826
2025-08-07,56107,2025080701010738,GBIME,Oxford Securities Pvt. Ltd.,ABC Securities Private Limited,23,255.3,5871.9,2025-08-07 13:00:46.980754
2025-08-07,55892,2025080701010791,GBIME,Oxford Securities Pvt. Ltd.,South Asian Bulls Pvt. Ltd.,72,255.3,18381.6,2025-08-07 13:01:32.054195
2025-08-07,55891,2025080701010792,GBIME,Nepal Stock House (PVT) Ltd.,South Asian Bulls Pvt. Ltd.,175,255.3,44677.5,2025-08-07 13:01:32.054531
2025-08-07,55873,2025080701010803,GBIME,Machhapuchchhre Securities Limited,Opal Securities Investment (PVT) Ltd.,10,256.5,2565.0,2025-08-07 13:01:36.514313
2025-08-07,55400,2025080701010884,GBIME,Nepal Investment And Securities Trading Private Limited,Naasa Securities Co. Ltd.,25,256.0,6400.0,2025-08-07 13:03:02.063301
2025-08-07,55034,2025080701010928,GBIME,Sharepro Securities Private Limited,Sharepro Securities Private Limited,11,255.4,2809.4,2025-08-07 13:04:20.283114
2025-08-07,54974,2025080701010935,GBIME,Sharepro Securities Private Limited,Primo Securities (PVT) Ltd.,10,255.4,2554.0,2025-08-07 13:04:33.994513
2025-08-07,54912,2025080701010941,GBIME,Sharepro Securities Private Limited,SUN SECURITIES PVT LTD,79,255.4,20176.6,2025-08-07 13:04:45.477549
2025-08-07,54911,2025080701010942,GBIME,Nepal Stock House (PVT) Ltd.,SUN SECURITIES PVT LTD,325,255.3,82972.5,2025-08-07 13:04:45.477902
2025-08-07,54910,2025080701010943,GBIME,Linch Stock Market Ltd.,SUN SECURITIES PVT LTD,96,255.3,24508.8,2025-08-07 13:04:45.478062
2025-08-07,54668,2025080701010992,GBIME,Creative Securities Pvt Ltd,Online Securities Pvt. Ltd.,15,255.5,3832.5,2025-08-07 13:05:50.116247
2025-08-07,54428,2025080701011032,GBIME,Sani Securities Company Ltd.,Naasa Securities Co. Ltd.,20,256.0,5120.0,2025-08-07 13:06:59.173724
2025-08-07,54171,2025080701011109,GBIME,Opal Securities Investment (PVT) Ltd.,Naasa Securities Co. Ltd.,45,256.0,11520.0,2025-08-07 13:07:55.512678
2025-08-07,54170,2025080701011110,GBIME,Opal Securities Investment (PVT) Ltd.,Agrawal Securities (PVT) Ltd.,55,256.0,14080.0,2025-08-07 13:07:55.513367
2025-08-07,54151,2025080701011117,GBIME,Sani Securities Company Ltd.,Agrawal Securities (PVT) Ltd.,62,256.0,15872.0,2025-08-07 13:08:01.179847
2025-08-07,54150,2025080701011118,GBIME,Sani Securities Company Ltd.,Naasa Securities Co. Ltd.,200,256.0,51200.0,2025-08-07 13:08:01.180190
2025-08-07,54149,2025080701011119,GBIME,Sani Securities Company Ltd.,Online Securities Pvt. Ltd.,238,256.0,60928.0,2025-08-07 13:08:01.180344
2025-08-07,54039,2025080701011152,GBIME,Creative Securities Pvt Ltd,Machhapuchchhre Securities Limited,15,255.5,3832.5,2025-08-07 13:08:22.145372
2025-08-07,53983,2025080701011163,GBIME,Sewa Securities Pvt. Ltd.,Machhapuchchhre Securities Limited,20,255.5,5110.0,2025-08-07 13:08:31.280993
2025-08-07,53900,2025080701011176,GBIME,Agrawal Securities (PVT) Ltd.,Machhapuchchhre Securities Limited,95,255.5,24272.5,2025-08-07 13:08:45.121823
2025-08-07,53694,2025080701011223,GBIME,Linch Stock Market Ltd.,Online Securities Pvt. Ltd.,42,256.0,10752.0,2025-08-07 13:09:31.322649
2025-08-07,53498,2025080701011252,GBIME,Kohinoor Investment & Securities Pvt. Ltd.,Secured Securities Ltd.,10,255.5,2555.0,2025-08-07 13:10:05.519452
2025-08-07,53186,2025080701011348,GBIME,Agrawal Securities (PVT) Ltd.,Online Securities Pvt. Ltd.,35,256.0,8960.0,2025-08-07 13:11:00.360475
2025-08-07,53159,2025080701011352,GBIME,Linch Stock Market Ltd.,SUN SECURITIES PVT LTD,24,255.3,6127.2,2025-08-07 13:11:04.114763
2025-08-07,52836,2025080701011433,GBIME,Machhapuchchhre Securities Limited,Online Securities Pvt. Ltd.,10,256.0,2560.0,2025-08-07 13:11:57.674325
2025-08-07,51939,2025080701011624,GBIME,Midas Stock Broking Company Private Limited,Investment Management Nepal Pvt. Ltd.,200,255.9,51180.0,2025-08-07 13:14:57.725120
2025-08-07,51248,2025080701011778,GBIME,Linch Stock Market Ltd.,SUN SECURITIES PVT LTD,30,255.3,7659.0,2025-08-07 13:16:54.136828
2025-08-07,51247,2025080701011779,GBIME,Nepal Stock House (PVT) Ltd.,SUN SECURITIES PVT LTD,228,255.3,58208.4,2025-08-07 13:16:54.137493
2025-08-07,50886,2025080701011866,GBIME,Nepal Stock House (PVT) Ltd.,Dynamic Money Managers Securities Pvt. Ltd.,10,255.3,2553.0,2025-08-07 13:18:04.988263
2025-08-07,50828,2025080701011876,GBIME,Naasa Securities Co. Ltd.,Midas Stock Broking Company Private Limited,4,250.9,1003.6,2025-08-07 13:18:20.669013
2025-08-07,50773,2025080701011885,GBIME,Machhapuchchhre Securities Limited,Investment Management Nepal Pvt. Ltd.,10,255.9,2559.0,2025-08-07 13:18:31.601467
2025-08-07,50318,2025080701011962,GBIME,Nepal Stock House (PVT) Ltd.,Sipla Securities Private Limited,70,255.3,17871.0,2025-08-07 13:19:59.019925
2025-08-07,49908,2025080701012027,GBIME,Naasa Securities Co. Ltd.,Trishakti Securities Public Limited,3,251.0,753.0,2025-08-07 13:21:11.051928
2025-08-07,49626,2025080701012071,GBIME,Nepal Stock House (PVT) Ltd.,Opal Securities Investment (PVT) Ltd.,300,255.4,76620.0,2025-08-07 13:21:58.270955
2025-08-07,49607,2025080701012074,GBIME,Nepal Stock House (PVT) Ltd.,Trishakti Securities Public Limited,32,255.3,8169.6,2025-08-07 13:22:02.635360
2025-08-07,49537,2025080701012086,GBIME,Nepal Stock House (PVT) Ltd.,Opal Securities Investment (PVT) Ltd.,200,255.4,51080.0,2025-08-07 13:22:20.322471
2025-08-07,49391,2025080701012105,GBIME,Nepal Stock House (PVT) Ltd.,Aryatara Investment & Securities,67,255.4,17111.8,2025-08-07 13:22:45.487886
2025-08-07,49289,2025080701012123,GBIME,INDEX SECURITIES LIMITED,Thrive Brokerage House Pvt. Ltd,100,255.5,25550.0,2025-08-07 13:23:04.438106
2025-08-07,49288,2025080701012124,GBIME,INDEX SECURITIES LIMITED,Sri Hari Securities Pvt. Ltd.,100,255.5,25550.0,2025-08-07 13:23:04.438900
2025-08-07,49262,2025080701012128,GBIME,Naasa Securities Co. Ltd.,Sri Hari Securities Pvt. Ltd.,200,255.5,51100.0,2025-08-07 13:23:10.431245
2025-08-07,49244,2025080701012132,GBIME,Nepal Stock House (PVT) Ltd.,Dipshikha Dhitopatra Karobar Co. Pvt Ltd.,150,255.4,38310.0,2025-08-07 13:23:14.574986
2025-08-07,49220,2025080701012139,GBIME,Nepal Stock House (PVT) Ltd.,Sri Hari Securities Pvt. Ltd.,200,255.5,51100.0,2025-08-07 13:23:19.038803
2025-08-07,49219,2025080701012140,GBIME,Nepal Stock House (PVT) Ltd.,Dynamic Money Managers Securities Pvt. Ltd.,500,255.5,127750.0,2025-08-07 13:23:19.039510
2025-08-07,49218,2025080701012141,GBIME,Nepal Stock House (PVT) Ltd.,Investment Management Nepal Pvt. Ltd.,290,255.9,74211.0,2025-08-07 13:23:19.039985
2025-08-07,49217,2025080701012142,GBIME,Nepal Stock House (PVT) Ltd.,Online Securities Pvt. Ltd.,675,256.0,172800.0,2025-08-07 13:23:19.040458
2025-08-07,49216,2025080701012143,GBIME,Nepal Stock House (PVT) Ltd.,Sri Hari Securities Pvt. Ltd.,1987,256.0,508672.0,2025-08-07 13:23:19.040916
2025-08-07,49215,2025080701012144,GBIME,Nepal Stock House (PVT) Ltd.,Aryatara Investment & Securities,102,256.0,26112.0,2025-08-07 13:23:19.041360
2025-08-07,49214,2025080701012145,GBIME,Nepal Stock House (PVT) Ltd.,Midas Stock Broking Company Private Limited,101,256.0,25856.0,2025-08-07 13:23:19.041832
2025-08-07,49213,2025080701012146,GBIME,Nepal Stock House (PVT) Ltd.,Cristal Kanchanjanga Securites Pvt. Ltd.,127,256.0,32512.0,2025-08-07 13:23:19.042308
2025-08-07,49212,2025080701012147,GBIME,Nepal Stock House (PVT) Ltd.,Nepal Investment And Securities Trading Private Limited,18,256.0,4608.0,2025-08-07 13:23:19.042756
2025-08-07,48320,2025080701012317,GBIME,Imperial Securities Company Pvt. Ltd.,Nepal Investment And Securities Trading Private Limited,40,256.0,10240.0,2025-08-07 13:26:08.812265
2025-08-07,47039,2025080701012582,GBIME,Siprabi Securities Pvt. Ltd.,Nepal Investment And Securities Trading Private Limited,15,256.0,3840.0,2025-08-07 13:30:00.565132
2025-08-07,45947,2025080701012771,GBIME,Sani Securities Company Ltd.,Nepal Investment And Securities Trading Private Limited,10,256.0,2560.0,2025-08-07 13:33:24.473899
2025-08-07,45840,2025080701012796,GBIME,Linch Stock Market Ltd.,Sri Hari Securities Pvt. Ltd.,1370,255.7,350309.0,2025-08-07 13:33:47.867796
2025-08-07,45064,2025080701013000,GBIME,Aryatara Investment & Securities,Sri Hari Securities Pvt. Ltd.,400,255.6,102240.0,2025-08-07 13:36:10.576259
2025-08-07,45063,2025080701013001,GBIME,Kumari Securities Private Limited,Sri Hari Securities Pvt. Ltd.,15,255.6,3834.0,2025-08-07 13:36:10.576622
2025-08-07,44792,2025080701013046,GBIME,Creative Securities Pvt Ltd,Sri Hari Securities Pvt. Ltd.,100,255.5,25550.0,2025-08-07 13:36:57.942917
2025-08-07,44657,2025080701013072,GBIME,ABC Securities Private Limited,Sri Hari Securities Pvt. Ltd.,30,255.5,7665.0,2025-08-07 13:37:20.757820
2025-08-07,44656,2025080701013073,GBIME,ABC Securities Private Limited,Secured Securities Ltd.,10,255.5,2555.0,2025-08-07 13:37:20.758538
2025-08-07,44492,2025080701013090,GBIME,Nepal Stock House (PVT) Ltd.,Premier Securities Company Ltd.,83,255.4,21198.2,2025-08-07 13:38:01.693746
2025-08-07,44491,2025080701013091,GBIME,Nepal Stock House (PVT) Ltd.,Premier Securities Company Ltd.,17,255.4,4341.8,2025-08-07 13:38:01.694110
2025-08-07,44110,2025080701013208,GBIME,Sundhara Securities Limited,Secured Securities Ltd.,110,255.5,28105.0,2025-08-07 13:39:13.882584
2025-08-07,44109,2025080701013209,GBIME,Sundhara Securities Limited,Thrive Brokerage House Pvt. Ltd,500,255.6,127800.0,2025-08-07 13:39:13.882934
2025-08-07,44108,2025080701013210,GBIME,Sundhara Securities Limited,Nepal Investment And Securities Trading Private Limited,441,256.0,112896.0,2025-08-07 13:39:13.883107
2025-08-07,44107,2025080701013211,GBIME,Sundhara Securities Limited,Nepal Stock House (PVT) Ltd.,50,256.0,12800.0,2025-08-07 13:39:13.883268
2025-08-07,44106,2025080701013212,GBIME,Sundhara Securities Limited,K.B.L. Securities Limited ,55,256.0,14080.0,2025-08-07 13:39:13.883471
2025-08-07,44105,2025080701013213,GBIME,Sundhara Securities Limited,Dynamic Money Managers Securities Pvt. Ltd.,100,256.0,25600.0,2025-08-07 13:39:13.883640
2025-08-07,44104,2025080701013214,GBIME,Sundhara Securities Limited,Nabil Stock Dealer Ltd.,11,256.0,2816.0,2025-08-07 13:39:13.883800
2025-08-07,44103,2025080701013215,GBIME,Sundhara Securities Limited,Thrive Brokerage House Pvt. Ltd,100,256.0,25600.0,2025-08-07 13:39:13.883959
2025-08-07,44102,2025080701013216,GBIME,Sundhara Securities Limited,Kohinoor Investment & Securities Pvt. Ltd.,200,256.0,51200.0,2025-08-07 13:39:13.884151
2025-08-07,44101,2025080701013217,GBIME,Sundhara Securities Limited,Online Securities Pvt. Ltd.,933,256.0,238848.0,2025-08-07 13:39:13.884339
2025-08-07,43906,2025080701013250,GBIME,Trishakti Securities Public Limited,Naasa Securities Co. Ltd.,8,250.9,2007.2,2025-08-07 13:39:55.780225
2025-08-07,43461,2025080701013330,GBIME,Sani Securities Company Ltd.,Dipshikha Dhitopatra Karobar Co. Pvt Ltd.,72,255.5,18396.0,2025-08-07 13:41:32.999399
2025-08-07,42929,2025080701013438,GBIME,Sani Securities Company Ltd.,Dipshikha Dhitopatra Karobar Co. Pvt Ltd.,10,255.5,2555.0,2025-08-07 13:43:05.136040
2025-08-07,42163,2025080701013578,GBIME,Sani Securities Company Ltd.,Premier Securities Company Ltd.,100,255.5,25550.0,2025-08-07 13:45:10.342292
2025-08-07,42081,2025080701013588,GBIME,Machhapuchchhre Securities Limited,Online Securities Pvt. Ltd.,10,256.0,2560.0,2025-08-07 13:45:22.744598
2025-08-07,41553,2025080701013719,GBIME,Global IME Securities Limited,Online Securities Pvt. Ltd.,18,256.0,4608.0,2025-08-07 13:47:04.760490
2025-08-07,41534,2025080701013727,GBIME,Imperial Securities Company Pvt. Ltd.,Online Securities Pvt. Ltd.,39,256.0,9984.0,2025-08-07 13:47:12.679541
2025-08-07,41533,2025080701013728,GBIME,Imperial Securities Company Pvt. Ltd.,Sani Securities Company Ltd.,35,256.0,8960.0,2025-08-07 13:47:12.679884
2025-08-07,41532,2025080701013729,GBIME,Imperial Securities Company Pvt. Ltd.,Aryatara Investment & Securities,25,256.0,6400.0,2025-08-07 13:47:12.680058
2025-08-07,41439,2025080701013739,GBIME,Midas Stock Broking Company Private Limited,Aryatara Investment & Securities,175,256.0,44800.0,2025-08-07 13:47:26.814051
2025-08-07,41438,2025080701013740,GBIME,Midas Stock Broking Company Private Limited,Thrive Brokerage House Pvt. Ltd,100,256.0,25600.0,2025-08-07 13:47:26.814787
2025-08-07,41437,2025080701013741,GBIME,Midas Stock Broking Company Private Limited,Nepal Stock House (PVT) Ltd.,1000,256.0,256000.0,2025-08-07 13:47:26.815294
2025-08-07,41436,2025080701013742,GBIME,Midas Stock Broking Company Private Limited,Bhrikuti Stock Broking Co. Pvt. Ltd.,300,256.0,76800.0,2025-08-07 13:47:26.815784
2025-08-07,41435,2025080701013743,GBIME,Midas Stock Broking Company Private Limited,Online Securities Pvt. Ltd.,40,256.0,10240.0,2025-08-07 13:47:26.816286
2025-08-07,41434,2025080701013744,GBIME,Midas Stock Broking Company Private Limited,Sani Securities Company Ltd.,12,256.1,3073.2,2025-08-07 13:47:26.816772
2025-08-07,41433,2025080701013745,GBIME,Midas Stock Broking Company Private Limited,Thrive Brokerage House Pvt. Ltd,373,256.4,95637.2,2025-08-07 13:47:26.817275
2025-08-07,41036,2025080701013808,GBIME,Vision Securities Pvt. Ltd,Online Securities Pvt. Ltd.,10,256.0,2560.0,2025-08-07 13:48:48.104740
2025-08-07,41029,2025080701013809,GBIME,Vision Securities Pvt. Ltd,Sundhara Securities Limited,212,256.0,54272.0,2025-08-07 13:48:48.823532
2025-08-07,40924,2025080701013833,GBIME,Vision Securities Pvt. Ltd,Pragyan Securities (PVT) Ltd.,38,256.0,9728.0,2025-08-07 13:49:08.701249
2025-08-07,40616,2025080701013923,GBIME,Machhapuchchhre Securities Limited,Thrive Brokerage House Pvt. Ltd,10,256.4,2564.0,2025-08-07 13:50:11.487523
2025-08-07,39599,2025080701014081,GBIME,Sharepro Securities Private Limited,Oxford Securities Pvt. Ltd.,30,256.2,7686.0,2025-08-07 13:52:42.359349
2025-08-07,39499,2025080701014110,GBIME,Nepal Stock House (PVT) Ltd.,Thrive Brokerage House Pvt. Ltd,117,256.4,29998.8,2025-08-07 13:53:01.451306
2025-08-07,39498,2025080701014111,GBIME,Nepal Stock House (PVT) Ltd.,Opal Securities Investment (PVT) Ltd.,259,256.6,66459.4,2025-08-07 13:53:01.451721
2025-08-07,39497,2025080701014112,GBIME,Nepal Stock House (PVT) Ltd.,ABC Securities Private Limited,1000,256.6,256600.0,2025-08-07 13:53:01.452019
2025-08-07,39496,2025080701014113,GBIME,Nepal Stock House (PVT) Ltd.,Thrive Brokerage House Pvt. Ltd,500,256.7,128350.0,2025-08-07 13:53:01.452225
2025-08-07,39495,2025080701014114,GBIME,Nepal Stock House (PVT) Ltd.,Sri Hari Securities Pvt. Ltd.,1000,256.7,256700.0,2025-08-07 13:53:01.452441
2025-08-07,39494,2025080701014115,GBIME,Nepal Stock House (PVT) Ltd.,Nepal Stock House (PVT) Ltd.,300,256.7,77010.0,2025-08-07 13:53:01.452636
2025-08-07,39493,2025080701014116,GBIME,Nepal Stock House (PVT) Ltd.,Shree Krishna Securities Ltd.,4824,256.8,1238803.2,2025-08-07 13:53:01.452807
2025-08-07,38817,2025080701014213,GBIME,Thrive Brokerage House Pvt. Ltd,Bhrikuti Stock Broking Co. Pvt. Ltd.,500,256.3,128150.0,2025-08-07 13:54:45.293565
2025-08-07,38662,2025080701014238,GBIME,Vision Securities Pvt. Ltd,Shree Krishna Securities Ltd.,176,256.8,45196.8,2025-08-07 13:55:11.709215
2025-08-07,38661,2025080701014239,GBIME,Vision Securities Pvt. Ltd,ABC Securities Private Limited,258,256.9,66280.2,2025-08-07 13:55:11.709577
2025-08-07,38660,2025080701014240,GBIME,Vision Securities Pvt. Ltd,Naasa Securities Co. Ltd.,350,256.9,89915.0,2025-08-07 13:55:11.709748
2025-08-07,38659,2025080701014241,GBIME,Vision Securities Pvt. Ltd,Shree Krishna Securities Ltd.,176,256.9,45214.4,2025-08-07 13:55:11.709915
2025-08-07,38350,2025080701014293,GBIME,Thrive Brokerage House Pvt. Ltd,Pragyan Securities (PVT) Ltd.,10,256.3,2563.0,2025-08-07 13:55:53.591037
2025-08-07,37997,2025080701014340,GBIME,Thrive Brokerage House Pvt. Ltd,Neev Securities Pvt. Ltd.,30,256.3,7689.0,2025-08-07 13:56:34.612145
2025-08-07,37825,2025080701014391,GBIME,Thrive Brokerage House Pvt. Ltd,Online Securities Pvt. Ltd.,20,256.3,5126.0,2025-08-07 13:56:59.426495
2025-08-07,37616,2025080701014451,GBIME,Thrive Brokerage House Pvt. Ltd,Miyo Securities Pvt Ltd,440,256.3,112772.0,2025-08-07 13:57:23.679017
2025-08-07,37615,2025080701014452,GBIME,Sharepro Securities Private Limited,Miyo Securities Pvt Ltd,1362,256.2,348944.4,2025-08-07 13:57:23.679775
2025-08-07,37586,2025080701014463,GBIME,Siprabi Securities Pvt. Ltd.,Nepal Investment And Securities Trading Private Limited,19,256.5,4873.5,2025-08-07 13:57:29.076207
2025-08-07,37585,2025080701014464,GBIME,Siprabi Securities Pvt. Ltd.,Shree Krishna Securities Ltd.,31,256.9,7963.9,2025-08-07 13:57:29.076564
2025-08-07,37392,2025080701014492,GBIME,Vision Securities Pvt. Ltd,Shree Krishna Securities Ltd.,15,256.9,3853.5,2025-08-07 13:58:02.164589
2025-08-07,37356,2025080701014502,GBIME,Opal Securities Investment (PVT) Ltd.,N.M.B. SECURITIES LIMITED,60,256.5,15390.0,2025-08-07 13:58:11.713988
2025-08-07,37260,2025080701014513,GBIME,Imperial Securities Company Pvt. Ltd.,Shree Krishna Securities Ltd.,10,256.9,2569.0,2025-08-07 13:58:23.942140
2025-08-07,36814,2025080701014585,GBIME,Opal Securities Investment (PVT) Ltd.,N.M.B. SECURITIES LIMITED,42,256.5,10773.0,2025-08-07 13:59:19.920211
2025-08-07,36813,2025080701014586,GBIME,Bhrikuti Stock Broking Co. Pvt. Ltd.,N.M.B. SECURITIES LIMITED,50,256.5,12825.0,2025-08-07 13:59:19.920307
2025-08-07,36812,2025080701014587,GBIME,Imperial Securities Company Pvt. Ltd.,N.M.B. SECURITIES LIMITED,500,256.5,128250.0,2025-08-07 13:59:19.920385
2025-08-07,36811,2025080701014588,GBIME,Sharepro Securities Private Limited,N.M.B. SECURITIES LIMITED,631,256.2,161662.2,2025-08-07 13:59:19.920450
2025-08-07,36137,2025080701014696,GBIME,Aryatara Investment & Securities,Shree Krishna Securities Ltd.,108,256.9,27745.2,2025-08-07 14:01:08.937879
2025-08-07,36136,2025080701014697,GBIME,Aryatara Investment & Securities,Sri Hari Securities Pvt. Ltd.,142,256.9,36479.8,2025-08-07 14:01:08.938277
2025-08-07,35767,2025080701014767,GBIME,Kohinoor Investment & Securities Pvt. Ltd.,Sewa Securities Pvt. Ltd.,40,256.3,10252.0,2025-08-07 14:02:07.362954
2025-08-07,35277,2025080701014859,GBIME,Machhapuchchhre Securities Limited,Sri Hari Securities Pvt. Ltd.,10,256.9,2569.0,2025-08-07 14:03:17.451080
2025-08-07,34308,2025080701015087,GBIME,Sumeru Securities Pvt. Ltd.,Property Wiard Limited,100,256.7,25670.0,2025-08-07 14:05:17.932193
2025-08-07,34307,2025080701015088,GBIME,Sumeru Securities Pvt. Ltd.,Malla & Malla Stock Broking Company Pvt. Limited,69,256.8,17719.2,2025-08-07 14:05:17.932968
2025-08-07,34306,2025080701015089,GBIME,Sumeru Securities Pvt. Ltd.,Thrive Brokerage House Pvt. Ltd,331,256.8,85000.8,2025-08-07 14:05:17.933514
2025-08-07,34000,2025080701015142,GBIME,Kohinoor Investment & Securities Pvt. Ltd.,Aryatara Investment & Securities,60,256.3,15378.0,2025-08-07 14:05:57.314124
2025-08-07,33999,2025080701015143,GBIME,Aryatara Investment & Securities,Aryatara Investment & Securities,87,256.3,22298.1,2025-08-07 14:05:57.314482
2025-08-07,33715,2025080701015204,GBIME,Machhapuchchhre Securities Limited,Thrive Brokerage House Pvt. Ltd,10,256.8,2568.0,2025-08-07 14:06:31.868274
2025-08-07,33679,2025080701015208,GBIME,Aryatara Investment & Securities,Dynamic Money Managers Securities Pvt. Ltd.,38,256.3,9739.4,2025-08-07 14:06:38.267409
2025-08-07,33678,2025080701015209,GBIME,Dipshikha Dhitopatra Karobar Co. Pvt Ltd.,Dynamic Money Managers Securities Pvt. Ltd.,40,256.3,10252.0,2025-08-07 14:06:38.267854
2025-08-07,33677,2025080701015210,GBIME,Sharepro Securities Private Limited,Dynamic Money Managers Securities Pvt. Ltd.,1977,256.2,506507.4,2025-08-07 14:06:38.268047
2025-08-07,33467,2025080701015252,GBIME,Shree Krishna Securities Ltd.,Malla & Malla Stock Broking Company Pvt. Limited,682,256.1,174660.2,2025-08-07 14:07:06.948007
2025-08-07,32702,2025080701015401,GBIME,Shree Krishna Securities Ltd.,Vision Securities Pvt. Ltd,188,256.1,48146.8,2025-08-07 14:08:52.216869
2025-08-07,32701,2025080701015402,GBIME,Online Securities Pvt. Ltd.,Vision Securities Pvt. Ltd,12,256.0,3072.0,2025-08-07 14:08:52.216971
2025-08-07,31774,2025080701015596,GBIME,Online Securities Pvt. Ltd.,Thrive Brokerage House Pvt. Ltd,13,256.0,3328.0,2025-08-07 14:10:51.168817
2025-08-07,31773,2025080701015597,GBIME,Malla & Malla Stock Broking Company Pvt. Limited,Thrive Brokerage House Pvt. Ltd,100,256.0,25600.0,2025-08-07 14:10:51.169631
2025-08-07,31772,2025080701015598,GBIME,Sewa Securities Pvt. Ltd.,Thrive Brokerage House Pvt. Ltd,181,256.0,46336.0,2025-08-07 14:10:51.170156
2025-08-07,31711,2025080701015612,GBIME,Sani Securities Company Ltd.,Dynamic Money Managers Securities Pvt. Ltd.,200,256.2,51240.0,2025-08-07 14:11:01.089127
2025-08-07,31410,2025080701015690,GBIME,Premier Securities Company Ltd.,Imperial Securities Company Pvt. Ltd.,20,256.0,5120.0,2025-08-07 14:11:46.267836
2025-08-07,31401,2025080701015693,GBIME,Premier Securities Company Ltd.,ABC Securities Private Limited,800,256.0,204800.0,2025-08-07 14:11:47.409338
2025-08-07,31305,2025080701015707,GBIME,Premier Securities Company Ltd.,Dynamic Money Managers Securities Pvt. Ltd.,64,256.0,16384.0,2025-08-07 14:12:06.227438
2025-08-07,31120,2025080701015735,GBIME,Siprabi Securities Pvt. Ltd.,Thrive Brokerage House Pvt. Ltd,30,256.1,7683.0,2025-08-07 14:12:27.623159
2025-08-07,30857,2025080701015807,GBIME,Premier Securities Company Ltd.,Online Securities Pvt. Ltd.,116,256.0,29696.0,2025-08-07 14:13:10.987656
2025-08-07,30519,2025080701015866,GBIME,Agrawal Securities (PVT) Ltd.,Online Securities Pvt. Ltd.,20,256.0,5120.0,2025-08-07 14:14:07.873921
2025-08-07,30195,2025080701015912,GBIME,Linch Stock Market Ltd.,Online Securities Pvt. Ltd.,31,255.6,7923.6,2025-08-07 14:15:02.486723
2025-08-07,29823,2025080701015983,GBIME,Bhrikuti Stock Broking Co. Pvt. Ltd.,Online Securities Pvt. Ltd.,200,255.8,51160.0,2025-08-07 14:16:14.570018
2025-08-07,29526,2025080701016027,GBIME,Linch Stock Market Ltd.,Online Securities Pvt. Ltd.,41,255.6,10479.6,2025-08-07 14:16:51.011262
2025-08-07,29525,2025080701016028,GBIME,Nabil Stock Dealer Ltd.,Online Securities Pvt. Ltd.,30,255.6,7668.0,2025-08-07 14:16:51.011683
2025-08-07,29524,2025080701016029,GBIME,Asian Securities Private Ltd.,Online Securities Pvt. Ltd.,200,255.6,51120.0,2025-08-07 14:16:51.011875
2025-08-07,29523,2025080701016030,GBIME,Sani Securities Company Ltd.,Online Securities Pvt. Ltd.,18,255.5,4599.0,2025-08-07 14:16:51.012070
2025-08-07,29522,2025080701016031,GBIME,Creative Securities Pvt Ltd,Online Securities Pvt. Ltd.,50,255.5,12775.0,2025-08-07 14:16:51.012257
2025-08-07,29521,2025080701016032,GBIME,ABC Securities Private Limited,Online Securities Pvt. Ltd.,40,255.5,10220.0,2025-08-07 14:16:51.012443
2025-08-07,29520,2025080701016033,GBIME,Sewa Securities Pvt. Ltd.,Online Securities Pvt. Ltd.,121,255.5,30915.5,2025-08-07 14:16:51.012622
2025-08-07,28742,2025080701016177,GBIME,Machhapuchchhre Securities Limited,Neev Securities Pvt. Ltd.,10,256.0,2560.0,2025-08-07 14:18:48.711932
2025-08-07,28581,2025080701016206,GBIME,Cristal Kanchanjanga Securites Pvt. Ltd.,Neev Securities Pvt. Ltd.,100,256.0,25600.0,2025-08-07 14:19:11.784055
2025-08-07,28493,2025080701016216,GBIME,Vision Securities Pvt. Ltd,Online Securities Pvt. Ltd.,330,255.6,84348.0,2025-08-07 14:19:25.963964
2025-08-07,28492,2025080701016217,GBIME,Sewa Securities Pvt. Ltd.,Online Securities Pvt. Ltd.,60,255.5,15330.0,2025-08-07 14:19:25.964346
2025-08-07,28491,2025080701016218,GBIME,Nepal Stock House (PVT) Ltd.,Online Securities Pvt. Ltd.,160,255.3,40848.0,2025-08-07 14:19:25.964537
2025-08-07,28490,2025080701016219,GBIME,Dipshikha Dhitopatra Karobar Co. Pvt Ltd.,Online Securities Pvt. Ltd.,450,255.3,114885.0,2025-08-07 14:19:25.964723
2025-08-07,28308,2025080701016254,GBIME,Dipshikha Dhitopatra Karobar Co. Pvt Ltd.,Citizens Share Broker Limited,50,255.3,12765.0,2025-08-07 14:19:58.771175
2025-08-07,28307,2025080701016255,GBIME,Premier Securities Company Ltd.,Citizens Share Broker Limited,85,255.3,21700.5,2025-08-07 14:19:58.771256
2025-08-07,28306,2025080701016256,GBIME,ABC Securities Private Limited,Citizens Share Broker Limited,365,255.2,93148.0,2025-08-07 14:19:58.771287
2025-08-07,28122,2025080701016303,GBIME,Machhapuchchhre Securities Limited,Neev Securities Pvt. Ltd.,10,256.0,2560.0,2025-08-07 14:20:27.972314
2025-08-07,27936,2025080701016338,GBIME,Nepal Investment And Securities Trading Private Limited,Thrive Brokerage House Pvt. Ltd,105,255.5,26827.5,2025-08-07 14:21:02.761267
2025-08-07,27632,2025080701016433,GBIME,Nepal Investment And Securities Trading Private Limited,Kumari Securities Private Limited,145,255.5,37047.5,2025-08-07 14:21:57.676513
2025-08-07,27300,2025080701016486,GBIME,Naasa Securities Co. Ltd.,Kumari Securities Private Limited,18,255.5,4599.0,2025-08-07 14:22:49.984125
2025-08-07,27240,2025080701016500,GBIME,Nepal Stock House (PVT) Ltd.,Online Securities Pvt. Ltd.,1000,255.4,255400.0,2025-08-07 14:23:01.250810
2025-08-07,27106,2025080701016525,GBIME,Nepal Stock House (PVT) Ltd.,Kumari Securities Private Limited,49,255.5,12519.5,2025-08-07 14:23:20.222600
2025-08-07,27105,2025080701016526,GBIME,Nepal Stock House (PVT) Ltd.,Midas Stock Broking Company Private Limited,20,255.5,5110.0,2025-08-07 14:23:20.223052
2025-08-07,26822,2025080701016583,GBIME,Nepal Stock House (PVT) Ltd.,Thrive Brokerage House Pvt. Ltd,200,255.5,51100.0,2025-08-07 14:23:53.563308
2025-08-07,26724,2025080701016602,GBIME,Nepal Stock House (PVT) Ltd.,Sri Hari Securities Pvt. Ltd.,231,255.5,59020.5,2025-08-07 14:24:03.117890
2025-08-07,26723,2025080701016603,GBIME,Nepal Stock House (PVT) Ltd.,Sri Hari Securities Pvt. Ltd.,769,255.4,196402.6,2025-08-07 14:24:03.118282
2025-08-07,26104,2025080701016725,GBIME,Machhapuchchhre Securities Limited,Neev Securities Pvt. Ltd.,10,256.0,2560.0,2025-08-07 14:25:12.673999
2025-08-07,26085,2025080701016729,GBIME,Agrawal Securities (PVT) Ltd.,Sagarmatha Securities Private Limited,300,255.5,76650.0,2025-08-07 14:25:14.439931
2025-08-07,26084,2025080701016730,GBIME,Nepal Stock House (PVT) Ltd.,Sagarmatha Securities Private Limited,3231,255.4,825197.4,2025-08-07 14:25:14.440067
2025-08-07,26083,2025080701016731,GBIME,Bhrikuti Stock Broking Co. Pvt. Ltd.,Sagarmatha Securities Private Limited,18,255.3,4595.4,2025-08-07 14:25:14.440145
2025-08-07,26028,2025080701016746,GBIME,Imperial Securities Company Pvt. Ltd.,Neev Securities Pvt. Ltd.,10,256.0,2560.0,2025-08-07 14:25:20.258729
2025-08-07,25466,2025080701016829,GBIME,Dipshikha Dhitopatra Karobar Co. Pvt Ltd.,Pragyan Securities (PVT) Ltd.,362,255.4,92454.8,2025-08-07 14:26:23.131423
2025-08-07,24468,2025080701017031,GBIME,Dipshikha Dhitopatra Karobar Co. Pvt Ltd.,Aakashbhairab Securities Ltd.,20,255.4,5108.0,2025-08-07 14:28:24.142326
2025-08-07,24154,2025080701017107,GBIME,Dipshikha Dhitopatra Karobar Co. Pvt Ltd.,Deevyaa Securities & Stock House Pvt. Ltd,200,255.4,51080.0,2025-08-07 14:28:56.671516
2025-08-07,23993,2025080701017142,GBIME,Bhrikuti Stock Broking Co. Pvt. Ltd.,Online Securities Pvt. Ltd.,200,255.8,51160.0,2025-08-07 14:29:17.302154
2025-08-07,23775,2025080701017178,GBIME,Dipshikha Dhitopatra Karobar Co. Pvt Ltd.,Nepal Stock House (PVT) Ltd.,36,255.4,9194.4,2025-08-07 14:29:40.053617
2025-08-07,23364,2025080701017257,GBIME,Dipshikha Dhitopatra Karobar Co. Pvt Ltd.,Thrive Brokerage House Pvt. Ltd,19,255.4,4852.6,2025-08-07 14:30:25.580190
2025-08-07,23363,2025080701017258,GBIME,Bhrikuti Stock Broking Co. Pvt. Ltd.,Thrive Brokerage House Pvt. Ltd,82,255.3,20934.6,2025-08-07 14:30:25.580595
2025-08-07,23362,2025080701017259,GBIME,ABC Securities Private Limited,Thrive Brokerage House Pvt. Ltd,108,255.2,27561.6,2025-08-07 14:30:25.580785
2025-08-07,23129,2025080701017291,GBIME,Machhapuchchhre Securities Limited,Online Securities Pvt. Ltd.,10,255.8,2558.0,2025-08-07 14:30:50.492966
2025-08-07,22720,2025080701017378,GBIME,ABC Securities Private Limited,Neev Securities Pvt. Ltd.,385,255.2,98252.0,2025-08-07 14:31:48.279973
2025-08-07,22719,2025080701017379,GBIME,Nepal Stock House (PVT) Ltd.,Neev Securities Pvt. Ltd.,183,255.2,46701.6,2025-08-07 14:31:48.280415
2025-08-07,22718,2025080701017380,GBIME,Sweta Securities Private Limited,Neev Securities Pvt. Ltd.,50,255.2,12760.0,2025-08-07 14:31:48.280778
2025-08-07,22537,2025080701017424,GBIME,Capital Max Securities Ltd,Trishakti Securities Public Limited,45,255.1,11479.5,2025-08-07 14:32:08.154877
2025-08-07,22492,2025080701017429,GBIME,Capital Max Securities Ltd,Imperial Securities Company Pvt. Ltd.,410,255.1,104591.0,2025-08-07 14:32:16.421815
2025-08-07,22443,2025080701017455,GBIME,Capital Max Securities Ltd,Dipshikha Dhitopatra Karobar Co. Pvt Ltd.,45,255.1,11479.5,2025-08-07 14:32:21.835286
2025-08-07,22413,2025080701017461,GBIME,Bhrikuti Stock Broking Co. Pvt. Ltd.,Neev Securities Pvt. Ltd.,42,255.2,10718.4,2025-08-07 14:32:26.954259
2025-08-07,22412,2025080701017462,GBIME,Bhrikuti Stock Broking Co. Pvt. Ltd.,Premier Securities Company Ltd.,1958,255.5,500269.0,2025-08-07 14:32:26.955069
2025-08-07,22194,2025080701017503,GBIME,Siprabi Securities Pvt. Ltd.,Premier Securities Company Ltd.,42,255.5,10731.0,2025-08-07 14:33:00.196863
2025-08-07,22134,2025080701017515,GBIME,Market Securities & Exchange (PVT) Ltd.,Aryatara Investment & Securities,150,255.7,38355.0,2025-08-07 14:33:09.486051
2025-08-07,22032,2025080701017535,GBIME,Siprabi Securities Pvt. Ltd.,ABC Securities Private Limited,173,255.5,44201.5,2025-08-07 14:33:26.991064
2025-08-07,21759,2025080701017604,GBIME,Aryatara Investment & Securities,ABC Securities Private Limited,327,255.5,83548.5,2025-08-07 14:34:05.460751
2025-08-07,21758,2025080701017605,GBIME,Aryatara Investment & Securities,Aryatara Investment & Securities,26,255.7,6648.2,2025-08-07 14:34:05.461577
2025-08-07,21160,2025080701017693,GBIME,Kohinoor Investment & Securities Pvt. Ltd.,Naasa Securities Co. Ltd.,72,255.1,18367.2,2025-08-07 14:35:08.076347
2025-08-07,20634,2025080701017792,GBIME,Kohinoor Investment & Securities Pvt. Ltd.,Primo Securities (PVT) Ltd.,488,255.1,124488.8,2025-08-07 14:36:11.983652
2025-08-07,20633,2025080701017793,GBIME,Siprabi Securities Pvt. Ltd.,Primo Securities (PVT) Ltd.,500,255.1,127550.0,2025-08-07 14:36:11.984478
2025-08-07,20632,2025080701017794,GBIME,Pragyan Securities (PVT) Ltd.,Primo Securities (PVT) Ltd.,500,255.1,127550.0,2025-08-07 14:36:11.985176
2025-08-07,20631,2025080701017795,GBIME,Shree Krishna Securities Ltd.,Primo Securities (PVT) Ltd.,1512,255.1,385711.2,2025-08-07 14:36:11.985980
2025-08-07,19535,2025080701018016,GBIME,J.F. Securites (PVT) Ltd.,Dakshinkali Investment & Securities Pvt. Ltd.,30,255.2,7656.0,2025-08-07 14:38:20.142668
2025-08-07,19534,2025080701018017,GBIME,Pragyan Securities (PVT) Ltd.,Dakshinkali Investment & Securities Pvt. Ltd.,1000,255.2,255200.0,2025-08-07 14:38:20.143100
2025-08-07,19533,2025080701018018,GBIME,Shree Krishna Securities Ltd.,Dakshinkali Investment & Securities Pvt. Ltd.,177,255.2,45170.4,2025-08-07 14:38:20.143326
2025-08-07,19149,2025080701018115,GBIME,Machhapuchchhre Securities Limited,Aryatara Investment & Securities,10,255.6,2556.0,2025-08-07 14:39:07.689556
2025-08-07,18735,2025080701018199,GBIME,ABC Securities Private Limited,Vision Securities Pvt. Ltd,1,250.5,250.5,2025-08-07 14:39:51.781279
2025-08-07,18381,2025080701018290,GBIME,Sani Securities Company Ltd.,Aryatara Investment & Securities,200,255.7,51140.0,2025-08-07 14:40:28.741455
2025-08-07,17416,2025080701018474,GBIME,Shree Krishna Securities Ltd.,Opal Securities Investment (PVT) Ltd.,100,255.2,25520.0,2025-08-07 14:42:17.729538
2025-08-07,17055,2025080701018517,GBIME,Shree Krishna Securities Ltd.,Siprabi Securities Pvt. Ltd.,50,255.2,12760.0,2025-08-07 14:42:49.028400
2025-08-07,16855,2025080701018555,GBIME,Kohinoor Investment & Securities Pvt. Ltd.,Online Securities Pvt. Ltd.,500,255.3,127650.0,2025-08-07 14:43:15.042620
2025-08-07,16833,2025080701018560,GBIME,Shree Krishna Securities Ltd.,Siprabi Securities Pvt. Ltd.,75,255.2,19140.0,2025-08-07 14:43:18.323529
2025-08-07,16596,2025080701018572,GBIME,Shree Krishna Securities Ltd.,Sri Hari Securities Pvt. Ltd.,86,255.2,21947.2,2025-08-07 14:43:28.146415
2025-08-07,16595,2025080701018573,GBIME,Pragyan Securities (PVT) Ltd.,Sri Hari Securities Pvt. Ltd.,762,255.2,194462.4,2025-08-07 14:43:28.147246
2025-08-07,16170,2025080701018660,GBIME,Pragyan Securities (PVT) Ltd.,Dipshikha Dhitopatra Karobar Co. Pvt Ltd.,43,255.2,10973.6,2025-08-07 14:44:09.649611
2025-08-07,16099,2025080701018674,GBIME,Pragyan Securities (PVT) Ltd.,Siprabi Securities Pvt. Ltd.,75,255.2,19140.0,2025-08-07 14:44:19.006946
2025-08-07,15802,2025080701018736,GBIME,Agrawal Securities (PVT) Ltd.,Dipshikha Dhitopatra Karobar Co. Pvt Ltd.,5,255.5,1277.5,2025-08-07 14:44:43.168201
2025-08-07,15699,2025080701018766,GBIME,Imperial Securities Company Pvt. Ltd.,Online Securities Pvt. Ltd.,30,255.3,7659.0,2025-08-07 14:44:53.314369
2025-08-07,15519,2025080701018798,GBIME,Siprabi Securities Pvt. Ltd.,Online Securities Pvt. Ltd.,55,255.3,14041.5,2025-08-07 14:45:04.825675
2025-08-07,14991,2025080701018927,GBIME,Thrive Brokerage House Pvt. Ltd,Naasa Securities Co. Ltd.,100,255.5,25550.0,2025-08-07 14:45:49.168531
2025-08-07,14987,2025080701018929,GBIME,Naasa Securities Co. Ltd.,Naasa Securities Co. Ltd.,10,255.5,2555.0,2025-08-07 14:45:49.862325
2025-08-07,14967,2025080701018932,GBIME,Pragyan Securities (PVT) Ltd.,Beni Securities Pvt.Ltd.,30,255.2,7656.0,2025-08-07 14:45:52.511629
2025-08-07,14780,2025080701018960,GBIME,Siprabi Securities Pvt. Ltd.,Naasa Securities Co. Ltd.,24,255.5,6132.0,2025-08-07 14:46:16.628073
2025-08-07,14660,2025080701018993,GBIME,Aryatara Investment & Securities,Naasa Securities Co. Ltd.,300,255.5,76650.0,2025-08-07 14:46:27.562127
2025-08-07,14259,2025080701019089,GBIME,Pragyan Securities (PVT) Ltd.,Sri Hari Securities Pvt. Ltd.,90,255.2,22968.0,2025-08-07 14:47:06.180694
2025-08-07,14258,2025080701019090,GBIME,Dipshikha Dhitopatra Karobar Co. Pvt Ltd.,Sri Hari Securities Pvt. Ltd.,156,255.2,39811.2,2025-08-07 14:47:06.181592
2025-08-07,14257,2025080701019091,GBIME,Dipshikha Dhitopatra Karobar Co. Pvt Ltd.,Sri Hari Securities Pvt. Ltd.,50,255.2,12760.0,2025-08-07 14:47:06.182418
2025-08-07,14256,2025080701019092,GBIME,Vision Securities Pvt. Ltd,Sri Hari Securities Pvt. Ltd.,200,255.2,51040.0,2025-08-07 14:47:06.183324
2025-08-07,14255,2025080701019093,GBIME,Kumari Securities Private Limited,Sri Hari Securities Pvt. Ltd.,1000,255.2,255200.0,2025-08-07 14:47:06.184180
2025-08-07,14254,2025080701019094,GBIME,Aryatara Investment & Securities,Sri Hari Securities Pvt. Ltd.,504,255.2,128620.8,2025-08-07 14:47:06.184989
2025-08-07,13961,2025080701019161,GBIME,Siprabi Securities Pvt. Ltd.,Naasa Securities Co. Ltd.,20,255.5,5110.0,2025-08-07 14:47:40.775199
2025-08-07,13767,2025080701019231,GBIME,Kohinoor Investment & Securities Pvt. Ltd.,Naasa Securities Co. Ltd.,57,255.5,14563.5,2025-08-07 14:48:01.687740
2025-08-07,13766,2025080701019232,GBIME,Kohinoor Investment & Securities Pvt. Ltd.,Aryatara Investment & Securities,151,255.7,38610.7,2025-08-07 14:48:01.688175
2025-08-07,13765,2025080701019233,GBIME,Kohinoor Investment & Securities Pvt. Ltd.,Oxford Securities Pvt. Ltd.,42,255.8,10743.6,2025-08-07 14:48:01.688523
2025-08-07,13604,2025080701019256,GBIME,Sani Securities Company Ltd.,Sri Hari Securities Pvt. Ltd.,100,255.3,25530.0,2025-08-07 14:48:19.208757
2025-08-07,13603,2025080701019257,GBIME,Dipshikha Dhitopatra Karobar Co. Pvt Ltd.,Sri Hari Securities Pvt. Ltd.,300,255.3,76590.0,2025-08-07 14:48:19.209140
2025-08-07,13602,2025080701019258,GBIME,Aryatara Investment & Securities,Sri Hari Securities Pvt. Ltd.,221,255.2,56399.2,2025-08-07 14:48:19.209330
2025-08-07,13200,2025080701019325,GBIME,Pragyan Securities (PVT) Ltd.,Malla & Malla Stock Broking Company Pvt. Limited,100,255.3,25530.0,2025-08-07 14:48:54.897183
2025-08-07,12816,2025080701019438,GBIME,Pragyan Securities (PVT) Ltd.,Sri Hari Securities Pvt. Ltd.,400,255.3,102120.0,2025-08-07 14:49:23.376653
2025-08-07,12815,2025080701019439,GBIME,Aryatara Investment & Securities,Sri Hari Securities Pvt. Ltd.,1600,255.3,408480.0,2025-08-07 14:49:23.377075
2025-08-07,12583,2025080701019474,GBIME,Aryatara Investment & Securities,Aryatara Investment & Securities,21,255.3,5361.3,2025-08-07 14:49:41.216914
2025-08-07,12550,2025080701019490,GBIME,Siprabi Securities Pvt. Ltd.,Asian Securities Private Ltd.,53,255.4,13536.2,2025-08-07 14:49:44.329285
2025-08-07,12549,2025080701019491,GBIME,Siprabi Securities Pvt. Ltd.,Naasa Securities Co. Ltd.,63,255.5,16096.5,2025-08-07 14:49:44.329643
2025-08-07,12138,2025080701019563,GBIME,Property Wiard Limited,Naasa Securities Co. Ltd.,43,255.5,10986.5,2025-08-07 14:50:12.616492
2025-08-07,11752,2025080701019636,GBIME,Siprabi Securities Pvt. Ltd.,Oxford Securities Pvt. Ltd.,10,255.8,2558.0,2025-08-07 14:50:46.436416
2025-08-07,11553,2025080701019662,GBIME,Property Wiard Limited,Sri Hari Securities Pvt. Ltd.,57,255.5,14563.5,2025-08-07 14:51:03.942748
2025-08-07,11552,2025080701019663,GBIME,Online Securities Pvt. Ltd.,Sri Hari Securities Pvt. Ltd.,300,255.5,76650.0,2025-08-07 14:51:03.943599
2025-08-07,11551,2025080701019664,GBIME,Aryatara Investment & Securities,Sri Hari Securities Pvt. Ltd.,643,255.5,164286.5,2025-08-07 14:51:03.944255
2025-08-07,11515,2025080701019680,GBIME,Aryatara Investment & Securities,Oxford Securities Pvt. Ltd.,11,255.5,2810.5,2025-08-07 14:51:07.228295
2025-08-07,11514,2025080701019681,GBIME,Imperial Securities Company Pvt. Ltd.,Oxford Securities Pvt. Ltd.,14,255.4,3575.6,2025-08-07 14:51:07.228432
2025-08-07,11504,2025080701019686,GBIME,Naasa Securities Co. Ltd.,Oxford Securities Pvt. Ltd.,15,255.8,3837.0,2025-08-07 14:51:08.027119
2025-08-07,11098,2025080701019773,GBIME,Sipla Securities Private Limited,ABC Securities Private Limited,80,255.5,20440.0,2025-08-07 14:51:34.792792
2025-08-07,11082,2025080701019783,GBIME,Imperial Securities Company Pvt. Ltd.,Dynamic Money Managers Securities Pvt. Ltd.,86,255.4,21964.4,2025-08-07 14:51:35.224271
2025-08-07,11081,2025080701019784,GBIME,Sri Hari Securities Pvt. Ltd.,Dynamic Money Managers Securities Pvt. Ltd.,3000,255.4,766200.0,2025-08-07 14:51:35.224639
2025-08-07,11080,2025080701019785,GBIME,Imperial Securities Company Pvt. Ltd.,Dynamic Money Managers Securities Pvt. Ltd.,1800,255.3,459540.0,2025-08-07 14:51:35.224841
2025-08-07,11079,2025080701019786,GBIME,Nepal Stock House (PVT) Ltd.,Dynamic Money Managers Securities Pvt. Ltd.,5000,255.3,1276500.0,2025-08-07 14:51:35.225052
2025-08-07,11078,2025080701019787,GBIME,Sani Securities Company Ltd.,Dynamic Money Managers Securities Pvt. Ltd.,600,255.2,153120.0,2025-08-07 14:51:35.225260
2025-08-07,11077,2025080701019788,GBIME,Siprabi Securities Pvt. Ltd.,Dynamic Money Managers Securities Pvt. Ltd.,200,255.2,51040.0,2025-08-07 14:51:35.225447
2025-08-07,11076,2025080701019789,GBIME,Sri Hari Securities Pvt. Ltd.,Dynamic Money Managers Securities Pvt. Ltd.,200,255.2,51040.0,2025-08-07 14:51:35.225831
2025-08-07,11075,2025080701019790,GBIME,South Asian Bulls Pvt. Ltd.,Dynamic Money Managers Securities Pvt. Ltd.,390,255.2,99528.0,2025-08-07 14:51:35.226455
2025-08-07,11074,2025080701019791,GBIME,Shree Krishna Securities Ltd.,Dynamic Money Managers Securities Pvt. Ltd.,1000,255.2,255200.0,2025-08-07 14:51:35.227054
2025-08-07,11073,2025080701019792,GBIME,Thrive Brokerage House Pvt. Ltd,Dynamic Money Managers Securities Pvt. Ltd.,700,255.1,178570.0,2025-08-07 14:51:35.227666
2025-08-07,11072,2025080701019793,GBIME,Vision Securities Pvt. Ltd,Dynamic Money Managers Securities Pvt. Ltd.,2451,255.1,625250.1,2025-08-07 14:51:35.228268
2025-08-07,10725,2025080701019845,GBIME,Vision Securities Pvt. Ltd,Dakshinkali Investment & Securities Pvt. Ltd.,65,255.1,16581.5,2025-08-07 14:52:02.369465
2025-08-07,10717,2025080701019849,GBIME,Vision Securities Pvt. Ltd,Shree Krishna Securities Ltd.,352,255.1,89795.2,2025-08-07 14:52:03.314328
2025-08-07,10602,2025080701019877,GBIME,Vision Securities Pvt. Ltd,Nepal Investment And Securities Trading Private Limited,101,255.1,25765.1,2025-08-07 14:52:10.892518
2025-08-07,10445,2025080701019920,GBIME,Vision Securities Pvt. Ltd,Dipshikha Dhitopatra Karobar Co. Pvt Ltd.,29,255.1,7397.9,2025-08-07 14:52:17.503175
2025-08-07,10411,2025080701019932,GBIME,Imperial Securities Company Pvt. Ltd.,Online Securities Pvt. Ltd.,110,255.1,28061.0,2025-08-07 14:52:20.176729
2025-08-07,10179,2025080701019983,GBIME,Siprabi Securities Pvt. Ltd.,ABC Securities Private Limited,10,255.5,2555.0,2025-08-07 14:52:37.063437
2025-08-07,10125,2025080701019994,GBIME,Imperial Securities Company Pvt. Ltd.,Primo Securities (PVT) Ltd.,20,255.1,5102.0,2025-08-07 14:52:41.973995
2025-08-07,9857,2025080701020048,GBIME,Imperial Securities Company Pvt. Ltd.,Nepal Investment And Securities Trading Private Limited,200,255.1,51020.0,2025-08-07 14:53:01.390429
2025-08-07,9781,2025080701020054,GBIME,Siprabi Securities Pvt. Ltd.,ABC Securities Private Limited,10,255.5,2555.0,2025-08-07 14:53:06.784003
2025-08-07,9576,2025080701020077,GBIME,Property Wiard Limited,Market Securities & Exchange (PVT) Ltd.,25,255.2,6380.0,2025-08-07 14:53:18.635580
2025-08-07,9575,2025080701020078,GBIME,Imperial Securities Company Pvt. Ltd.,Market Securities & Exchange (PVT) Ltd.,198,255.1,50509.8,2025-08-07 14:53:18.636382
2025-08-07,9181,2025080701020150,GBIME,Imperial Securities Company Pvt. Ltd.,Online Securities Pvt. Ltd.,23,255.1,5867.3,2025-08-07 14:53:45.607118
2025-08-07,9180,2025080701020151,GBIME,Capital Max Securities Ltd,Online Securities Pvt. Ltd.,100,255.1,25510.0,2025-08-07 14:53:45.607895
2025-08-07,9179,2025080701020152,GBIME,Trisul Securities & Invt. Ltd.,Online Securities Pvt. Ltd.,156,255.1,39795.6,2025-08-07 14:53:45.608497
2025-08-07,9178,2025080701020153,GBIME,Nepal Investment And Securities Trading Private Limited,Online Securities Pvt. Ltd.,500,255.1,127550.0,2025-08-07 14:53:45.609050
2025-08-07,9177,2025080701020154,GBIME,Sweta Securities Private Limited,Online Securities Pvt. Ltd.,50,255.1,12755.0,2025-08-07 14:53:45.609609
2025-08-07,9176,2025080701020155,GBIME,Sani Securities Company Ltd.,Online Securities Pvt. Ltd.,10,255.1,2551.0,2025-08-07 14:53:45.610153
2025-08-07,9175,2025080701020156,GBIME,Sri Hari Securities Pvt. Ltd.,Online Securities Pvt. Ltd.,161,255.1,41071.1,2025-08-07 14:53:45.610704
2025-08-07,8954,2025080701020195,GBIME,Aryatara Investment & Securities,Agrawal Securities (PVT) Ltd.,1000,255.2,255200.0,2025-08-07 14:53:59.606046
2025-08-07,8953,2025080701020196,GBIME,Sri Hari Securities Pvt. Ltd.,Agrawal Securities (PVT) Ltd.,39,255.1,9948.9,2025-08-07 14:53:59.606429
2025-08-07,8952,2025080701020197,GBIME,Sanima Securities Limited,Agrawal Securities (PVT) Ltd.,532,255.0,135660.0,2025-08-07 14:53:59.606627
2025-08-07,8872,2025080701020215,GBIME,Siprabi Securities Pvt. Ltd.,ABC Securities Private Limited,10,255.5,2555.0,2025-08-07 14:54:04.624939
2025-08-07,8586,2025080701020258,GBIME,Malla & Malla Stock Broking Company Pvt. Limited,ABC Securities Private Limited,300,255.5,76650.0,2025-08-07 14:54:21.276799
2025-08-07,8115,2025080701020354,GBIME,Online Securities Pvt. Ltd.,ABC Securities Private Limited,90,255.5,22995.0,2025-08-07 14:54:50.116434
2025-08-07,7908,2025080701020382,GBIME,Aryatara Investment & Securities,K.B.L. Securities Limited ,1000,255.2,255200.0,2025-08-07 14:54:58.859381
2025-08-07,7781,2025080701020413,GBIME,Sani Securities Company Ltd.,Siprabi Securities Pvt. Ltd.,91,255.4,23241.4,2025-08-07 14:55:06.937851
2025-08-07,7780,2025080701020414,GBIME,Sani Securities Company Ltd.,ABC Securities Private Limited,139,255.5,35514.5,2025-08-07 14:55:06.938249
2025-08-07,7615,2025080701020442,GBIME,ABC Securities Private Limited,ABC Securities Private Limited,161,255.5,41135.5,2025-08-07 14:55:18.427018
2025-08-07,7614,2025080701020443,GBIME,ABC Securities Private Limited,Naasa Securities Co. Ltd.,58,255.5,14819.0,2025-08-07 14:55:18.427083
2025-08-07,7613,2025080701020444,GBIME,ABC Securities Private Limited,Siprabi Securities Pvt. Ltd.,152,255.5,38836.0,2025-08-07 14:55:18.427110
2025-08-07,7612,2025080701020445,GBIME,ABC Securities Private Limited,ABC Securities Private Limited,10,255.5,2555.0,2025-08-07 14:55:18.427135
2025-08-07,7611,2025080701020446,GBIME,ABC Securities Private Limited,ABC Securities Private Limited,800,255.7,204560.0,2025-08-07 14:55:18.427240
2025-08-07,7610,2025080701020447,GBIME,ABC Securities Private Limited,Oxford Securities Pvt. Ltd.,33,255.8,8441.4,2025-08-07 14:55:18.427276
2025-08-07,7609,2025080701020448,GBIME,ABC Securities Private Limited,Aryatara Investment & Securities,550,255.8,140690.0,2025-08-07 14:55:18.427304
2025-08-07,7608,2025080701020449,GBIME,ABC Securities Private Limited,Vision Securities Pvt. Ltd,367,255.9,93915.3,2025-08-07 14:55:18.427343
2025-08-07,7607,2025080701020450,GBIME,ABC Securities Private Limited,Online Securities Pvt. Ltd.,30,255.9,7677.0,2025-08-07 14:55:18.427366
2025-08-07,7606,2025080701020451,GBIME,ABC Securities Private Limited,Vision Securities Pvt. Ltd,1556,255.9,398180.4,2025-08-07 14:55:18.427393
2025-08-07,7605,2025080701020452,GBIME,ABC Securities Private Limited,Nepal Stock House (PVT) Ltd.,20,256.0,5120.0,2025-08-07 14:55:18.427415
2025-08-07,7604,2025080701020453,GBIME,ABC Securities Private Limited,South Asian Bulls Pvt. Ltd.,11,256.0,2816.0,2025-08-07 14:55:18.427438
2025-08-07,7603,2025080701020454,GBIME,ABC Securities Private Limited,Linch Stock Market Ltd.,133,256.0,34048.0,2025-08-07 14:55:18.427460
2025-08-07,7602,2025080701020455,GBIME,ABC Securities Private Limited,Dipshikha Dhitopatra Karobar Co. Pvt Ltd.,105,256.0,26880.0,2025-08-07 14:55:18.427482
2025-08-07,7601,2025080701020456,GBIME,ABC Securities Private Limited,J.F. Securites (PVT) Ltd.,603,256.0,154368.0,2025-08-07 14:55:18.427508
2025-08-07,7600,2025080701020457,GBIME,ABC Securities Private Limited,Sweta Securities Private Limited,200,256.0,51200.0,2025-08-07 14:55:18.427531
2025-08-07,7599,2025080701020458,GBIME,ABC Securities Private Limited,Online Securities Pvt. Ltd.,17,256.0,4352.0,2025-08-07 14:55:18.427557
2025-08-07,7598,2025080701020459,GBIME,ABC Securities Private Limited,Citizens Share Broker Limited,19,256.0,4864.0,2025-08-07 14:55:18.427581
2025-08-07,7597,2025080701020460,GBIME,ABC Securities Private Limited,Neev Securities Pvt. Ltd.,175,256.0,44800.0,2025-08-07 14:55:18.427607
2025-08-07,7450,2025080701020490,GBIME,Naasa Securities Co. Ltd.,Neev Securities Pvt. Ltd.,700,256.0,179200.0,2025-08-07 14:55:26.505947
2025-08-07,7228,2025080701020512,GBIME,Aryatara Investment & Securities,Dipshikha Dhitopatra Karobar Co. Pvt Ltd.,50,255.2,12760.0,2025-08-07 14:55:39.002472
2025-08-07,7100,2025080701020548,GBIME,Aryatara Investment & Securities,ABC Securities Private Limited,4950,255.2,1263240.0,2025-08-07 14:55:45.785093
2025-08-07,7099,2025080701020549,GBIME,Sri Hari Securities Pvt. Ltd.,ABC Securities Private Limited,50,255.2,12760.0,2025-08-07 14:55:45.785477
2025-08-07,6804,2025080701020592,GBIME,Nabil Stock Dealer Ltd.,Primo Securities (PVT) Ltd.,5000,255.8,1279000.0,2025-08-07 14:56:00.410061
2025-08-07,6405,2025080701020631,GBIME,Siprabi Securities Pvt. Ltd.,Neev Securities Pvt. Ltd.,10,256.0,2560.0,2025-08-07 14:56:18.125642
2025-08-07,6042,2025080701020710,GBIME,Aryatara Investment & Securities,Vision Securities Pvt. Ltd,400,255.8,102320.0,2025-08-07 14:56:38.965186
2025-08-07,5284,2025080701020846,GBIME,Vision Securities Pvt. Ltd,Secured Securities Ltd.,100,255.5,25550.0,2025-08-07 14:57:16.153905
2025-08-07,5141,2025080701020895,GBIME,Sri Hari Securities Pvt. Ltd.,Nepal Investment And Securities Trading Private Limited,150,255.2,38280.0,2025-08-07 14:57:22.476743
2025-08-07,5140,2025080701020896,GBIME,Midas Stock Broking Company Private Limited,Nepal Investment And Securities Trading Private Limited,641,255.2,163583.2,2025-08-07 14:57:22.477118
2025-08-07,5043,2025080701020916,GBIME,Midas Stock Broking Company Private Limited,Midas Stock Broking Company Private Limited,359,255.2,91616.8,2025-08-07 14:57:26.490436
2025-08-07,5042,2025080701020917,GBIME,Kalika Securities Pvt. Ltd.,Midas Stock Broking Company Private Limited,2000,255.2,510400.0,2025-08-07 14:57:26.490472
2025-08-07,5041,2025080701020918,GBIME,Sweta Securities Private Limited,Midas Stock Broking Company Private Limited,10,255.1,2551.0,2025-08-07 14:57:26.490504
2025-08-07,5040,2025080701020919,GBIME,Aryatara Investment & Securities,Midas Stock Broking Company Private Limited,631,255.1,160968.1,2025-08-07 14:57:26.490528
2025-08-07,4768,2025080701020974,GBIME,Secured Securities Ltd.,Dakshinkali Investment & Securities Pvt. Ltd.,155,255.2,39556.0,2025-08-07 14:57:39.172330
2025-08-07,4767,2025080701020975,GBIME,Secured Securities Ltd.,Imperial Securities Company Pvt. Ltd.,20,255.3,5106.0,2025-08-07 14:57:39.172696
2025-08-07,4538,2025080701021014,GBIME,Dipshikha Dhitopatra Karobar Co. Pvt Ltd.,Secured Securities Ltd.,30,255.5,7665.0,2025-08-07 14:57:51.323629
2025-08-07,4242,2025080701021050,GBIME,Secured Securities Ltd.,Imperial Securities Company Pvt. Ltd.,70,255.3,17871.0,2025-08-07 14:57:59.067194
2025-08-07,4167,2025080701021059,GBIME,Secured Securities Ltd.,Imperial Securities Company Pvt. Ltd.,55,255.3,14041.5,2025-08-07 14:58:01.119757
2025-08-07,3763,2025080701021126,GBIME,Vision Securities Pvt. Ltd,Premier Securities Company Ltd.,95,255.2,24244.0,2025-08-07 14:58:15.481269
2025-08-07,3762,2025080701021127,GBIME,Vision Securities Pvt. Ltd,Imperial Securities Company Pvt. Ltd.,95,255.3,24253.5,2025-08-07 14:58:15.481623
2025-08-07,3761,2025080701021128,GBIME,Vision Securities Pvt. Ltd,Secured Securities Ltd.,4810,255.5,1228955.0,2025-08-07 14:58:15.481808
2025-08-07,3710,2025080701021137,GBIME,Kohinoor Investment & Securities Pvt. Ltd.,Secured Securities Ltd.,60,255.5,15330.0,2025-08-07 14:58:16.917471
2025-08-07,3425,2025080701021185,GBIME,Nepal Stock House (PVT) Ltd.,Neev Securities Pvt. Ltd.,10,255.7,2557.0,2025-08-07 14:58:27.750377
2025-08-07,3401,2025080701021197,GBIME,Kohinoor Investment & Securities Pvt. Ltd.,Sani Securities Company Ltd.,110,255.5,28105.0,2025-08-07 14:58:28.373136
2025-08-07,3099,2025080701021247,GBIME,Online Securities Pvt. Ltd.,Neev Securities Pvt. Ltd.,90,255.7,23013.0,2025-08-07 14:58:39.364179
2025-08-07,2618,2025080701021320,GBIME,Online Securities Pvt. Ltd.,Sewa Securities Pvt. Ltd.,500,255.7,127850.0,2025-08-07 14:58:55.806594
2025-08-07,2390,2025080701021392,GBIME,Imperial Securities Company Pvt. Ltd.,Vision Securities Pvt. Ltd,260,255.8,66508.0,2025-08-07 14:59:03.987788
2025-08-07,2162,2025080701021439,GBIME,Online Securities Pvt. Ltd.,Oxford Securities Pvt. Ltd.,362,255.7,92563.4,2025-08-07 14:59:10.297151
2025-08-07,1954,2025080701021493,GBIME,Online Securities Pvt. Ltd.,Naasa Securities Co. Ltd.,48,255.7,12273.6,2025-08-07 14:59:15.924207
2025-08-07,1932,2025080701021497,GBIME,Sweta Securities Private Limited,Naasa Securities Co. Ltd.,341,255.7,87193.7,2025-08-07 14:59:16.481619
2025-08-07,845,2025080701021700,GBIME,Sweta Securities Private Limited,Elite Stock House Limited,2000,255.7,511400.0,2025-08-07 14:59:42.567086
2025-08-07,713,2025080701021718,GBIME,Aryatara Investment & Securities,Vision Securities Pvt. Ltd,29,255.8,7418.2,2025-08-07 14:59:44.735369
2025-08-07,651,2025080701021726,GBIME,Aryatara Investment & Securities,ABC Securities Private Limited,421,255.8,107691.8,2025-08-07 14:59:46.633935
2025-08-07,650,2025080701021727,GBIME,Sweta Securities Private Limited,ABC Securities Private Limited,251,255.7,64180.7,2025-08-07 14:59:46.634289
2025-08-07,14,2025080701021820,GBIME,Sweta Securities Private Limited,South Asian Bulls Pvt. Ltd.,970,255.7,248029.0,2025-08-07 14:59:59.605069
