Date,S.N.,Contract ID,Symbol,Buyer Broker,Seller Broker,volume,rate,amount,transaction_time
2025-08-07,95593,2025080703000030,LBBL,Naasa Securities Co. Ltd.,Prabhu Stock Market Limited,10,562.1,5621.0,2025-08-07 11:00:33.772633
2025-08-07,94817,2025080703000129,LBBL,Imperial Securities Company Pvt. Ltd.,Linch Stock Market Ltd.,1000,568.0,568000.0,2025-08-07 11:03:25.596843
2025-08-07,94742,2025080703000146,LBBL,Prabhu Stock Market Limited,Thrive Brokerage House Pvt. Ltd,50,579.2,28960.0,2025-08-07 11:03:39.366882
2025-08-07,94646,2025080703000160,LBBL,Deevyaa Securities & Stock House Pvt. Ltd,Ashutosh Brokerage & Securities (PVT) Ltd.,100,579.0,57900.0,2025-08-07 11:04:00.233619
2025-08-07,94645,2025080703000161,LBBL,Deevyaa Securities & Stock House Pvt. Ltd,Aryatara Investment & Securities,50,579.3,28965.0,2025-08-07 11:04:00.233692
2025-08-07,94644,2025080703000162,LBBL,Deevyaa Securities & Stock House Pvt. Ltd,Imperial Securities Company Pvt. Ltd.,150,579.3,86895.0,2025-08-07 11:04:00.233759
2025-08-07,94611,2025080703000164,LBBL,J.F. Securites (PVT) Ltd.,Linch Stock Market Ltd.,1000,575.0,575000.0,2025-08-07 11:04:05.976362
2025-08-07,94045,2025080703000246,LBBL,Citizens Share Broker Limited,Linch Stock Market Ltd.,500,575.0,287500.0,2025-08-07 11:06:13.125223
2025-08-07,94044,2025080703000247,LBBL,Citizens Share Broker Limited,Premier Securities Company Ltd.,500,575.0,287500.0,2025-08-07 11:06:13.125306
2025-08-07,93677,2025080703000294,LBBL,Citizens Share Broker Limited,Linch Stock Market Ltd.,500,574.0,287000.0,2025-08-07 11:07:36.388873
2025-08-07,93328,2025080703000348,LBBL,Premier Securities Company Ltd.,Ashutosh Brokerage & Securities (PVT) Ltd.,500,571.0,285500.0,2025-08-07 11:08:36.770710
2025-08-07,93287,2025080703000359,LBBL,Premier Securities Company Ltd.,Ashutosh Brokerage & Securities (PVT) Ltd.,500,571.0,285500.0,2025-08-07 11:08:43.821105
2025-08-07,93243,2025080703000369,LBBL,Premier Securities Company Ltd.,Ashutosh Brokerage & Securities (PVT) Ltd.,500,571.0,285500.0,2025-08-07 11:08:52.875508
2025-08-07,93177,2025080703000373,LBBL,Premier Securities Company Ltd.,Ashutosh Brokerage & Securities (PVT) Ltd.,250,571.0,142750.0,2025-08-07 11:09:01.928085
2025-08-07,93164,2025080703000377,LBBL,Premier Securities Company Ltd.,Linch Stock Market Ltd.,250,571.0,142750.0,2025-08-07 11:09:04.901159
2025-08-07,93163,2025080703000378,LBBL,Sani Securities Company Ltd.,Linch Stock Market Ltd.,50,571.0,28550.0,2025-08-07 11:09:04.901380
2025-08-07,93152,2025080703000379,LBBL,ABC Securities Private Limited,SHUBHAKAMANA SECURITIES PVT. LTD,1000,570.0,570000.0,2025-08-07 11:09:05.946839
2025-08-07,93059,2025080703000406,LBBL,Dipshikha Dhitopatra Karobar Co. Pvt Ltd.,ABC Securities Private Limited,1000,570.0,570000.0,2025-08-07 11:09:17.670633
2025-08-07,93042,2025080703000413,LBBL,Thrive Brokerage House Pvt. Ltd,Capital Max Securities Ltd,200,570.0,114000.0,2025-08-07 11:09:21.873460
2025-08-07,93041,2025080703000414,LBBL,Trisul Securities & Invt. Ltd.,Capital Max Securities Ltd,200,570.0,114000.0,2025-08-07 11:09:21.873531
2025-08-07,93040,2025080703000415,LBBL,Naasa Securities Co. Ltd.,Capital Max Securities Ltd,100,568.5,56850.0,2025-08-07 11:09:21.873562
2025-08-07,92955,2025080703000428,LBBL,Naasa Securities Co. Ltd.,Linch Stock Market Ltd.,100,568.5,56850.0,2025-08-07 11:09:39.168139
2025-08-07,92954,2025080703000429,LBBL,SUN SECURITIES PVT LTD,Linch Stock Market Ltd.,100,568.4,56840.0,2025-08-07 11:09:39.168385
2025-08-07,92330,2025080703000536,LBBL,Nepal Investment And Securities Trading Private Limited,Bhrikuti Stock Broking Co. Pvt. Ltd.,200,570.0,114000.0,2025-08-07 11:11:42.185292
2025-08-07,92305,2025080703000552,LBBL,Market Securities & Exchange (PVT) Ltd.,Linch Stock Market Ltd.,100,569.1,56910.0,2025-08-07 11:11:46.988908
2025-08-07,92304,2025080703000553,LBBL,Capital Max Securities Ltd,Linch Stock Market Ltd.,400,569.0,227600.0,2025-08-07 11:11:46.989017
2025-08-07,92295,2025080703000557,LBBL,Capital Max Securities Ltd,SHUBHAKAMANA SECURITIES PVT. LTD,100,569.0,56900.0,2025-08-07 11:11:48.402881
2025-08-07,92294,2025080703000558,LBBL,Naasa Securities Co. Ltd.,SHUBHAKAMANA SECURITIES PVT. LTD,800,569.0,455200.0,2025-08-07 11:11:48.402987
2025-08-07,92211,2025080703000567,LBBL,Garima Securities Limited,SHUBHAKAMANA SECURITIES PVT. LTD,100,568.7,56870.0,2025-08-07 11:12:05.450492
2025-08-07,92037,2025080703000599,LBBL,Garima Securities Limited,Linch Stock Market Ltd.,200,568.7,113740.0,2025-08-07 11:12:47.373908
2025-08-07,91856,2025080703000641,LBBL,SUN SECURITIES PVT LTD,Bhrikuti Stock Broking Co. Pvt. Ltd.,300,570.0,171000.0,2025-08-07 11:13:18.475136
2025-08-07,91351,2025080703000708,LBBL,SUN SECURITIES PVT LTD,Neev Securities Pvt. Ltd.,200,570.0,114000.0,2025-08-07 11:14:41.350913
2025-08-07,91350,2025080703000709,LBBL,K.B.L. Securities Limited ,Neev Securities Pvt. Ltd.,251,570.0,143070.0,2025-08-07 11:14:41.351054
2025-08-07,91240,2025080703000722,LBBL,K.B.L. Securities Limited ,Naasa Securities Co. Ltd.,149,570.0,84930.0,2025-08-07 11:15:01.124035
2025-08-07,91239,2025080703000723,LBBL,Sani Securities Company Ltd.,Naasa Securities Co. Ltd.,20,570.0,11400.0,2025-08-07 11:15:01.124149
2025-08-07,91238,2025080703000724,LBBL,Dynamic Money Managers Securities Pvt. Ltd.,Naasa Securities Co. Ltd.,131,570.0,74670.0,2025-08-07 11:15:01.124208
2025-08-07,90134,2025080703000940,LBBL,Citizens Share Broker Limited,Asian Securities Private Ltd.,500,574.0,287000.0,2025-08-07 11:18:36.478814
2025-08-07,90019,2025080703000962,LBBL,Citizens Share Broker Limited,ABC Securities Private Limited,500,574.0,287000.0,2025-08-07 11:18:56.547421
2025-08-07,90018,2025080703000963,LBBL,Citizens Share Broker Limited,Imperial Securities Company Pvt. Ltd.,400,574.0,229600.0,2025-08-07 11:18:56.547577
2025-08-07,90017,2025080703000964,LBBL,Citizens Share Broker Limited,Asian Securities Private Ltd.,600,574.0,344400.0,2025-08-07 11:18:56.547647
2025-08-07,89728,2025080703001035,LBBL,SUN SECURITIES PVT LTD,Ashutosh Brokerage & Securities (PVT) Ltd.,1400,570.6,798840.0,2025-08-07 11:19:37.186829
2025-08-07,89464,2025080703001086,LBBL,Ashutosh Brokerage & Securities (PVT) Ltd.,Ashutosh Brokerage & Securities (PVT) Ltd.,804,571.0,459084.0,2025-08-07 11:20:10.522802
2025-08-07,89384,2025080703001098,LBBL,Ashutosh Brokerage & Securities (PVT) Ltd.,Trishakti Securities Public Limited,300,571.0,171300.0,2025-08-07 11:20:19.548696
2025-08-07,89280,2025080703001116,LBBL,Sumeru Securities Pvt. Ltd.,ABC Securities Private Limited,100,572.9,57290.0,2025-08-07 11:20:36.316417
2025-08-07,89279,2025080703001117,LBBL,Sumeru Securities Pvt. Ltd.,Primo Securities (PVT) Ltd.,400,573.0,229200.0,2025-08-07 11:20:36.316533
2025-08-07,88913,2025080703001195,LBBL,Ashutosh Brokerage & Securities (PVT) Ltd.,Linch Stock Market Ltd.,55,571.0,31405.0,2025-08-07 11:21:31.652681
2025-08-07,88870,2025080703001199,LBBL,Ashutosh Brokerage & Securities (PVT) Ltd.,Asian Securities Private Ltd.,300,571.0,171300.0,2025-08-07 11:21:40.091413
2025-08-07,88839,2025080703001205,LBBL,Ashutosh Brokerage & Securities (PVT) Ltd.,Hatemalo Financial Services Private Limited,41,571.0,23411.0,2025-08-07 11:21:44.067091
2025-08-07,88838,2025080703001206,LBBL,Sewa Securities Pvt. Ltd.,Hatemalo Financial Services Private Limited,59,571.0,33689.0,2025-08-07 11:21:44.067255
2025-08-07,88771,2025080703001229,LBBL,Sewa Securities Pvt. Ltd.,Asian Securities Private Ltd.,100,571.0,57100.0,2025-08-07 11:21:54.184000
2025-08-07,88567,2025080703001262,LBBL,Garima Securities Limited,Vision Securities Pvt. Ltd,500,572.0,286000.0,2025-08-07 11:22:27.471426
2025-08-07,88385,2025080703001302,LBBL,Garima Securities Limited,Sri Hari Securities Pvt. Ltd.,200,572.0,114400.0,2025-08-07 11:22:52.023194
2025-08-07,88384,2025080703001303,LBBL,Sewa Securities Pvt. Ltd.,Sri Hari Securities Pvt. Ltd.,141,571.0,80511.0,2025-08-07 11:22:52.023443
2025-08-07,88383,2025080703001304,LBBL,Citizens Share Broker Limited,Sri Hari Securities Pvt. Ltd.,159,571.0,90789.0,2025-08-07 11:22:52.023609
2025-08-07,88068,2025080703001379,LBBL,Sunrise Securities Limited,Ashutosh Brokerage & Securities (PVT) Ltd.,10,571.1,5711.0,2025-08-07 11:23:47.130787
2025-08-07,87619,2025080703001466,LBBL,Sunrise Securities Limited,ABC Securities Private Limited,500,572.9,286450.0,2025-08-07 11:25:12.001072
2025-08-07,87618,2025080703001467,LBBL,Sunrise Securities Limited,Arun Securities (PVT) Ltd.,100,572.9,57290.0,2025-08-07 11:25:12.001339
2025-08-07,87392,2025080703001515,LBBL,Kohinoor Investment & Securities Pvt. Ltd.,Primo Securities (PVT) Ltd.,1090,573.0,624570.0,2025-08-07 11:26:06.720394
2025-08-07,86688,2025080703001635,LBBL,Sunrise Securities Limited,Ashutosh Brokerage & Securities (PVT) Ltd.,101,573.9,57963.9,2025-08-07 11:28:21.509602
2025-08-07,86687,2025080703001636,LBBL,Sunrise Securities Limited,J.F. Securites (PVT) Ltd.,899,573.9,515936.1,2025-08-07 11:28:21.509866
2025-08-07,86504,2025080703001649,LBBL,Sunrise Securities Limited,J.F. Securites (PVT) Ltd.,390,573.9,223821.0,2025-08-07 11:28:57.607953
2025-08-07,85727,2025080703001749,LBBL,N.M.B. SECURITIES LIMITED,Naasa Securities Co. Ltd.,50,573.8,28690.0,2025-08-07 11:31:06.515036
2025-08-07,85726,2025080703001750,LBBL,N.M.B. SECURITIES LIMITED,J.F. Securites (PVT) Ltd.,50,573.9,28695.0,2025-08-07 11:31:06.515173
2025-08-07,85302,2025080703001813,LBBL,Deevyaa Securities & Stock House Pvt. Ltd,Linch Stock Market Ltd.,83,571.4,47426.2,2025-08-07 11:32:15.922155
2025-08-07,85153,2025080703001871,LBBL,Asian Securities Private Ltd.,ABC Securities Private Limited,500,573.8,286900.0,2025-08-07 11:32:39.537508
2025-08-07,85152,2025080703001872,LBBL,Asian Securities Private Ltd.,J.F. Securites (PVT) Ltd.,161,573.9,92397.9,2025-08-07 11:32:39.537681
2025-08-07,85151,2025080703001873,LBBL,Asian Securities Private Ltd.,Asian Securities Private Ltd.,109,573.9,62555.1,2025-08-07 11:32:39.537755
2025-08-07,85150,2025080703001874,LBBL,Asian Securities Private Ltd.,Arun Securities (PVT) Ltd.,100,574.0,57400.0,2025-08-07 11:32:39.537816
2025-08-07,85149,2025080703001875,LBBL,Asian Securities Private Ltd.,J.F. Securites (PVT) Ltd.,130,574.0,74620.0,2025-08-07 11:32:39.537877
2025-08-07,85082,2025080703001896,LBBL,Imperial Securities Company Pvt. Ltd.,J.F. Securites (PVT) Ltd.,75,574.0,43050.0,2025-08-07 11:32:52.849088
2025-08-07,85077,2025080703001897,LBBL,N.M.B. SECURITIES LIMITED,J.F. Securites (PVT) Ltd.,100,573.0,57300.0,2025-08-07 11:32:54.196209
2025-08-07,85076,2025080703001898,LBBL,Deevyaa Securities & Stock House Pvt. Ltd,J.F. Securites (PVT) Ltd.,17,571.4,9713.8,2025-08-07 11:32:54.196399
2025-08-07,85075,2025080703001899,LBBL,Citizens Share Broker Limited,J.F. Securites (PVT) Ltd.,883,571.2,504369.6,2025-08-07 11:32:54.196462
2025-08-07,84861,2025080703001926,LBBL,Midas Stock Broking Company Private Limited,J.F. Securites (PVT) Ltd.,500,571.3,285650.0,2025-08-07 11:33:35.361925
2025-08-07,84860,2025080703001927,LBBL,Citizens Share Broker Limited,J.F. Securites (PVT) Ltd.,1500,571.2,856800.0,2025-08-07 11:33:35.362074
2025-08-07,84670,2025080703001969,LBBL,Citizens Share Broker Limited,Naasa Securities Co. Ltd.,458,571.2,261609.6,2025-08-07 11:34:18.459366
2025-08-07,84669,2025080703001970,LBBL,Naasa Securities Co. Ltd.,Naasa Securities Co. Ltd.,235,571.0,134185.0,2025-08-07 11:34:18.459564
2025-08-07,84668,2025080703001971,LBBL,Online Securities Pvt. Ltd.,Naasa Securities Co. Ltd.,700,571.0,399700.0,2025-08-07 11:34:18.459627
2025-08-07,84667,2025080703001972,LBBL,Siprabi Securities Pvt. Ltd.,Naasa Securities Co. Ltd.,200,571.0,114200.0,2025-08-07 11:34:18.459686
2025-08-07,84666,2025080703001973,LBBL,Aryatara Investment & Securities,Naasa Securities Co. Ltd.,407,571.0,232397.0,2025-08-07 11:34:18.459743
2025-08-07,84495,2025080703002001,LBBL,Aryatara Investment & Securities,J.F. Securites (PVT) Ltd.,593,571.0,338603.0,2025-08-07 11:34:56.731939
2025-08-07,84494,2025080703002002,LBBL,Naasa Securities Co. Ltd.,J.F. Securites (PVT) Ltd.,100,571.0,57100.0,2025-08-07 11:34:56.732257
2025-08-07,84078,2025080703002056,LBBL,Miyo Securities Pvt Ltd,J.F. Securites (PVT) Ltd.,307,571.0,175297.0,2025-08-07 11:36:16.605964
2025-08-07,84077,2025080703002057,LBBL,Miyo Securities Pvt Ltd,J.F. Securites (PVT) Ltd.,793,571.0,452803.0,2025-08-07 11:36:16.606144
2025-08-07,83963,2025080703002071,LBBL,Midas Stock Broking Company Private Limited,Ashutosh Brokerage & Securities (PVT) Ltd.,10,573.9,5739.0,2025-08-07 11:36:39.496901
2025-08-07,83837,2025080703002096,LBBL,ABC Securities Private Limited,Ashutosh Brokerage & Securities (PVT) Ltd.,90,573.9,51651.0,2025-08-07 11:37:11.033722
2025-08-07,83836,2025080703002097,LBBL,ABC Securities Private Limited,Linch Stock Market Ltd.,10,573.9,5739.0,2025-08-07 11:37:11.033875
2025-08-07,82297,2025080703002284,LBBL,SUN SECURITIES PVT LTD,Naasa Securities Co. Ltd.,200,572.0,114400.0,2025-08-07 11:41:28.526976
2025-08-07,82296,2025080703002285,LBBL,N.M.B. SECURITIES LIMITED,Naasa Securities Co. Ltd.,100,572.0,57200.0,2025-08-07 11:41:28.527413
2025-08-07,82182,2025080703002290,LBBL,Garima Securities Limited,Naasa Securities Co. Ltd.,1000,572.0,572000.0,2025-08-07 11:41:48.664690
2025-08-07,82159,2025080703002293,LBBL,Sumeru Securities Pvt. Ltd.,J.F. Securites (PVT) Ltd.,100,571.0,57100.0,2025-08-07 11:41:55.789294
2025-08-07,82158,2025080703002294,LBBL,Cristal Kanchanjanga Securites Pvt. Ltd.,J.F. Securites (PVT) Ltd.,500,571.0,285500.0,2025-08-07 11:41:55.789473
2025-08-07,82157,2025080703002295,LBBL,Aryatara Investment & Securities,J.F. Securites (PVT) Ltd.,300,571.0,171300.0,2025-08-07 11:41:55.789538
2025-08-07,82128,2025080703002299,LBBL,Premier Securities Company Ltd.,J.F. Securites (PVT) Ltd.,200,571.0,114200.0,2025-08-07 11:41:58.490279
2025-08-07,82065,2025080703002306,LBBL,Garima Securities Limited,J.F. Securites (PVT) Ltd.,400,571.0,228400.0,2025-08-07 11:42:08.746556
2025-08-07,81922,2025080703002329,LBBL,Himalayan Brokerage Company Limited,Naasa Securities Co. Ltd.,200,572.0,114400.0,2025-08-07 11:42:48.326400
2025-08-07,81026,2025080703002442,LBBL,Himalayan Brokerage Company Limited,Nepal Stock House (PVT) Ltd.,250,572.0,143000.0,2025-08-07 11:45:43.254735
2025-08-07,80736,2025080703002474,LBBL,Himalayan Brokerage Company Limited,Ashutosh Brokerage & Securities (PVT) Ltd.,50,572.0,28600.0,2025-08-07 11:46:25.694973
2025-08-07,80563,2025080703002503,LBBL,Himalayan Brokerage Company Limited,Sani Securities Company Ltd.,500,572.0,286000.0,2025-08-07 11:46:57.620050
2025-08-07,80562,2025080703002504,LBBL,Sunrise Securities Limited,Sani Securities Company Ltd.,100,572.0,57200.0,2025-08-07 11:46:57.620257
2025-08-07,80058,2025080703002547,LBBL,Imperial Securities Company Pvt. Ltd.,Sewa Securities Pvt. Ltd.,500,572.3,286150.0,2025-08-07 11:48:17.269500
2025-08-07,80057,2025080703002548,LBBL,Imperial Securities Company Pvt. Ltd.,Sani Securities Company Ltd.,500,572.3,286150.0,2025-08-07 11:48:17.269685
2025-08-07,80056,2025080703002549,LBBL,Imperial Securities Company Pvt. Ltd.,Sani Securities Company Ltd.,480,572.3,274704.0,2025-08-07 11:48:17.269752
2025-08-07,79847,2025080703002579,LBBL,Imperial Securities Company Pvt. Ltd.,Nepal Stock House (PVT) Ltd.,20,572.3,11446.0,2025-08-07 11:48:50.685075
2025-08-07,79846,2025080703002580,LBBL,SUN SECURITIES PVT LTD,Nepal Stock House (PVT) Ltd.,100,571.5,57150.0,2025-08-07 11:48:50.685374
2025-08-07,79845,2025080703002581,LBBL,Market Securities & Exchange (PVT) Ltd.,Nepal Stock House (PVT) Ltd.,500,571.5,285750.0,2025-08-07 11:48:50.685568
2025-08-07,79844,2025080703002582,LBBL,Midas Stock Broking Company Private Limited,Nepal Stock House (PVT) Ltd.,500,571.3,285650.0,2025-08-07 11:48:50.685757
2025-08-07,79843,2025080703002583,LBBL,Cristal Kanchanjanga Securites Pvt. Ltd.,Nepal Stock House (PVT) Ltd.,380,571.2,217056.0,2025-08-07 11:48:50.685948
2025-08-07,79771,2025080703002592,LBBL,Online Securities Pvt. Ltd.,NIMB Stock Markets Limited,187,572.3,107020.1,2025-08-07 11:49:06.048638
2025-08-07,79751,2025080703002593,LBBL,Sani Securities Company Ltd.,NIMB Stock Markets Limited,262,572.3,149942.6,2025-08-07 11:49:09.433442
2025-08-07,79574,2025080703002620,LBBL,Cristal Kanchanjanga Securites Pvt. Ltd.,Aryatara Investment & Securities,10,571.2,5712.0,2025-08-07 11:49:39.489796
2025-08-07,79518,2025080703002627,LBBL,Cristal Kanchanjanga Securites Pvt. Ltd.,NIMB Stock Markets Limited,110,571.2,62832.0,2025-08-07 11:49:52.602418
2025-08-07,79465,2025080703002633,LBBL,Sumeru Securities Pvt. Ltd.,ABC Securities Private Limited,100,571.1,57110.0,2025-08-07 11:50:00.212179
2025-08-07,79464,2025080703002634,LBBL,Garima Securities Limited,ABC Securities Private Limited,600,571.0,342600.0,2025-08-07 11:50:00.212261
2025-08-07,79463,2025080703002635,LBBL,Neev Securities Pvt. Ltd.,ABC Securities Private Limited,100,570.7,57070.0,2025-08-07 11:50:00.212309
2025-08-07,79462,2025080703002636,LBBL,SUN SECURITIES PVT LTD,ABC Securities Private Limited,500,570.6,285300.0,2025-08-07 11:50:00.212333
2025-08-07,79461,2025080703002637,LBBL,R.B.B. Securities Company Ltd,ABC Securities Private Limited,700,570.3,399210.0,2025-08-07 11:50:00.212362
2025-08-07,79335,2025080703002644,LBBL,R.B.B. Securities Company Ltd,Arun Securities (PVT) Ltd.,200,570.3,114060.0,2025-08-07 11:50:23.928664
2025-08-07,79138,2025080703002674,LBBL,Garima Securities Limited,Vision Securities Pvt. Ltd,640,570.4,365056.0,2025-08-07 11:50:55.694150
2025-08-07,78902,2025080703002694,LBBL,Secured Securities Ltd.,Sani Securities Company Ltd.,100,571.0,57100.0,2025-08-07 11:51:33.716796
2025-08-07,78826,2025080703002709,LBBL,Vision Securities Pvt. Ltd,Sani Securities Company Ltd.,900,571.0,513900.0,2025-08-07 11:51:46.170472
2025-08-07,78631,2025080703002754,LBBL,Sri Hari Securities Pvt. Ltd.,NIMB Stock Markets Limited,1000,571.2,571200.0,2025-08-07 11:52:23.770554
2025-08-07,78575,2025080703002767,LBBL,Midas Stock Broking Company Private Limited,NIMB Stock Markets Limited,200,571.2,114240.0,2025-08-07 11:52:37.556158
2025-08-07,78570,2025080703002768,LBBL,Nepal Stock House (PVT) Ltd.,NIMB Stock Markets Limited,690,571.2,394128.0,2025-08-07 11:52:38.159404
2025-08-07,78488,2025080703002785,LBBL,Vision Securities Pvt. Ltd,NIMB Stock Markets Limited,100,572.3,57230.0,2025-08-07 11:52:53.781386
2025-08-07,78468,2025080703002787,LBBL,Garima Securities Limited,NIMB Stock Markets Limited,360,572.3,206028.0,2025-08-07 11:52:58.024177
2025-08-07,78046,2025080703002841,LBBL,Premier Securities Company Ltd.,NIMB Stock Markets Limited,1091,572.3,624379.3,2025-08-07 11:54:19.693996
2025-08-07,77954,2025080703002854,LBBL,Trishakti Securities Public Limited,Premier Securities Company Ltd.,623,572.5,356667.5,2025-08-07 11:54:33.724661
2025-08-07,77953,2025080703002855,LBBL,Trishakti Securities Public Limited,Opal Securities Investment (PVT) Ltd.,240,573.0,137520.0,2025-08-07 11:54:33.724972
2025-08-07,77869,2025080703002870,LBBL,Elite Stock House Limited,Elite Stock House Limited,500,573.9,286950.0,2025-08-07 11:54:53.708430
2025-08-07,77679,2025080703002910,LBBL,Vision Securities Pvt. Ltd,Trishakti Securities Public Limited,90,574.0,51660.0,2025-08-07 11:55:30.531657
2025-08-07,77505,2025080703002937,LBBL,Sri Hari Securities Pvt. Ltd.,Trishakti Securities Public Limited,10,574.0,5740.0,2025-08-07 11:56:07.506689
2025-08-07,77504,2025080703002938,LBBL,Sri Hari Securities Pvt. Ltd.,ABC Securities Private Limited,100,574.4,57440.0,2025-08-07 11:56:07.506987
2025-08-07,77503,2025080703002939,LBBL,Sri Hari Securities Pvt. Ltd.,Deevyaa Securities & Stock House Pvt. Ltd,50,574.4,28720.0,2025-08-07 11:56:07.507210
2025-08-07,77502,2025080703002940,LBBL,Sri Hari Securities Pvt. Ltd.,Premier Securities Company Ltd.,250,575.0,143750.0,2025-08-07 11:56:07.507420
2025-08-07,77501,2025080703002941,LBBL,Sri Hari Securities Pvt. Ltd.,Midas Stock Broking Company Private Limited,90,575.0,51750.0,2025-08-07 11:56:07.507601
2025-08-07,77288,2025080703002995,LBBL,Vision Securities Pvt. Ltd,Midas Stock Broking Company Private Limited,210,575.0,120750.0,2025-08-07 11:56:39.396311
2025-08-07,77287,2025080703002996,LBBL,Vision Securities Pvt. Ltd,Naasa Securities Co. Ltd.,340,575.0,195500.0,2025-08-07 11:56:39.396640
2025-08-07,77227,2025080703003005,LBBL,Naasa Securities Co. Ltd.,Naasa Securities Co. Ltd.,60,575.0,34500.0,2025-08-07 11:56:48.861738
2025-08-07,77226,2025080703003006,LBBL,Naasa Securities Co. Ltd.,Thrive Brokerage House Pvt. Ltd,40,575.0,23000.0,2025-08-07 11:56:48.862015
2025-08-07,76497,2025080703003106,LBBL,Naasa Securities Co. Ltd.,Vision Securities Pvt. Ltd,10,574.0,5740.0,2025-08-07 11:59:16.365628
2025-08-07,76291,2025080703003134,LBBL,Premier Securities Company Ltd.,Vision Securities Pvt. Ltd,20,574.0,11480.0,2025-08-07 11:59:57.634404
2025-08-07,76290,2025080703003135,LBBL,Premier Securities Company Ltd.,Premier Securities Company Ltd.,600,574.9,344940.0,2025-08-07 11:59:57.634536
2025-08-07,76289,2025080703003136,LBBL,Premier Securities Company Ltd.,Thrive Brokerage House Pvt. Ltd,60,575.0,34500.0,2025-08-07 11:59:57.634610
2025-08-07,76288,2025080703003137,LBBL,Premier Securities Company Ltd.,Linch Stock Market Ltd.,10,575.0,5750.0,2025-08-07 11:59:57.634685
2025-08-07,76287,2025080703003138,LBBL,Premier Securities Company Ltd.,Nabil Stock Dealer Ltd.,150,575.0,86250.0,2025-08-07 11:59:57.634759
2025-08-07,76286,2025080703003139,LBBL,Premier Securities Company Ltd.,Sani Securities Company Ltd.,100,575.0,57500.0,2025-08-07 11:59:57.634829
2025-08-07,76285,2025080703003140,LBBL,Premier Securities Company Ltd.,Ashutosh Brokerage & Securities (PVT) Ltd.,200,576.9,115380.0,2025-08-07 11:59:57.634904
2025-08-07,76284,2025080703003141,LBBL,Premier Securities Company Ltd.,BHOLE GANESH SECURITIES LTD,500,577.0,288500.0,2025-08-07 11:59:57.634972
2025-08-07,76283,2025080703003142,LBBL,Premier Securities Company Ltd.,Arun Securities (PVT) Ltd.,100,577.0,57700.0,2025-08-07 11:59:57.635058
2025-08-07,76282,2025080703003143,LBBL,Premier Securities Company Ltd.,Agrawal Securities (PVT) Ltd.,200,578.0,115600.0,2025-08-07 11:59:57.635141
2025-08-07,76281,2025080703003144,LBBL,Premier Securities Company Ltd.,Investment Management Nepal Pvt. Ltd.,60,578.9,34734.0,2025-08-07 11:59:57.635202
2025-08-07,76089,2025080703003197,LBBL,Elite Stock House Limited,South Asian Bulls Pvt. Ltd.,74,575.0,42550.0,2025-08-07 12:00:41.001562
2025-08-07,75019,2025080703003382,LBBL,Naasa Securities Co. Ltd.,Linch Stock Market Ltd.,100,575.0,57500.0,2025-08-07 12:03:36.073171
2025-08-07,74853,2025080703003413,LBBL,Trishakti Securities Public Limited,Investment Management Nepal Pvt. Ltd.,940,578.9,544166.0,2025-08-07 12:04:02.688570
2025-08-07,74852,2025080703003414,LBBL,Trishakti Securities Public Limited,Ashutosh Brokerage & Securities (PVT) Ltd.,60,578.9,34734.0,2025-08-07 12:04:02.688887
2025-08-07,74754,2025080703003427,LBBL,K.B.L. Securities Limited ,Ashutosh Brokerage & Securities (PVT) Ltd.,140,578.9,81046.0,2025-08-07 12:04:17.153369
2025-08-07,74753,2025080703003428,LBBL,K.B.L. Securities Limited ,Online Securities Pvt. Ltd.,120,579.0,69480.0,2025-08-07 12:04:17.153667
2025-08-07,74752,2025080703003429,LBBL,K.B.L. Securities Limited ,Imperial Securities Company Pvt. Ltd.,20,579.0,11580.0,2025-08-07 12:04:17.153917
2025-08-07,74751,2025080703003430,LBBL,K.B.L. Securities Limited ,Sewa Securities Pvt. Ltd.,470,579.0,272130.0,2025-08-07 12:04:17.154183
2025-08-07,74653,2025080703003441,LBBL,K.B.L. Securities Limited ,Naasa Securities Co. Ltd.,10,576.0,5760.0,2025-08-07 12:04:28.352197
2025-08-07,74268,2025080703003479,LBBL,Dynamic Money Managers Securities Pvt. Ltd.,Sewa Securities Pvt. Ltd.,10,579.0,5790.0,2025-08-07 12:05:16.196302
2025-08-07,74181,2025080703003486,LBBL,Aryatara Investment & Securities,Sewa Securities Pvt. Ltd.,20,579.0,11580.0,2025-08-07 12:05:29.966564
2025-08-07,74180,2025080703003487,LBBL,Aryatara Investment & Securities,Imperial Securities Company Pvt. Ltd.,100,579.3,57930.0,2025-08-07 12:05:29.966738
2025-08-07,74179,2025080703003488,LBBL,Aryatara Investment & Securities,Agrawal Securities (PVT) Ltd.,500,579.7,289850.0,2025-08-07 12:05:29.966810
2025-08-07,74178,2025080703003489,LBBL,Aryatara Investment & Securities,Vision Securities Pvt. Ltd,20,580.0,11600.0,2025-08-07 12:05:29.966881
2025-08-07,74177,2025080703003490,LBBL,Aryatara Investment & Securities,Capital Max Securities Ltd,250,580.0,145000.0,2025-08-07 12:05:29.966950
2025-08-07,74176,2025080703003491,LBBL,Aryatara Investment & Securities,Arun Securities (PVT) Ltd.,100,580.0,58000.0,2025-08-07 12:05:29.967014
2025-08-07,74064,2025080703003500,LBBL,Sri Hari Securities Pvt. Ltd.,SUN SECURITIES PVT LTD,500,581.0,290500.0,2025-08-07 12:05:44.089013
2025-08-07,73942,2025080703003532,LBBL,Deevyaa Securities & Stock House Pvt. Ltd,SUN SECURITIES PVT LTD,500,581.0,290500.0,2025-08-07 12:05:59.719955
2025-08-07,73926,2025080703003535,LBBL,Agrawal Securities (PVT) Ltd.,SUN SECURITIES PVT LTD,500,581.0,290500.0,2025-08-07 12:06:02.822950
2025-08-07,73652,2025080703003594,LBBL,Deevyaa Securities & Stock House Pvt. Ltd,Online Securities Pvt. Ltd.,20,580.9,11618.0,2025-08-07 12:06:38.904098
2025-08-07,73651,2025080703003595,LBBL,Deevyaa Securities & Stock House Pvt. Ltd,Trishakti Securities Public Limited,78,581.0,45318.0,2025-08-07 12:06:38.904414
2025-08-07,73650,2025080703003596,LBBL,Deevyaa Securities & Stock House Pvt. Ltd,Capital Max Securities Ltd,402,581.4,233722.8,2025-08-07 12:06:38.904673
2025-08-07,73559,2025080703003615,LBBL,Aryatara Investment & Securities,Capital Max Securities Ltd,500,581.4,290700.0,2025-08-07 12:06:50.743161
2025-08-07,73510,2025080703003639,LBBL,SHUBHAKAMANA SECURITIES PVT. LTD,Aryatara Investment & Securities,50,581.3,29065.0,2025-08-07 12:06:58.029160
2025-08-07,73509,2025080703003640,LBBL,SHUBHAKAMANA SECURITIES PVT. LTD,Capital Max Securities Ltd,50,581.4,29070.0,2025-08-07 12:06:58.029246
2025-08-07,73214,2025080703003662,LBBL,Online Securities Pvt. Ltd.,Capital Max Securities Ltd,48,581.4,27907.2,2025-08-07 12:07:42.553420
2025-08-07,72981,2025080703003686,LBBL,Aryatara Investment & Securities,Ashutosh Brokerage & Securities (PVT) Ltd.,10,580.0,5800.0,2025-08-07 12:08:15.780522
2025-08-07,72980,2025080703003687,LBBL,Agrawal Securities (PVT) Ltd.,Ashutosh Brokerage & Securities (PVT) Ltd.,490,580.0,284200.0,2025-08-07 12:08:15.780719
2025-08-07,72971,2025080703003691,LBBL,Vision Securities Pvt. Ltd,Ashutosh Brokerage & Securities (PVT) Ltd.,500,582.9,291450.0,2025-08-07 12:08:17.571045
2025-08-07,72104,2025080703003816,LBBL,Sumeru Securities Pvt. Ltd.,ABC Securities Private Limited,450,582.5,262125.0,2025-08-07 12:10:40.176117
2025-08-07,72103,2025080703003817,LBBL,Sumeru Securities Pvt. Ltd.,Ashutosh Brokerage & Securities (PVT) Ltd.,200,582.9,116580.0,2025-08-07 12:10:40.176343
2025-08-07,71912,2025080703003839,LBBL,Agrawal Securities (PVT) Ltd.,Midas Stock Broking Company Private Limited,200,582.9,116580.0,2025-08-07 12:11:23.517044
2025-08-07,71911,2025080703003840,LBBL,Agrawal Securities (PVT) Ltd.,Ashutosh Brokerage & Securities (PVT) Ltd.,200,583.0,116600.0,2025-08-07 12:11:23.517212
2025-08-07,71851,2025080703003845,LBBL,Agrawal Securities (PVT) Ltd.,Thrive Brokerage House Pvt. Ltd,100,583.0,58300.0,2025-08-07 12:11:38.205973
2025-08-07,71376,2025080703003972,LBBL,Online Securities Pvt. Ltd.,Pragyan Securities (PVT) Ltd.,249,583.0,145167.0,2025-08-07 12:13:00.652378
2025-08-07,71375,2025080703003973,LBBL,Online Securities Pvt. Ltd.,Bhrikuti Stock Broking Co. Pvt. Ltd.,100,584.0,58400.0,2025-08-07 12:13:00.652550
2025-08-07,71374,2025080703003974,LBBL,Online Securities Pvt. Ltd.,Arun Securities (PVT) Ltd.,50,584.0,29200.0,2025-08-07 12:13:00.652624
2025-08-07,71373,2025080703003975,LBBL,Online Securities Pvt. Ltd.,Kumari Securities Private Limited,100,584.4,58440.0,2025-08-07 12:13:00.652695
2025-08-07,71372,2025080703003976,LBBL,Online Securities Pvt. Ltd.,Imperial Securities Company Pvt. Ltd.,150,584.9,87735.0,2025-08-07 12:13:00.652760
2025-08-07,71371,2025080703003977,LBBL,Online Securities Pvt. Ltd.,Sri Hari Securities Pvt. Ltd.,500,584.9,292450.0,2025-08-07 12:13:00.652831
2025-08-07,71370,2025080703003978,LBBL,Online Securities Pvt. Ltd.,Vision Securities Pvt. Ltd,3851,584.9,2252449.9,2025-08-07 12:13:00.652908
2025-08-07,71110,2025080703004009,LBBL,Agrawal Securities (PVT) Ltd.,Deevyaa Securities & Stock House Pvt. Ltd,200,583.0,116600.0,2025-08-07 12:13:32.971106
2025-08-07,71037,2025080703004029,LBBL,Sumeru Securities Pvt. Ltd.,Vision Securities Pvt. Ltd,850,584.9,497165.0,2025-08-07 12:13:47.022885
2025-08-07,70738,2025080703004086,LBBL,Cristal Kanchanjanga Securites Pvt. Ltd.,Thrive Brokerage House Pvt. Ltd,100,584.0,58400.0,2025-08-07 12:14:35.228890
2025-08-07,70737,2025080703004087,LBBL,Cristal Kanchanjanga Securites Pvt. Ltd.,Ashutosh Brokerage & Securities (PVT) Ltd.,400,584.8,233920.0,2025-08-07 12:14:35.229106
2025-08-07,70409,2025080703004123,LBBL,Naasa Securities Co. Ltd.,Thrive Brokerage House Pvt. Ltd,100,583.0,58300.0,2025-08-07 12:15:24.283847
2025-08-07,70406,2025080703004126,LBBL,Ashutosh Brokerage & Securities (PVT) Ltd.,Premier Securities Company Ltd.,8,573.0,4584.0,2025-08-07 12:15:25.496314
2025-08-07,70382,2025080703004128,LBBL,Sri Hari Securities Pvt. Ltd.,Cristal Kanchanjanga Securites Pvt. Ltd.,300,584.0,175200.0,2025-08-07 12:15:28.076753
2025-08-07,70181,2025080703004175,LBBL,Ashutosh Brokerage & Securities (PVT) Ltd.,Primo Securities (PVT) Ltd.,4,573.0,2292.0,2025-08-07 12:15:59.716575
2025-08-07,69925,2025080703004218,LBBL,Primo Securities (PVT) Ltd.,Cristal Kanchanjanga Securites Pvt. Ltd.,112,584.0,65408.0,2025-08-07 12:16:32.256966
2025-08-07,69924,2025080703004219,LBBL,Primo Securities (PVT) Ltd.,Aakashbhairab Securities Ltd.,38,584.0,22192.0,2025-08-07 12:16:32.257157
2025-08-07,69830,2025080703004232,LBBL,Sharepro Securities Private Limited,Aakashbhairab Securities Ltd.,172,584.0,100448.0,2025-08-07 12:16:47.827157
2025-08-07,69829,2025080703004233,LBBL,Sharepro Securities Private Limited,Ashutosh Brokerage & Securities (PVT) Ltd.,100,584.8,58480.0,2025-08-07 12:16:47.827355
2025-08-07,69828,2025080703004234,LBBL,Sharepro Securities Private Limited,Sri Hari Securities Pvt. Ltd.,528,584.8,308774.4,2025-08-07 12:16:47.827435
2025-08-07,69777,2025080703004243,LBBL,Primo Securities (PVT) Ltd.,Asian Securities Private Ltd.,100,584.0,58400.0,2025-08-07 12:16:56.363003
2025-08-07,69682,2025080703004261,LBBL,Primo Securities (PVT) Ltd.,Sri Hari Securities Pvt. Ltd.,400,584.5,233800.0,2025-08-07 12:17:14.227858
2025-08-07,69598,2025080703004280,LBBL,Prabhu Stock Market Limited,Sri Hari Securities Pvt. Ltd.,472,584.8,276025.6,2025-08-07 12:17:28.650528
2025-08-07,69597,2025080703004281,LBBL,Prabhu Stock Market Limited,Vision Securities Pvt. Ltd,28,584.9,16377.2,2025-08-07 12:17:28.650775
2025-08-07,69364,2025080703004326,LBBL,Aryatara Investment & Securities,Elite Stock House Limited,500,583.0,291500.0,2025-08-07 12:18:12.196798
2025-08-07,69332,2025080703004336,LBBL,Vision Securities Pvt. Ltd,Sri Hari Securities Pvt. Ltd.,180,583.0,104940.0,2025-08-07 12:18:16.268772
2025-08-07,69331,2025080703004337,LBBL,Capital Max Securities Ltd,Sri Hari Securities Pvt. Ltd.,1000,583.0,583000.0,2025-08-07 12:18:16.269147
2025-08-07,69038,2025080703004390,LBBL,Imperial Securities Company Pvt. Ltd.,Sri Hari Securities Pvt. Ltd.,500,583.0,291500.0,2025-08-07 12:19:11.431618
2025-08-07,68940,2025080703004402,LBBL,Ashutosh Brokerage & Securities (PVT) Ltd.,Market Securities & Exchange (PVT) Ltd.,10,582.9,5829.0,2025-08-07 12:19:32.619809
2025-08-07,68750,2025080703004431,LBBL,Ashutosh Brokerage & Securities (PVT) Ltd.,Thrive Brokerage House Pvt. Ltd,10,582.5,5825.0,2025-08-07 12:19:51.587180
2025-08-07,68749,2025080703004432,LBBL,Naasa Securities Co. Ltd.,Thrive Brokerage House Pvt. Ltd,300,582.5,174750.0,2025-08-07 12:19:51.587533
2025-08-07,68748,2025080703004433,LBBL,Midas Stock Broking Company Private Limited,Thrive Brokerage House Pvt. Ltd,390,582.5,227175.0,2025-08-07 12:19:51.587750
2025-08-07,68652,2025080703004448,LBBL,Midas Stock Broking Company Private Limited,Ashutosh Brokerage & Securities (PVT) Ltd.,110,582.5,64075.0,2025-08-07 12:20:15.351931
2025-08-07,68651,2025080703004449,LBBL,Thrive Brokerage House Pvt. Ltd,Ashutosh Brokerage & Securities (PVT) Ltd.,1000,582.4,582400.0,2025-08-07 12:20:15.352300
2025-08-07,68592,2025080703004463,LBBL,Hatemalo Financial Services Private Limited,Neev Securities Pvt. Ltd.,100,582.3,58230.0,2025-08-07 12:20:24.329213
2025-08-07,68525,2025080703004491,LBBL,Hatemalo Financial Services Private Limited,Market Securities & Exchange (PVT) Ltd.,400,582.3,232920.0,2025-08-07 12:20:36.052054
2025-08-07,68524,2025080703004492,LBBL,Sumeru Securities Pvt. Ltd.,Market Securities & Exchange (PVT) Ltd.,90,582.3,52407.0,2025-08-07 12:20:36.052518
2025-08-07,68466,2025080703004517,LBBL,Primo Securities (PVT) Ltd.,Ashutosh Brokerage & Securities (PVT) Ltd.,30,582.4,17472.0,2025-08-07 12:20:43.803333
2025-08-07,68211,2025080703004555,LBBL,Premier Securities Company Ltd.,Ashutosh Brokerage & Securities (PVT) Ltd.,10,582.4,5824.0,2025-08-07 12:21:35.104310
2025-08-07,67819,2025080703004602,LBBL,Cristal Kanchanjanga Securites Pvt. Ltd.,Dipshikha Dhitopatra Karobar Co. Pvt Ltd.,52,582.4,30284.8,2025-08-07 12:22:32.691445
2025-08-07,67818,2025080703004603,LBBL,Sumeru Securities Pvt. Ltd.,Dipshikha Dhitopatra Karobar Co. Pvt Ltd.,148,582.3,86180.4,2025-08-07 12:22:32.691850
2025-08-07,67373,2025080703004659,LBBL,Sundhara Securities Limited,Market Securities & Exchange (PVT) Ltd.,100,582.5,58250.0,2025-08-07 12:24:00.082005
2025-08-07,67372,2025080703004660,LBBL,Aryatara Investment & Securities,Market Securities & Exchange (PVT) Ltd.,280,582.4,163072.0,2025-08-07 12:24:00.082050
2025-08-07,67122,2025080703004704,LBBL,SUN SECURITIES PVT LTD,SUN SECURITIES PVT LTD,7,570.8,3995.6,2025-08-07 12:24:57.028459
2025-08-07,67088,2025080703004712,LBBL,J.F. Securites (PVT) Ltd.,Vision Securities Pvt. Ltd,150,582.7,87405.0,2025-08-07 12:25:00.175348
2025-08-07,67087,2025080703004713,LBBL,Aryatara Investment & Securities,Vision Securities Pvt. Ltd,220,582.4,128128.0,2025-08-07 12:25:00.175727
2025-08-07,67086,2025080703004714,LBBL,Sumeru Securities Pvt. Ltd.,Vision Securities Pvt. Ltd,130,582.3,75699.0,2025-08-07 12:25:00.175948
2025-08-07,66977,2025080703004742,LBBL,Sumeru Securities Pvt. Ltd.,Trishakti Securities Public Limited,500,582.3,291150.0,2025-08-07 12:25:16.842775
2025-08-07,66750,2025080703004765,LBBL,Sumeru Securities Pvt. Ltd.,Thrive Brokerage House Pvt. Ltd,500,582.3,291150.0,2025-08-07 12:25:54.365499
2025-08-07,66720,2025080703004771,LBBL,Sumeru Securities Pvt. Ltd.,Nabil Stock Dealer Ltd.,632,582.3,368013.6,2025-08-07 12:25:59.541392
2025-08-07,66719,2025080703004772,LBBL,Premier Securities Company Ltd.,Nabil Stock Dealer Ltd.,100,582.3,58230.0,2025-08-07 12:25:59.541736
2025-08-07,66718,2025080703004773,LBBL,Capital Max Securities Ltd,Nabil Stock Dealer Ltd.,1000,582.0,582000.0,2025-08-07 12:25:59.541976
2025-08-07,66717,2025080703004774,LBBL,Prabhu Stock Market Limited,Nabil Stock Dealer Ltd.,250,582.0,145500.0,2025-08-07 12:25:59.542239
2025-08-07,66716,2025080703004775,LBBL,Sajilo Broker Limited,Nabil Stock Dealer Ltd.,200,582.0,116400.0,2025-08-07 12:25:59.542464
2025-08-07,66715,2025080703004776,LBBL,Primo Securities (PVT) Ltd.,Nabil Stock Dealer Ltd.,100,581.1,58110.0,2025-08-07 12:25:59.542687
2025-08-07,66714,2025080703004777,LBBL,Dipshikha Dhitopatra Karobar Co. Pvt Ltd.,Nabil Stock Dealer Ltd.,258,580.6,149794.8,2025-08-07 12:25:59.542911
2025-08-07,66713,2025080703004778,LBBL,Trisul Securities & Invt. Ltd.,Nabil Stock Dealer Ltd.,200,580.3,116060.0,2025-08-07 12:25:59.543143
2025-08-07,66712,2025080703004779,LBBL,Dakshinkali Investment & Securities Pvt. Ltd.,Nabil Stock Dealer Ltd.,50,580.1,29005.0,2025-08-07 12:25:59.543373
2025-08-07,66711,2025080703004780,LBBL,Neev Securities Pvt. Ltd.,Nabil Stock Dealer Ltd.,50,580.0,29000.0,2025-08-07 12:25:59.543592
2025-08-07,66710,2025080703004781,LBBL,Prabhu Stock Market Limited,Nabil Stock Dealer Ltd.,250,580.0,145000.0,2025-08-07 12:25:59.543812
2025-08-07,66709,2025080703004782,LBBL,Sumeru Securities Pvt. Ltd.,Nabil Stock Dealer Ltd.,500,580.0,290000.0,2025-08-07 12:25:59.544020
2025-08-07,66461,2025080703004816,LBBL,Aakashbhairab Securities Ltd.,Midas Stock Broking Company Private Limited,200,580.0,116000.0,2025-08-07 12:26:40.871595
2025-08-07,66432,2025080703004820,LBBL,Naasa Securities Co. Ltd.,Midas Stock Broking Company Private Limited,100,580.0,58000.0,2025-08-07 12:26:46.679380
2025-08-07,66319,2025080703004833,LBBL,Creative Securities Pvt Ltd,Midas Stock Broking Company Private Limited,50,580.0,29000.0,2025-08-07 12:27:04.646300
2025-08-07,66086,2025080703004878,LBBL,Roadshow securities limited,Thrive Brokerage House Pvt. Ltd,500,579.0,289500.0,2025-08-07 12:27:43.816117
2025-08-07,65555,2025080703004975,LBBL,Aakashbhairab Securities Ltd.,Himalayan Brokerage Company Limited,50,578.2,28910.0,2025-08-07 12:29:17.483529
2025-08-07,65554,2025080703004976,LBBL,Naasa Securities Co. Ltd.,Himalayan Brokerage Company Limited,1000,578.1,578100.0,2025-08-07 12:29:17.483737
2025-08-07,65553,2025080703004977,LBBL,Naasa Securities Co. Ltd.,Himalayan Brokerage Company Limited,50,578.1,28905.0,2025-08-07 12:29:17.483820
2025-08-07,65552,2025080703004978,LBBL,Sani Securities Company Ltd.,Himalayan Brokerage Company Limited,900,578.1,520290.0,2025-08-07 12:29:17.483894
2025-08-07,65491,2025080703004989,LBBL,Ashutosh Brokerage & Securities (PVT) Ltd.,Thrive Brokerage House Pvt. Ltd,1,570.9,570.9,2025-08-07 12:29:27.781733
2025-08-07,65278,2025080703005019,LBBL,Sani Securities Company Ltd.,Swarna Laxmi Securities Pvt. Ltd.,100,578.1,57810.0,2025-08-07 12:29:54.279940
2025-08-07,65277,2025080703005020,LBBL,Aryatara Investment & Securities,Naasa Securities Co. Ltd.,100,578.0,57800.0,2025-08-07 12:29:54.306145
2025-08-07,65276,2025080703005021,LBBL,Naasa Securities Co. Ltd.,Naasa Securities Co. Ltd.,500,577.2,288600.0,2025-08-07 12:29:54.306332
2025-08-07,65275,2025080703005022,LBBL,Malla & Malla Stock Broking Company Pvt. Limited,Naasa Securities Co. Ltd.,25,577.0,14425.0,2025-08-07 12:29:54.306416
2025-08-07,65274,2025080703005023,LBBL,Prabhu Stock Market Limited,Naasa Securities Co. Ltd.,100,577.0,57700.0,2025-08-07 12:29:54.306496
2025-08-07,65273,2025080703005024,LBBL,Naasa Securities Co. Ltd.,Naasa Securities Co. Ltd.,1000,576.0,576000.0,2025-08-07 12:29:54.306573
2025-08-07,65134,2025080703005065,LBBL,Vision Securities Pvt. Ltd,Shree Krishna Securities Ltd.,21,575.1,12077.1,2025-08-07 12:30:13.249234
2025-08-07,65045,2025080703005073,LBBL,Imperial Securities Company Pvt. Ltd.,Naasa Securities Co. Ltd.,275,576.0,158400.0,2025-08-07 12:30:23.901930
2025-08-07,64993,2025080703005087,LBBL,Imperial Securities Company Pvt. Ltd.,Midas Stock Broking Company Private Limited,225,578.0,130050.0,2025-08-07 12:30:31.096256
2025-08-07,63911,2025080703005291,LBBL,K.B.L. Securities Limited ,SUN SECURITIES PVT LTD,150,576.0,86400.0,2025-08-07 12:33:25.470876
2025-08-07,63910,2025080703005292,LBBL,Dipshikha Dhitopatra Karobar Co. Pvt Ltd.,SUN SECURITIES PVT LTD,100,576.0,57600.0,2025-08-07 12:33:25.471097
2025-08-07,63116,2025080703005412,LBBL,Kumari Securities Private Limited,SUN SECURITIES PVT LTD,10,576.0,5760.0,2025-08-07 12:35:38.489234
2025-08-07,62298,2025080703005598,LBBL,Premier Securities Company Ltd.,SUN SECURITIES PVT LTD,46,575.0,26450.0,2025-08-07 12:38:06.375245
2025-08-07,62297,2025080703005599,LBBL,Secured Securities Ltd.,SUN SECURITIES PVT LTD,100,575.0,57500.0,2025-08-07 12:38:06.375716
2025-08-07,62296,2025080703005600,LBBL,Imperial Securities Company Pvt. Ltd.,SUN SECURITIES PVT LTD,10,575.0,5750.0,2025-08-07 12:38:06.376066
2025-08-07,62295,2025080703005601,LBBL,N.M.B. SECURITIES LIMITED,SUN SECURITIES PVT LTD,84,575.0,48300.0,2025-08-07 12:38:06.376351
2025-08-07,60551,2025080703005942,LBBL,Vision Securities Pvt. Ltd,Midas Stock Broking Company Private Limited,1275,577.9,736822.5,2025-08-07 12:44:19.965650
2025-08-07,60425,2025080703005967,LBBL,Sri Hari Securities Pvt. Ltd.,Siprabi Securities Pvt. Ltd.,100,578.0,57800.0,2025-08-07 12:44:47.769836
2025-08-07,60424,2025080703005968,LBBL,Sri Hari Securities Pvt. Ltd.,Thrive Brokerage House Pvt. Ltd,700,578.0,404600.0,2025-08-07 12:44:47.770379
2025-08-07,60311,2025080703005990,LBBL,Naasa Securities Co. Ltd.,Thrive Brokerage House Pvt. Ltd,300,578.0,173400.0,2025-08-07 12:45:12.149640
2025-08-07,60310,2025080703005991,LBBL,Sri Hari Securities Pvt. Ltd.,Ashutosh Brokerage & Securities (PVT) Ltd.,100,578.0,57800.0,2025-08-07 12:45:12.252742
2025-08-07,60227,2025080703006009,LBBL,Sundhara Securities Limited,Midas Stock Broking Company Private Limited,500,578.7,289350.0,2025-08-07 12:45:33.582640
2025-08-07,60214,2025080703006016,LBBL,ABC Securities Private Limited,Midas Stock Broking Company Private Limited,150,578.7,86805.0,2025-08-07 12:45:37.219092
2025-08-07,60104,2025080703006049,LBBL,Vision Securities Pvt. Ltd,Naasa Securities Co. Ltd.,1500,578.8,868200.0,2025-08-07 12:45:51.959674
2025-08-07,60035,2025080703006059,LBBL,Aryatara Investment & Securities,Vision Securities Pvt. Ltd,21,578.8,12154.8,2025-08-07 12:46:04.121473
2025-08-07,59958,2025080703006081,LBBL,Nagarik Stock Dealer ,Sani Securities Company Ltd.,370,580.0,214600.0,2025-08-07 12:46:23.661292
2025-08-07,59957,2025080703006082,LBBL,Nagarik Stock Dealer ,Vision Securities Pvt. Ltd,250,580.0,145000.0,2025-08-07 12:46:23.661330
2025-08-07,59956,2025080703006083,LBBL,Nagarik Stock Dealer ,Premier Securities Company Ltd.,331,580.0,191980.0,2025-08-07 12:46:23.661352
2025-08-07,59955,2025080703006084,LBBL,Nagarik Stock Dealer ,Naasa Securities Co. Ltd.,20,580.0,11600.0,2025-08-07 12:46:23.661374
2025-08-07,59954,2025080703006085,LBBL,Nagarik Stock Dealer ,Cristal Kanchanjanga Securites Pvt. Ltd.,29,580.8,16843.2,2025-08-07 12:46:23.661399
2025-08-07,59817,2025080703006113,LBBL,Dynamic Money Managers Securities Pvt. Ltd.,Cristal Kanchanjanga Securites Pvt. Ltd.,21,580.8,12196.8,2025-08-07 12:46:59.563746
2025-08-07,59482,2025080703006162,LBBL,ABC Securities Private Limited,Kumari Securities Private Limited,150,579.0,86850.0,2025-08-07 12:48:12.030408
2025-08-07,59481,2025080703006163,LBBL,Sundhara Securities Limited,Kumari Securities Private Limited,350,579.0,202650.0,2025-08-07 12:48:12.030843
2025-08-07,58595,2025080703006294,LBBL,Aryatara Investment & Securities,Sharepro Securities Private Limited,70,580.0,40600.0,2025-08-07 12:51:12.291207
2025-08-07,58483,2025080703006316,LBBL,Aryatara Investment & Securities,Kumari Securities Private Limited,200,580.0,116000.0,2025-08-07 12:51:33.706125
2025-08-07,58312,2025080703006362,LBBL,Aryatara Investment & Securities,Capital Max Securities Ltd,209,580.0,121220.0,2025-08-07 12:52:16.369885
2025-08-07,58311,2025080703006363,LBBL,Sani Securities Company Ltd.,Capital Max Securities Ltd,10,580.0,5800.0,2025-08-07 12:52:16.370207
2025-08-07,58310,2025080703006364,LBBL,Sani Securities Company Ltd.,Capital Max Securities Ltd,20,580.0,11600.0,2025-08-07 12:52:16.370299
2025-08-07,57661,2025080703006462,LBBL,Ashutosh Brokerage & Securities (PVT) Ltd.,Capital Max Securities Ltd,11,580.0,6380.0,2025-08-07 12:54:28.562995
2025-08-07,57660,2025080703006463,LBBL,Ashutosh Brokerage & Securities (PVT) Ltd.,J.F. Securites (PVT) Ltd.,333,580.0,193140.0,2025-08-07 12:54:28.563251
2025-08-07,57658,2025080703006465,LBBL,Sundhara Securities Limited,Thrive Brokerage House Pvt. Ltd,10,579.0,5790.0,2025-08-07 12:54:29.293437
2025-08-07,57644,2025080703006469,LBBL,Sharepro Securities Private Limited,Vision Securities Pvt. Ltd,400,578.8,231520.0,2025-08-07 12:54:32.623740
2025-08-07,57367,2025080703006509,LBBL,Naasa Securities Co. Ltd.,Thrive Brokerage House Pvt. Ltd,100,579.0,57900.0,2025-08-07 12:55:45.022374
2025-08-07,57033,2025080703006570,LBBL,Midas Stock Broking Company Private Limited,Thrive Brokerage House Pvt. Ltd,33,578.9,19103.7,2025-08-07 12:57:00.000507
2025-08-07,56915,2025080703006596,LBBL,Midas Stock Broking Company Private Limited,Linch Stock Market Ltd.,10,579.0,5790.0,2025-08-07 12:57:40.424459
2025-08-07,56076,2025080703006755,LBBL,SUN SECURITIES PVT LTD,J.F. Securites (PVT) Ltd.,30,580.0,17400.0,2025-08-07 13:00:54.722235
2025-08-07,54876,2025080703006942,LBBL,Miyo Securities Pvt Ltd,J.F. Securites (PVT) Ltd.,137,580.0,79460.0,2025-08-07 13:04:53.852905
2025-08-07,54875,2025080703006943,LBBL,Miyo Securities Pvt Ltd,Creative Securities Pvt Ltd,26,580.0,15080.0,2025-08-07 13:04:53.853175
2025-08-07,54874,2025080703006944,LBBL,Miyo Securities Pvt Ltd,Thrive Brokerage House Pvt. Ltd,100,580.0,58000.0,2025-08-07 13:04:53.853265
2025-08-07,54635,2025080703006992,LBBL,Midas Stock Broking Company Private Limited,Siprabi Securities Pvt. Ltd.,150,580.7,87105.0,2025-08-07 13:06:00.864383
2025-08-07,54634,2025080703006993,LBBL,Midas Stock Broking Company Private Limited,Midas Stock Broking Company Private Limited,317,580.8,184113.6,2025-08-07 13:06:00.864827
2025-08-07,54421,2025080703007043,LBBL,N.M.B. SECURITIES LIMITED,Midas Stock Broking Company Private Limited,183,580.8,106286.4,2025-08-07 13:07:01.824945
2025-08-07,54420,2025080703007044,LBBL,N.M.B. SECURITIES LIMITED,SUN SECURITIES PVT LTD,317,581.0,184177.0,2025-08-07 13:07:01.825208
2025-08-07,54334,2025080703007056,LBBL,Sri Hari Securities Pvt. Ltd.,SUN SECURITIES PVT LTD,183,581.0,106323.0,2025-08-07 13:07:19.870861
2025-08-07,54333,2025080703007057,LBBL,Sri Hari Securities Pvt. Ltd.,ABC Securities Private Limited,100,582.8,58280.0,2025-08-07 13:07:19.871120
2025-08-07,54332,2025080703007058,LBBL,Sri Hari Securities Pvt. Ltd.,Linch Stock Market Ltd.,10,582.9,5829.0,2025-08-07 13:07:19.871213
2025-08-07,54013,2025080703007109,LBBL,Dipshikha Dhitopatra Karobar Co. Pvt Ltd.,Midas Stock Broking Company Private Limited,500,582.8,291400.0,2025-08-07 13:08:26.350016
2025-08-07,54012,2025080703007110,LBBL,Dipshikha Dhitopatra Karobar Co. Pvt Ltd.,Ashutosh Brokerage & Securities (PVT) Ltd.,360,582.9,209844.0,2025-08-07 13:08:26.350252
2025-08-07,54011,2025080703007111,LBBL,Dipshikha Dhitopatra Karobar Co. Pvt Ltd.,Midas Stock Broking Company Private Limited,4140,582.9,2413206.0,2025-08-07 13:08:26.350351
2025-08-07,53739,2025080703007150,LBBL,Deevyaa Securities & Stock House Pvt. Ltd,Midas Stock Broking Company Private Limited,500,582.0,291000.0,2025-08-07 13:09:21.489450
2025-08-07,53349,2025080703007194,LBBL,Deevyaa Securities & Stock House Pvt. Ltd,Midas Stock Broking Company Private Limited,500,582.0,291000.0,2025-08-07 13:10:30.133640
2025-08-07,51928,2025080703007374,LBBL,Dipshikha Dhitopatra Karobar Co. Pvt Ltd.,Cristal Kanchanjanga Securites Pvt. Ltd.,200,582.1,116420.0,2025-08-07 13:14:58.744882
2025-08-07,51927,2025080703007375,LBBL,Investment Management Nepal Pvt. Ltd.,Cristal Kanchanjanga Securites Pvt. Ltd.,400,582.1,232840.0,2025-08-07 13:14:58.744928
2025-08-07,51589,2025080703007424,LBBL,Investment Management Nepal Pvt. Ltd.,Sani Securities Company Ltd.,130,582.1,75673.0,2025-08-07 13:15:54.009871
2025-08-07,51560,2025080703007426,LBBL,Imperial Securities Company Pvt. Ltd.,Opal Securities Investment (PVT) Ltd.,240,583.0,139920.0,2025-08-07 13:16:02.003835
2025-08-07,51559,2025080703007427,LBBL,Imperial Securities Company Pvt. Ltd.,Citizens Share Broker Limited,200,583.0,116600.0,2025-08-07 13:16:02.004075
2025-08-07,51558,2025080703007428,LBBL,Imperial Securities Company Pvt. Ltd.,Midas Stock Broking Company Private Limited,360,583.0,209880.0,2025-08-07 13:16:02.004182
2025-08-07,51193,2025080703007479,LBBL,Trisul Securities & Invt. Ltd.,Naasa Securities Co. Ltd.,1000,583.4,583400.0,2025-08-07 13:17:01.631618
2025-08-07,50867,2025080703007527,LBBL,Imperial Securities Company Pvt. Ltd.,Sani Securities Company Ltd.,200,583.0,116600.0,2025-08-07 13:18:09.543608
2025-08-07,50866,2025080703007528,LBBL,Imperial Securities Company Pvt. Ltd.,Sani Securities Company Ltd.,25,583.0,14575.0,2025-08-07 13:18:09.543841
2025-08-07,50644,2025080703007571,LBBL,Imperial Securities Company Pvt. Ltd.,Trisul Securities & Invt. Ltd.,75,583.0,43725.0,2025-08-07 13:19:03.245834
2025-08-07,50643,2025080703007572,LBBL,Bhrikuti Stock Broking Co. Pvt. Ltd.,Trisul Securities & Invt. Ltd.,34,583.0,19822.0,2025-08-07 13:19:03.246323
2025-08-07,50399,2025080703007630,LBBL,Bhrikuti Stock Broking Co. Pvt. Ltd.,Arun Securities (PVT) Ltd.,66,583.0,38478.0,2025-08-07 13:19:44.753629
2025-08-07,50203,2025080703007660,LBBL,Kumari Securities Private Limited,Himalayan Brokerage Company Limited,28,582.2,16301.6,2025-08-07 13:20:17.083373
2025-08-07,50202,2025080703007661,LBBL,Investment Management Nepal Pvt. Ltd.,Himalayan Brokerage Company Limited,972,582.1,565801.2,2025-08-07 13:20:17.083824
2025-08-07,50124,2025080703007691,LBBL,Investment Management Nepal Pvt. Ltd.,Midas Stock Broking Company Private Limited,500,582.1,291050.0,2025-08-07 13:20:31.682664
2025-08-07,50097,2025080703007693,LBBL,Investment Management Nepal Pvt. Ltd.,Midas Stock Broking Company Private Limited,500,582.1,291050.0,2025-08-07 13:20:36.706436
2025-08-07,50086,2025080703007694,LBBL,Investment Management Nepal Pvt. Ltd.,Investment Management Nepal Pvt. Ltd.,498,582.1,289885.8,2025-08-07 13:20:40.419506
2025-08-07,50041,2025080703007702,LBBL,Imperial Securities Company Pvt. Ltd.,Investment Management Nepal Pvt. Ltd.,500,582.0,291000.0,2025-08-07 13:20:47.513769
2025-08-07,50033,2025080703007707,LBBL,Dipshikha Dhitopatra Karobar Co. Pvt Ltd.,Asian Securities Private Ltd.,200,581.1,116220.0,2025-08-07 13:20:48.607604
2025-08-07,50032,2025080703007708,LBBL,Agrawal Securities (PVT) Ltd.,Asian Securities Private Ltd.,3000,581.0,1743000.0,2025-08-07 13:20:48.607845
2025-08-07,50031,2025080703007709,LBBL,J.F. Securites (PVT) Ltd.,Asian Securities Private Ltd.,85,581.0,49385.0,2025-08-07 13:20:48.607941
2025-08-07,50030,2025080703007710,LBBL,Sani Securities Company Ltd.,Asian Securities Private Ltd.,53,580.7,30777.1,2025-08-07 13:20:48.608041
2025-08-07,50029,2025080703007711,LBBL,Nepal Stock House (PVT) Ltd.,Asian Securities Private Ltd.,300,580.0,174000.0,2025-08-07 13:20:48.608137
2025-08-07,49843,2025080703007750,LBBL,Sundhara Securities Limited,Sri Hari Securities Pvt. Ltd.,2,571.0,1142.0,2025-08-07 13:21:21.379594
2025-08-07,49689,2025080703007773,LBBL,Pragyan Securities (PVT) Ltd.,Sri Hari Securities Pvt. Ltd.,300,579.0,173700.0,2025-08-07 13:21:50.806784
2025-08-07,48996,2025080703007878,LBBL,Miyo Securities Pvt Ltd,BHOLE GANESH SECURITIES LTD,500,580.0,290000.0,2025-08-07 13:24:05.655320
2025-08-07,48834,2025080703007928,LBBL,J.F. Securites (PVT) Ltd.,BHOLE GANESH SECURITIES LTD,1000,581.0,581000.0,2025-08-07 13:24:30.968687
2025-08-07,48753,2025080703007943,LBBL,Sani Securities Company Ltd.,Capital Max Securities Ltd,300,581.5,174450.0,2025-08-07 13:24:48.002705
2025-08-07,48420,2025080703008006,LBBL,Trishakti Securities Public Limited,Sewa Securities Pvt. Ltd.,500,580.6,290300.0,2025-08-07 13:25:48.257668
2025-08-07,48419,2025080703008007,LBBL,Trishakti Securities Public Limited,BHOLE GANESH SECURITIES LTD,460,581.0,267260.0,2025-08-07 13:25:48.257912
2025-08-07,48418,2025080703008008,LBBL,Trishakti Securities Public Limited,Capital Max Securities Ltd,40,581.5,23260.0,2025-08-07 13:25:48.258011
2025-08-07,48359,2025080703008020,LBBL,Sundhara Securities Limited,Midas Stock Broking Company Private Limited,3,575.0,1725.0,2025-08-07 13:25:59.862817
2025-08-07,47855,2025080703008109,LBBL,Sundhara Securities Limited,Premier Securities Company Ltd.,8,575.0,4600.0,2025-08-07 13:27:32.356076
2025-08-07,47789,2025080703008115,LBBL,NIMB Stock Markets Limited,BHOLE GANESH SECURITIES LTD,10,581.0,5810.0,2025-08-07 13:27:41.334555
2025-08-07,47788,2025080703008116,LBBL,NIMB Stock Markets Limited,Capital Max Securities Ltd,60,581.5,34890.0,2025-08-07 13:27:41.335068
2025-08-07,47787,2025080703008117,LBBL,NIMB Stock Markets Limited,Sri Hari Securities Pvt. Ltd.,500,581.8,290900.0,2025-08-07 13:27:41.335396
2025-08-07,47786,2025080703008118,LBBL,NIMB Stock Markets Limited,Asian Securities Private Ltd.,362,581.9,210647.8,2025-08-07 13:27:41.335798
2025-08-07,47785,2025080703008119,LBBL,NIMB Stock Markets Limited,Investment Management Nepal Pvt. Ltd.,30,581.9,17457.0,2025-08-07 13:27:41.336150
2025-08-07,47781,2025080703008120,LBBL,NIMB Stock Markets Limited,ABC Securities Private Limited,68,582.0,39576.0,2025-08-07 13:27:42.407897
2025-08-07,47395,2025080703008162,LBBL,Opal Securities Investment (PVT) Ltd.,ABC Securities Private Limited,600,581.0,348600.0,2025-08-07 13:28:46.709443
2025-08-07,47336,2025080703008167,LBBL,Sundhara Securities Limited,Kohinoor Investment & Securities Pvt. Ltd.,1,570.0,570.0,2025-08-07 13:29:00.987146
2025-08-07,46770,2025080703008247,LBBL,Trademow Securities Private Limited,Aryatara Investment & Securities,20,580.9,11618.0,2025-08-07 13:30:50.830631
2025-08-07,45894,2025080703008372,LBBL,Opal Securities Investment (PVT) Ltd.,Aryatara Investment & Securities,30,580.9,17427.0,2025-08-07 13:33:36.330221
2025-08-07,45321,2025080703008438,LBBL,Prabhu Stock Market Limited,ABC Securities Private Limited,332,581.0,192892.0,2025-08-07 13:35:22.484345
2025-08-07,45149,2025080703008461,LBBL,Capital Max Securities Ltd,Sewa Securities Pvt. Ltd.,500,581.6,290800.0,2025-08-07 13:35:58.858241
2025-08-07,44430,2025080703008642,LBBL,Prabhu Stock Market Limited,ABC Securities Private Limited,168,581.0,97608.0,2025-08-07 13:38:13.975351
2025-08-07,43879,2025080703008717,LBBL,Imperial Securities Company Pvt. Ltd.,Siprabi Securities Pvt. Ltd.,10,580.2,5802.0,2025-08-07 13:39:59.538826
2025-08-07,43804,2025080703008730,LBBL,Imperial Securities Company Pvt. Ltd.,J.F. Securites (PVT) Ltd.,227,580.2,131705.4,2025-08-07 13:40:13.489452
2025-08-07,43803,2025080703008731,LBBL,Naasa Securities Co. Ltd.,J.F. Securites (PVT) Ltd.,500,580.1,290050.0,2025-08-07 13:40:13.489499
2025-08-07,43802,2025080703008732,LBBL,Asian Securities Private Ltd.,J.F. Securites (PVT) Ltd.,500,580.1,290050.0,2025-08-07 13:40:13.489525
2025-08-07,43801,2025080703008733,LBBL,Miyo Securities Pvt Ltd,J.F. Securites (PVT) Ltd.,3067,580.0,1778860.0,2025-08-07 13:40:13.489548
2025-08-07,43796,2025080703008735,LBBL,Midas Stock Broking Company Private Limited,ABC Securities Private Limited,10,581.0,5810.0,2025-08-07 13:40:15.723766
2025-08-07,43684,2025080703008755,LBBL,Miyo Securities Pvt Ltd,Investment Management Nepal Pvt. Ltd.,1000,580.0,580000.0,2025-08-07 13:40:41.609354
2025-08-07,43678,2025080703008757,LBBL,Miyo Securities Pvt Ltd,Citizens Share Broker Limited,15,580.0,8700.0,2025-08-07 13:40:43.083633
2025-08-07,43604,2025080703008774,LBBL,Imperial Securities Company Pvt. Ltd.,ABC Securities Private Limited,100,581.0,58100.0,2025-08-07 13:41:02.128795
2025-08-07,43133,2025080703008847,LBBL,Miyo Securities Pvt Ltd,Asian Securities Private Ltd.,1000,580.0,580000.0,2025-08-07 13:42:28.862209
2025-08-07,43040,2025080703008869,LBBL,Miyo Securities Pvt Ltd,Sri Hari Securities Pvt. Ltd.,8018,580.0,4650440.0,2025-08-07 13:42:52.341345
2025-08-07,43039,2025080703008870,LBBL,KALASH STOCK MARKET PVT. LTD.,Sri Hari Securities Pvt. Ltd.,100,580.0,58000.0,2025-08-07 13:42:52.341895
2025-08-07,42914,2025080703008880,LBBL,Sharepro Securities Private Limited,ABC Securities Private Limited,222,581.0,128982.0,2025-08-07 13:43:06.086357
2025-08-07,42858,2025080703008893,LBBL,Sharepro Securities Private Limited,Midas Stock Broking Company Private Limited,71,581.0,41251.0,2025-08-07 13:43:16.112675
2025-08-07,42637,2025080703008933,LBBL,Sharepro Securities Private Limited,Sewa Securities Pvt. Ltd.,17,581.6,9887.2,2025-08-07 13:43:51.254287
2025-08-07,41081,2025080703009346,LBBL,Himalayan Securities Limited,ABC Securities Private Limited,500,581.0,290500.0,2025-08-07 13:48:39.590584
2025-08-07,41080,2025080703009347,LBBL,Himalayan Securities Limited,Sewa Securities Pvt. Ltd.,483,581.6,280912.8,2025-08-07 13:48:39.591119
2025-08-07,40979,2025080703009371,LBBL,Himalayan Securities Limited,Ashutosh Brokerage & Securities (PVT) Ltd.,17,581.9,9892.3,2025-08-07 13:48:58.640313
2025-08-07,40880,2025080703009393,LBBL,SHUBHAKAMANA SECURITIES PVT. LTD,Sipla Securities Private Limited,49,579.0,28371.0,2025-08-07 13:49:17.762718
2025-08-07,40822,2025080703009411,LBBL,J.F. Securites (PVT) Ltd.,Ashutosh Brokerage & Securities (PVT) Ltd.,83,581.9,48297.7,2025-08-07 13:49:28.068863
2025-08-07,40821,2025080703009412,LBBL,J.F. Securites (PVT) Ltd.,J.F. Securites (PVT) Ltd.,505,581.9,293859.5,2025-08-07 13:49:28.068902
2025-08-07,40820,2025080703009413,LBBL,J.F. Securites (PVT) Ltd.,Asian Securities Private Ltd.,100,582.0,58200.0,2025-08-07 13:49:28.068932
2025-08-07,40819,2025080703009414,LBBL,J.F. Securites (PVT) Ltd.,Asian Securities Private Ltd.,100,582.0,58200.0,2025-08-07 13:49:28.068976
2025-08-07,40818,2025080703009415,LBBL,J.F. Securites (PVT) Ltd.,Naasa Securities Co. Ltd.,13,582.0,7566.0,2025-08-07 13:49:28.069013
2025-08-07,40817,2025080703009416,LBBL,J.F. Securites (PVT) Ltd.,Infinity Securities Limited,3499,582.0,2036418.0,2025-08-07 13:49:28.069161
2025-08-07,40123,2025080703009533,LBBL,Nabil Stock Dealer Ltd.,Infinity Securities Limited,25,582.0,14550.0,2025-08-07 13:51:21.644943
2025-08-07,40105,2025080703009534,LBBL,Pragyan Securities (PVT) Ltd.,Infinity Securities Limited,200,582.0,116400.0,2025-08-07 13:51:24.571572
2025-08-07,40080,2025080703009537,LBBL,SHUBHAKAMANA SECURITIES PVT. LTD,Infinity Securities Limited,19,582.0,11058.0,2025-08-07 13:51:27.208957
2025-08-07,40023,2025080703009559,LBBL,S.P.S.A. Securities Limited,Sundhara Securities Limited,100,580.0,58000.0,2025-08-07 13:51:39.661947
2025-08-07,39902,2025080703009573,LBBL,S.P.S.A. Securities Limited,Neev Securities Pvt. Ltd.,15,580.0,8700.0,2025-08-07 13:51:55.676027
2025-08-07,39414,2025080703009639,LBBL,Sundhara Securities Limited,Online Securities Pvt. Ltd.,4,575.3,2301.2,2025-08-07 13:53:15.141049
2025-08-07,38508,2025080703009740,LBBL,Naasa Securities Co. Ltd.,Infinity Securities Limited,10,582.0,5820.0,2025-08-07 13:55:32.548537
2025-08-07,38447,2025080703009742,LBBL,Roadshow securities limited,Sri Hari Securities Pvt. Ltd.,149,580.5,86494.5,2025-08-07 13:55:39.181281
2025-08-07,37478,2025080703009852,LBBL,ABC Securities Private Limited,Aryatara Investment & Securities,50,581.9,29095.0,2025-08-07 13:57:46.078725
2025-08-07,37477,2025080703009853,LBBL,ABC Securities Private Limited,Infinity Securities Limited,173,582.0,100686.0,2025-08-07 13:57:46.079030
2025-08-07,36674,2025080703009953,LBBL,Premier Securities Company Ltd.,Infinity Securities Limited,74,582.0,43068.0,2025-08-07 13:59:42.450453
2025-08-07,36673,2025080703009954,LBBL,Premier Securities Company Ltd.,Midas Stock Broking Company Private Limited,100,582.0,58200.0,2025-08-07 13:59:42.450570
2025-08-07,36672,2025080703009955,LBBL,Premier Securities Company Ltd.,Trishakti Securities Public Limited,126,582.0,73332.0,2025-08-07 13:59:42.450639
2025-08-07,36623,2025080703009962,LBBL,Premier Securities Company Ltd.,J.F. Securites (PVT) Ltd.,100,581.0,58100.0,2025-08-07 13:59:53.543895
2025-08-07,36622,2025080703009963,LBBL,Premier Securities Company Ltd.,Trishakti Securities Public Limited,50,582.0,29100.0,2025-08-07 13:59:53.544000
2025-08-07,36525,2025080703009975,LBBL,Premier Securities Company Ltd.,Trishakti Securities Public Limited,50,582.0,29100.0,2025-08-07 14:00:06.625331
2025-08-07,36366,2025080703009996,LBBL,Naasa Securities Co. Ltd.,Midas Stock Broking Company Private Limited,340,580.3,197302.0,2025-08-07 14:00:33.406710
2025-08-07,36365,2025080703009997,LBBL,Aakashbhairab Securities Ltd.,Midas Stock Broking Company Private Limited,160,580.2,92832.0,2025-08-07 14:00:33.407205
2025-08-07,36342,2025080703010001,LBBL,Imperial Securities Company Pvt. Ltd.,Trishakti Securities Public Limited,274,582.0,159468.0,2025-08-07 14:00:37.772227
2025-08-07,36341,2025080703010002,LBBL,Imperial Securities Company Pvt. Ltd.,Capital Max Securities Ltd,76,582.0,44232.0,2025-08-07 14:00:37.772517
2025-08-07,36316,2025080703010008,LBBL,Aakashbhairab Securities Ltd.,Neev Securities Pvt. Ltd.,500,580.2,290100.0,2025-08-07 14:00:42.466439
2025-08-07,35658,2025080703010104,LBBL,Naasa Securities Co. Ltd.,Linch Stock Market Ltd.,10,582.0,5820.0,2025-08-07 14:02:23.881315
2025-08-07,35657,2025080703010105,LBBL,Naasa Securities Co. Ltd.,Imperial Securities Company Pvt. Ltd.,30,582.0,17460.0,2025-08-07 14:02:23.881793
2025-08-07,34945,2025080703010265,LBBL,Vision Securities Pvt. Ltd,Oxford Securities Pvt. Ltd.,64,581.0,37184.0,2025-08-07 14:03:56.192445
2025-08-07,34842,2025080703010303,LBBL,Midas Stock Broking Company Private Limited,Shree Krishna Securities Ltd.,10,582.0,5820.0,2025-08-07 14:04:09.758941
2025-08-07,34763,2025080703010321,LBBL,Vision Securities Pvt. Ltd,Shree Krishna Securities Ltd.,290,582.0,168780.0,2025-08-07 14:04:20.775450
2025-08-07,34762,2025080703010322,LBBL,Vision Securities Pvt. Ltd,Sani Securities Company Ltd.,124,582.5,72230.0,2025-08-07 14:04:20.775722
2025-08-07,34761,2025080703010323,LBBL,Vision Securities Pvt. Ltd,Asian Securities Private Ltd.,18,582.7,10488.6,2025-08-07 14:04:20.775833
2025-08-07,34760,2025080703010324,LBBL,Vision Securities Pvt. Ltd,ABC Securities Private Limited,100,582.8,58280.0,2025-08-07 14:04:20.775969
2025-08-07,34759,2025080703010325,LBBL,Vision Securities Pvt. Ltd,Himalayan Securities Limited,1000,582.9,582900.0,2025-08-07 14:04:20.776085
2025-08-07,34758,2025080703010326,LBBL,Vision Securities Pvt. Ltd,Agrawal Securities (PVT) Ltd.,404,583.0,235532.0,2025-08-07 14:04:20.776193
2025-08-07,34689,2025080703010337,LBBL,Vision Securities Pvt. Ltd,Agrawal Securities (PVT) Ltd.,96,583.0,55968.0,2025-08-07 14:04:28.909917
2025-08-07,34688,2025080703010338,LBBL,Vision Securities Pvt. Ltd,Agrawal Securities (PVT) Ltd.,500,583.0,291500.0,2025-08-07 14:04:28.910444
2025-08-07,34687,2025080703010339,LBBL,Vision Securities Pvt. Ltd,Ashutosh Brokerage & Securities (PVT) Ltd.,200,583.0,116600.0,2025-08-07 14:04:28.910742
2025-08-07,34686,2025080703010340,LBBL,Vision Securities Pvt. Ltd,J.F. Securites (PVT) Ltd.,248,583.0,144584.0,2025-08-07 14:04:28.911101
2025-08-07,34685,2025080703010341,LBBL,Vision Securities Pvt. Ltd,Secured Securities Ltd.,200,583.0,116600.0,2025-08-07 14:04:28.911430
2025-08-07,34684,2025080703010342,LBBL,Vision Securities Pvt. Ltd,Arun Securities (PVT) Ltd.,434,583.0,253022.0,2025-08-07 14:04:28.911749
2025-08-07,34480,2025080703010362,LBBL,Aakashbhairab Securities Ltd.,Asian Securities Private Ltd.,40,584.0,23360.0,2025-08-07 14:04:50.809623
2025-08-07,34379,2025080703010371,LBBL,Nabil Stock Dealer Ltd.,Imperial Securities Company Pvt. Ltd.,159,583.0,92697.0,2025-08-07 14:05:07.270287
2025-08-07,33830,2025080703010473,LBBL,Roadshow securities limited,Asian Securities Private Ltd.,134,584.0,78256.0,2025-08-07 14:06:18.979599
2025-08-07,33829,2025080703010474,LBBL,Roadshow securities limited,Asian Securities Private Ltd.,100,584.0,58400.0,2025-08-07 14:06:18.979833
2025-08-07,33828,2025080703010475,LBBL,Roadshow securities limited,Asian Securities Private Ltd.,100,584.0,58400.0,2025-08-07 14:06:18.979938
2025-08-07,33827,2025080703010476,LBBL,Roadshow securities limited,Asian Securities Private Ltd.,100,584.0,58400.0,2025-08-07 14:06:18.980043
2025-08-07,33826,2025080703010477,LBBL,Roadshow securities limited,Trisul Securities & Invt. Ltd.,100,584.0,58400.0,2025-08-07 14:06:18.980141
2025-08-07,33825,2025080703010478,LBBL,Roadshow securities limited,Capital Max Securities Ltd,317,584.0,185128.0,2025-08-07 14:06:18.980238
2025-08-07,33775,2025080703010486,LBBL,Citizens Share Broker Limited,Capital Max Securities Ltd,183,584.0,106872.0,2025-08-07 14:06:24.991725
2025-08-07,33774,2025080703010487,LBBL,Citizens Share Broker Limited,Trishakti Securities Public Limited,200,584.6,116920.0,2025-08-07 14:06:24.991767
2025-08-07,33773,2025080703010488,LBBL,Citizens Share Broker Limited,Vision Securities Pvt. Ltd,267,584.9,156168.3,2025-08-07 14:06:24.991797
2025-08-07,33651,2025080703010513,LBBL,Nabil Stock Dealer Ltd.,J.F. Securites (PVT) Ltd.,91,583.0,53053.0,2025-08-07 14:06:42.613890
2025-08-07,33067,2025080703010638,LBBL,Vision Securities Pvt. Ltd,Shree Krishna Securities Ltd.,1322,582.0,769404.0,2025-08-07 14:08:02.370962
2025-08-07,33066,2025080703010639,LBBL,ABC Securities Private Limited,Shree Krishna Securities Ltd.,30,582.0,17460.0,2025-08-07 14:08:02.371411
2025-08-07,33065,2025080703010640,LBBL,Capital Max Securities Ltd,Shree Krishna Securities Ltd.,1846,581.0,1072526.0,2025-08-07 14:08:02.371698
2025-08-07,32590,2025080703010724,LBBL,Capital Max Securities Ltd,Ashutosh Brokerage & Securities (PVT) Ltd.,154,581.0,89474.0,2025-08-07 14:09:01.792625
2025-08-07,32589,2025080703010725,LBBL,Kalika Securities Pvt. Ltd.,Ashutosh Brokerage & Securities (PVT) Ltd.,46,581.0,26726.0,2025-08-07 14:09:01.793086
2025-08-07,32559,2025080703010731,LBBL,Primo Securities (PVT) Ltd.,Oxford Securities Pvt. Ltd.,120,583.0,69960.0,2025-08-07 14:09:04.838117
2025-08-07,32399,2025080703010761,LBBL,Kalika Securities Pvt. Ltd.,J.F. Securites (PVT) Ltd.,37,581.0,21497.0,2025-08-07 14:09:28.709840
2025-08-07,32398,2025080703010762,LBBL,Naasa Securities Co. Ltd.,J.F. Securites (PVT) Ltd.,27,581.0,15687.0,2025-08-07 14:09:28.710093
2025-08-07,32368,2025080703010764,LBBL,Midas Stock Broking Company Private Limited,Sewa Securities Pvt. Ltd.,10,584.0,5840.0,2025-08-07 14:09:31.248251
2025-08-07,32157,2025080703010804,LBBL,S.P.S.A. Securities Limited,Sewa Securities Pvt. Ltd.,170,584.0,99280.0,2025-08-07 14:09:54.771851
2025-08-07,31776,2025080703010902,LBBL,Sani Securities Company Ltd.,NIMB Stock Markets Limited,65,583.0,37895.0,2025-08-07 14:10:51.163334
2025-08-07,31775,2025080703010903,LBBL,Deevyaa Securities & Stock House Pvt. Ltd,NIMB Stock Markets Limited,35,583.0,20405.0,2025-08-07 14:10:51.163594
2025-08-07,31641,2025080703010946,LBBL,Midas Stock Broking Company Private Limited,Sewa Securities Pvt. Ltd.,10,584.0,5840.0,2025-08-07 14:11:10.933532
2025-08-07,30503,2025080703011177,LBBL,Nepal Stock House (PVT) Ltd.,Primo Securities (PVT) Ltd.,12,582.0,6984.0,2025-08-07 14:14:10.862961
2025-08-07,30437,2025080703011188,LBBL,Midas Stock Broking Company Private Limited,Sewa Securities Pvt. Ltd.,10,583.3,5833.0,2025-08-07 14:14:23.011239
2025-08-07,29223,2025080703011428,LBBL,Himalayan Securities Limited,ABC Securities Private Limited,100,583.0,58300.0,2025-08-07 14:17:30.227203
2025-08-07,29193,2025080703011433,LBBL,Himalayan Securities Limited,Imperial Securities Company Pvt. Ltd.,91,583.0,53053.0,2025-08-07 14:17:32.556942
2025-08-07,28975,2025080703011466,LBBL,Himalayan Securities Limited,Sri Hari Securities Pvt. Ltd.,809,583.0,471647.0,2025-08-07 14:18:12.840937
2025-08-07,28974,2025080703011467,LBBL,Naasa Securities Co. Ltd.,Sri Hari Securities Pvt. Ltd.,200,583.0,116600.0,2025-08-07 14:18:12.841261
2025-08-07,28562,2025080703011532,LBBL,J.F. Securites (PVT) Ltd.,Prabhu Stock Market Limited,200,582.1,116420.0,2025-08-07 14:19:13.723484
2025-08-07,28561,2025080703011533,LBBL,Nepal Stock House (PVT) Ltd.,Prabhu Stock Market Limited,38,582.0,22116.0,2025-08-07 14:19:13.724058
2025-08-07,28560,2025080703011534,LBBL,Vision Securities Pvt. Ltd,Prabhu Stock Market Limited,762,582.0,443484.0,2025-08-07 14:19:13.724881
2025-08-07,28555,2025080703011536,LBBL,Aryatara Investment & Securities,Imperial Securities Company Pvt. Ltd.,5,582.0,2910.0,2025-08-07 14:19:14.791207
2025-08-07,28494,2025080703011546,LBBL,Vision Securities Pvt. Ltd,Sri Hari Securities Pvt. Ltd.,1238,582.0,720516.0,2025-08-07 14:19:25.755850
2025-08-07,28186,2025080703011603,LBBL,Sumeru Securities Pvt. Ltd.,Sewa Securities Pvt. Ltd.,257,581.6,149471.2,2025-08-07 14:20:21.636894
2025-08-07,28185,2025080703011604,LBBL,Sumeru Securities Pvt. Ltd.,Sri Hari Securities Pvt. Ltd.,593,582.0,345126.0,2025-08-07 14:20:21.637390
2025-08-07,27482,2025080703011724,LBBL,Imperial Securities Company Pvt. Ltd.,Capital Max Securities Ltd,400,581.4,232560.0,2025-08-07 14:22:24.263297
2025-08-07,27481,2025080703011725,LBBL,Aryatara Investment & Securities,Capital Max Securities Ltd,600,581.3,348780.0,2025-08-07 14:22:24.263398
2025-08-07,27262,2025080703011761,LBBL,Aryatara Investment & Securities,Midas Stock Broking Company Private Limited,900,581.3,523170.0,2025-08-07 14:22:57.353390
2025-08-07,27261,2025080703011762,LBBL,Naasa Securities Co. Ltd.,Midas Stock Broking Company Private Limited,100,581.0,58100.0,2025-08-07 14:22:57.353636
2025-08-07,27233,2025080703011772,LBBL,Kalika Securities Pvt. Ltd.,Midas Stock Broking Company Private Limited,500,581.5,290750.0,2025-08-07 14:23:02.398269
2025-08-07,27215,2025080703011777,LBBL,Kalika Securities Pvt. Ltd.,Sri Hari Securities Pvt. Ltd.,500,581.5,290750.0,2025-08-07 14:23:05.378323
2025-08-07,27214,2025080703011778,LBBL,Naasa Securities Co. Ltd.,Sri Hari Securities Pvt. Ltd.,23,581.0,13363.0,2025-08-07 14:23:05.378800
2025-08-07,27213,2025080703011779,LBBL,Sri Hari Securities Pvt. Ltd.,Sri Hari Securities Pvt. Ltd.,500,581.0,290500.0,2025-08-07 14:23:05.379105
2025-08-07,27212,2025080703011780,LBBL,Bhrikuti Stock Broking Co. Pvt. Ltd.,Sri Hari Securities Pvt. Ltd.,20,581.0,11620.0,2025-08-07 14:23:05.379383
2025-08-07,26692,2025080703011876,LBBL,Ashutosh Brokerage & Securities (PVT) Ltd.,Trishakti Securities Public Limited,250,580.5,145125.0,2025-08-07 14:24:04.848447
2025-08-07,26691,2025080703011877,LBBL,Naasa Securities Co. Ltd.,Trishakti Securities Public Limited,200,580.5,116100.0,2025-08-07 14:24:04.848526
2025-08-07,26690,2025080703011878,LBBL,Sri Hari Securities Pvt. Ltd.,Trishakti Securities Public Limited,550,580.1,319055.0,2025-08-07 14:24:04.848563
2025-08-07,25878,2025080703012015,LBBL,Sri Hari Securities Pvt. Ltd.,Market Securities & Exchange (PVT) Ltd.,400,580.1,232040.0,2025-08-07 14:25:35.196121
2025-08-07,25788,2025080703012020,LBBL,Sri Hari Securities Pvt. Ltd.,Sri Hari Securities Pvt. Ltd.,50,580.1,29005.0,2025-08-07 14:25:41.823505
2025-08-07,25787,2025080703012021,LBBL,ABC Securities Private Limited,Sri Hari Securities Pvt. Ltd.,450,580.1,261045.0,2025-08-07 14:25:41.823748
2025-08-07,25698,2025080703012036,LBBL,ABC Securities Private Limited,Investment Management Nepal Pvt. Ltd.,105,580.1,60910.5,2025-08-07 14:25:52.619566
2025-08-07,25697,2025080703012037,LBBL,Hatemalo Financial Services Private Limited,Investment Management Nepal Pvt. Ltd.,500,580.1,290050.0,2025-08-07 14:25:52.619820
2025-08-07,25681,2025080703012041,LBBL,S.P.S.A. Securities Limited,Sri Hari Securities Pvt. Ltd.,57,580.0,33060.0,2025-08-07 14:25:53.972507
2025-08-07,25680,2025080703012042,LBBL,Nabil Stock Dealer Ltd.,Sri Hari Securities Pvt. Ltd.,211,580.0,122380.0,2025-08-07 14:25:53.972740
2025-08-07,25559,2025080703012069,LBBL,Nabil Stock Dealer Ltd.,Thrive Brokerage House Pvt. Ltd,39,580.0,22620.0,2025-08-07 14:26:14.357998
2025-08-07,25558,2025080703012070,LBBL,Bhrikuti Stock Broking Co. Pvt. Ltd.,Thrive Brokerage House Pvt. Ltd,50,580.0,29000.0,2025-08-07 14:26:14.358262
2025-08-07,25557,2025080703012071,LBBL,Dynamic Money Managers Securities Pvt. Ltd.,Thrive Brokerage House Pvt. Ltd,200,580.0,116000.0,2025-08-07 14:26:14.358394
2025-08-07,25556,2025080703012072,LBBL,Naasa Securities Co. Ltd.,Thrive Brokerage House Pvt. Ltd,75,580.0,43500.0,2025-08-07 14:26:14.358492
2025-08-07,25555,2025080703012073,LBBL,Siprabi Securities Pvt. Ltd.,Thrive Brokerage House Pvt. Ltd,50,580.0,29000.0,2025-08-07 14:26:14.358586
2025-08-07,25423,2025080703012108,LBBL,SHUBHAKAMANA SECURITIES PVT. LTD,Midas Stock Broking Company Private Limited,100,579.6,57960.0,2025-08-07 14:26:26.978558
2025-08-07,25192,2025080703012144,LBBL,SHUBHAKAMANA SECURITIES PVT. LTD,Vision Securities Pvt. Ltd,400,579.6,231840.0,2025-08-07 14:26:56.904367
2025-08-07,25146,2025080703012155,LBBL,Aryatara Investment & Securities,Prabhu Stock Market Limited,300,579.6,173880.0,2025-08-07 14:27:01.943756
2025-08-07,25145,2025080703012156,LBBL,Deevyaa Securities & Stock House Pvt. Ltd,Prabhu Stock Market Limited,50,579.0,28950.0,2025-08-07 14:27:01.943987
2025-08-07,25144,2025080703012157,LBBL,Nepal Investment And Securities Trading Private Limited,Prabhu Stock Market Limited,150,579.0,86850.0,2025-08-07 14:27:01.944091
2025-08-07,24771,2025080703012225,LBBL,Nepal Investment And Securities Trading Private Limited,Bhrikuti Stock Broking Co. Pvt. Ltd.,500,579.0,289500.0,2025-08-07 14:27:44.588624
2025-08-07,24749,2025080703012228,LBBL,Nepal Investment And Securities Trading Private Limited,Ashutosh Brokerage & Securities (PVT) Ltd.,50,579.0,28950.0,2025-08-07 14:27:47.012708
2025-08-07,24449,2025080703012292,LBBL,Sani Securities Company Ltd.,Ashutosh Brokerage & Securities (PVT) Ltd.,150,579.0,86850.0,2025-08-07 14:28:25.752390
2025-08-07,24085,2025080703012356,LBBL,Online Securities Pvt. Ltd.,Primo Securities (PVT) Ltd.,200,578.0,115600.0,2025-08-07 14:29:06.773064
2025-08-07,23888,2025080703012392,LBBL,Sani Securities Company Ltd.,Ashutosh Brokerage & Securities (PVT) Ltd.,300,579.0,173700.0,2025-08-07 14:29:26.561489
2025-08-07,23887,2025080703012393,LBBL,Sani Securities Company Ltd.,Midas Stock Broking Company Private Limited,200,579.0,115800.0,2025-08-07 14:29:26.561767
2025-08-07,23788,2025080703012420,LBBL,Sani Securities Company Ltd.,Midas Stock Broking Company Private Limited,463,579.0,268077.0,2025-08-07 14:29:37.814481
2025-08-07,23787,2025080703012421,LBBL,Sani Securities Company Ltd.,Thrive Brokerage House Pvt. Ltd,37,580.0,21460.0,2025-08-07 14:29:37.814936
2025-08-07,23763,2025080703012426,LBBL,Online Securities Pvt. Ltd.,Sani Securities Company Ltd.,100,578.0,57800.0,2025-08-07 14:29:41.852307
2025-08-07,23762,2025080703012427,LBBL,Vision Securities Pvt. Ltd,Sani Securities Company Ltd.,1900,577.5,1097250.0,2025-08-07 14:29:41.852769
2025-08-07,22290,2025080703012686,LBBL,ABC Securities Private Limited,Sri Hari Securities Pvt. Ltd.,10,578.0,5780.0,2025-08-07 14:32:44.969505
2025-08-07,22289,2025080703012687,LBBL,Hatemalo Financial Services Private Limited,Sri Hari Securities Pvt. Ltd.,500,577.8,288900.0,2025-08-07 14:32:44.969966
2025-08-07,22288,2025080703012688,LBBL,Vision Securities Pvt. Ltd,Sri Hari Securities Pvt. Ltd.,2090,577.7,1207393.0,2025-08-07 14:32:44.970284
2025-08-07,20200,2025080703013059,LBBL,Naasa Securities Co. Ltd.,Naasa Securities Co. Ltd.,500,578.0,289000.0,2025-08-07 14:37:07.414896
2025-08-07,20199,2025080703013060,LBBL,Online Securities Pvt. Ltd.,Naasa Securities Co. Ltd.,200,578.0,115600.0,2025-08-07 14:37:07.415470
2025-08-07,20144,2025080703013063,LBBL,Sani Securities Company Ltd.,Sanima Securities Limited,200,577.8,115560.0,2025-08-07 14:37:14.125004
2025-08-07,20143,2025080703013064,LBBL,Vision Securities Pvt. Ltd,Sanima Securities Limited,1010,577.7,583477.0,2025-08-07 14:37:14.125501
2025-08-07,20142,2025080703013065,LBBL,Imperial Securities Company Pvt. Ltd.,Sanima Securities Limited,500,577.1,288550.0,2025-08-07 14:37:14.125814
2025-08-07,20141,2025080703013066,LBBL,KALASH STOCK MARKET PVT. LTD.,Sanima Securities Limited,10,577.1,5771.0,2025-08-07 14:37:14.126127
2025-08-07,20140,2025080703013067,LBBL,Neev Securities Pvt. Ltd.,Sanima Securities Limited,20,577.0,11540.0,2025-08-07 14:37:14.126413
2025-08-07,20139,2025080703013068,LBBL,N.M.B. SECURITIES LIMITED,Sanima Securities Limited,100,577.0,57700.0,2025-08-07 14:37:14.126703
2025-08-07,20138,2025080703013069,LBBL,Vision Securities Pvt. Ltd,Sanima Securities Limited,3000,577.0,1731000.0,2025-08-07 14:37:14.126999
2025-08-07,20137,2025080703013070,LBBL,Cristal Kanchanjanga Securites Pvt. Ltd.,Sanima Securities Limited,2000,577.0,1154000.0,2025-08-07 14:37:14.127305
2025-08-07,20136,2025080703013071,LBBL,Kohinoor Investment & Securities Pvt. Ltd.,Sanima Securities Limited,500,577.0,288500.0,2025-08-07 14:37:14.127595
2025-08-07,20135,2025080703013072,LBBL,SUN SECURITIES PVT LTD,Sanima Securities Limited,20,577.0,11540.0,2025-08-07 14:37:14.127882
2025-08-07,20134,2025080703013073,LBBL,Sundhara Securities Limited,Sanima Securities Limited,15,577.0,8655.0,2025-08-07 14:37:14.128184
2025-08-07,20068,2025080703013091,LBBL,Agrawal Securities (PVT) Ltd.,Sanima Securities Limited,500,577.0,288500.0,2025-08-07 14:37:21.328929
2025-08-07,20015,2025080703013094,LBBL,J.F. Securites (PVT) Ltd.,Market Securities & Exchange (PVT) Ltd.,100,576.2,57620.0,2025-08-07 14:37:26.118883
2025-08-07,19953,2025080703013110,LBBL,Agrawal Securities (PVT) Ltd.,Sanima Securities Limited,500,577.0,288500.0,2025-08-07 14:37:35.544383
2025-08-07,19806,2025080703013129,LBBL,J.F. Securites (PVT) Ltd.,Investment Management Nepal Pvt. Ltd.,395,576.2,227599.0,2025-08-07 14:37:55.492291
2025-08-07,19801,2025080703013130,LBBL,Trishakti Securities Public Limited,Sanima Securities Limited,100,576.2,57620.0,2025-08-07 14:37:56.230349
2025-08-07,19800,2025080703013131,LBBL,Siprabi Securities Pvt. Ltd.,Sanima Securities Limited,580,576.1,334138.0,2025-08-07 14:37:56.230792
2025-08-07,19589,2025080703013161,LBBL,Siprabi Securities Pvt. Ltd.,Online Securities Pvt. Ltd.,420,576.1,241962.0,2025-08-07 14:38:18.027439
2025-08-07,19588,2025080703013162,LBBL,KALASH STOCK MARKET PVT. LTD.,Online Securities Pvt. Ltd.,300,576.0,172800.0,2025-08-07 14:38:18.027543
2025-08-07,19587,2025080703013163,LBBL,ABC Securities Private Limited,Online Securities Pvt. Ltd.,280,575.7,161196.0,2025-08-07 14:38:18.027636
2025-08-07,18950,2025080703013289,LBBL,ABC Securities Private Limited,Imperial Securities Company Pvt. Ltd.,22,575.7,12665.4,2025-08-07 14:39:28.957097
2025-08-07,18949,2025080703013290,LBBL,ABC Securities Private Limited,Dynamic Money Managers Securities Pvt. Ltd.,150,575.7,86355.0,2025-08-07 14:39:29.265196
2025-08-07,18875,2025080703013319,LBBL,ABC Securities Private Limited,Dipshikha Dhitopatra Karobar Co. Pvt Ltd.,103,575.7,59297.1,2025-08-07 14:39:36.546297
2025-08-07,18874,2025080703013320,LBBL,Vision Securities Pvt. Ltd,Dipshikha Dhitopatra Karobar Co. Pvt Ltd.,927,575.2,533210.4,2025-08-07 14:39:36.546705
2025-08-07,18753,2025080703013344,LBBL,Naasa Securities Co. Ltd.,Ashutosh Brokerage & Securities (PVT) Ltd.,30,576.0,17280.0,2025-08-07 14:39:49.505383
2025-08-07,18235,2025080703013445,LBBL,Midas Stock Broking Company Private Limited,Primo Securities (PVT) Ltd.,10,577.0,5770.0,2025-08-07 14:40:39.540963
2025-08-07,18176,2025080703013451,LBBL,Siprabi Securities Pvt. Ltd.,Primo Securities (PVT) Ltd.,90,577.0,51930.0,2025-08-07 14:40:49.992557
2025-08-07,17984,2025080703013489,LBBL,Siprabi Securities Pvt. Ltd.,Naasa Securities Co. Ltd.,10,578.0,5780.0,2025-08-07 14:41:12.287933
2025-08-07,17818,2025080703013530,LBBL,Ashutosh Brokerage & Securities (PVT) Ltd.,Online Securities Pvt. Ltd.,100,577.7,57770.0,2025-08-07 14:41:27.647933
2025-08-07,17817,2025080703013531,LBBL,Ashutosh Brokerage & Securities (PVT) Ltd.,Naasa Securities Co. Ltd.,150,578.0,86700.0,2025-08-07 14:41:27.648261
2025-08-07,17554,2025080703013579,LBBL,Oxford Securities Pvt. Ltd.,Pragyan Securities (PVT) Ltd.,110,577.0,63470.0,2025-08-07 14:41:59.957257
2025-08-07,17341,2025080703013639,LBBL,Naasa Securities Co. Ltd.,Thrive Brokerage House Pvt. Ltd,119,577.1,68674.9,2025-08-07 14:42:29.087665
2025-08-07,17340,2025080703013640,LBBL,Oxford Securities Pvt. Ltd.,Thrive Brokerage House Pvt. Ltd,81,577.0,46737.0,2025-08-07 14:42:29.087957
2025-08-07,17276,2025080703013649,LBBL,Midas Stock Broking Company Private Limited,Naasa Securities Co. Ltd.,10,578.0,5780.0,2025-08-07 14:42:36.288680
2025-08-07,17274,2025080703013650,LBBL,Vision Securities Pvt. Ltd,Naasa Securities Co. Ltd.,163,578.0,94214.0,2025-08-07 14:42:36.735491
2025-08-07,17273,2025080703013651,LBBL,Vision Securities Pvt. Ltd,Sani Securities Company Ltd.,58,578.0,33524.0,2025-08-07 14:42:36.735743
2025-08-07,17272,2025080703013652,LBBL,Vision Securities Pvt. Ltd,Infinity Securities Limited,779,579.0,451041.0,2025-08-07 14:42:36.735846
2025-08-07,17264,2025080703013654,LBBL,Oxford Securities Pvt. Ltd.,Dynamic Money Managers Securities Pvt. Ltd.,200,577.0,115400.0,2025-08-07 14:42:38.500518
2025-08-07,17226,2025080703013657,LBBL,Himalayan Securities Limited,Infinity Securities Limited,221,579.0,127959.0,2025-08-07 14:42:42.825018
2025-08-07,17225,2025080703013658,LBBL,Himalayan Securities Limited,Midas Stock Broking Company Private Limited,1000,579.8,579800.0,2025-08-07 14:42:42.825314
2025-08-07,17224,2025080703013659,LBBL,Himalayan Securities Limited,Thrive Brokerage House Pvt. Ltd,49,580.0,28420.0,2025-08-07 14:42:42.825417
2025-08-07,17223,2025080703013660,LBBL,Himalayan Securities Limited,Premier Securities Company Ltd.,500,580.0,290000.0,2025-08-07 14:42:42.825515
2025-08-07,17222,2025080703013661,LBBL,Himalayan Securities Limited,Imperial Securities Company Pvt. Ltd.,803,580.0,465740.0,2025-08-07 14:42:42.825612
2025-08-07,17221,2025080703013662,LBBL,Himalayan Securities Limited,Vision Securities Pvt. Ltd,500,580.0,290000.0,2025-08-07 14:42:42.825711
2025-08-07,17220,2025080703013663,LBBL,Himalayan Securities Limited,Sipla Securities Private Limited,100,580.0,58000.0,2025-08-07 14:42:42.825840
2025-08-07,17219,2025080703013664,LBBL,Himalayan Securities Limited,Online Securities Pvt. Ltd.,30,580.0,17400.0,2025-08-07 14:42:42.825937
2025-08-07,17218,2025080703013665,LBBL,Himalayan Securities Limited,Prabhu Stock Market Limited,1000,580.0,580000.0,2025-08-07 14:42:42.826049
2025-08-07,17092,2025080703013676,LBBL,BHOLE GANESH SECURITIES LTD,Online Securities Pvt. Ltd.,16,582.0,9312.0,2025-08-07 14:42:45.412202
2025-08-07,17017,2025080703013699,LBBL,Himalayan Securities Limited,Vision Securities Pvt. Ltd,100,580.0,58000.0,2025-08-07 14:42:52.928540
2025-08-07,16940,2025080703013724,LBBL,Himalayan Securities Limited,Sani Securities Company Ltd.,100,580.0,58000.0,2025-08-07 14:43:01.859539
2025-08-07,16895,2025080703013735,LBBL,Midas Stock Broking Company Private Limited,Online Securities Pvt. Ltd.,10,582.0,5820.0,2025-08-07 14:43:10.471105
2025-08-07,16824,2025080703013761,LBBL,Himalayan Securities Limited,Thrive Brokerage House Pvt. Ltd,500,580.0,290000.0,2025-08-07 14:43:19.407627
2025-08-07,16504,2025080703013946,LBBL,Himalayan Securities Limited,Dynamic Money Managers Securities Pvt. Ltd.,100,580.0,58000.0,2025-08-07 14:43:34.839161
2025-08-07,16045,2025080703014029,LBBL,Prabhu Stock Market Limited,Thrive Brokerage House Pvt. Ltd,300,581.0,174300.0,2025-08-07 14:44:22.745736
2025-08-07,15878,2025080703014057,LBBL,Prabhu Stock Market Limited,Dynamic Money Managers Securities Pvt. Ltd.,100,581.0,58100.0,2025-08-07 14:44:37.257352
2025-08-07,15558,2025080703014084,LBBL,Investment Management Nepal Pvt. Ltd.,Midas Stock Broking Company Private Limited,50,581.9,29095.0,2025-08-07 14:44:59.921381
2025-08-07,14989,2025080703014257,LBBL,Prabhu Stock Market Limited,Naasa Securities Co. Ltd.,35,581.0,20335.0,2025-08-07 14:45:49.547796
2025-08-07,14625,2025080703014337,LBBL,Opal Securities Investment (PVT) Ltd.,Naasa Securities Co. Ltd.,65,580.0,37700.0,2025-08-07 14:46:32.802160
2025-08-07,14497,2025080703014369,LBBL,Midas Stock Broking Company Private Limited,Agrawal Securities (PVT) Ltd.,10,581.0,5810.0,2025-08-07 14:46:47.014890
2025-08-07,14446,2025080703014372,LBBL,Kohinoor Investment & Securities Pvt. Ltd.,Agrawal Securities (PVT) Ltd.,250,581.0,145250.0,2025-08-07 14:46:51.060761
2025-08-07,14121,2025080703014451,LBBL,Opal Securities Investment (PVT) Ltd.,K.B.L. Securities Limited ,135,580.0,78300.0,2025-08-07 14:47:22.067178
2025-08-07,14102,2025080703014457,LBBL,Asian Securities Private Ltd.,Agrawal Securities (PVT) Ltd.,140,581.0,81340.0,2025-08-07 14:47:23.225099
2025-08-07,14101,2025080703014458,LBBL,Asian Securities Private Ltd.,Sundhara Securities Limited,200,581.0,116200.0,2025-08-07 14:47:23.225329
2025-08-07,13965,2025080703014492,LBBL,Asian Securities Private Ltd.,Thrive Brokerage House Pvt. Ltd,300,581.0,174300.0,2025-08-07 14:47:39.711486
2025-08-07,13879,2025080703014500,LBBL,Asian Securities Private Ltd.,K.B.L. Securities Limited ,165,581.0,95865.0,2025-08-07 14:47:47.156129
2025-08-07,13567,2025080703014575,LBBL,Asian Securities Private Ltd.,K.B.L. Securities Limited ,195,581.0,113295.0,2025-08-07 14:48:21.265908
2025-08-07,13465,2025080703014585,LBBL,Sundhara Securities Limited,Opal Securities Investment (PVT) Ltd.,1,570.0,570.0,2025-08-07 14:48:28.138839
2025-08-07,13428,2025080703014590,LBBL,J.F. Securites (PVT) Ltd.,Thrive Brokerage House Pvt. Ltd,400,581.0,232400.0,2025-08-07 14:48:31.979773
2025-08-07,13104,2025080703014661,LBBL,J.F. Securites (PVT) Ltd.,Neev Securities Pvt. Ltd.,376,581.0,218456.0,2025-08-07 14:49:02.612977
2025-08-07,12881,2025080703014695,LBBL,Kalika Securities Pvt. Ltd.,Roadshow securities limited,100,578.0,57800.0,2025-08-07 14:49:20.328456
2025-08-07,12044,2025080703014892,LBBL,Midas Stock Broking Company Private Limited,Sweta Securities Private Limited,10,580.0,5800.0,2025-08-07 14:50:20.960069
2025-08-07,11763,2025080703014952,LBBL,Sumeru Securities Pvt. Ltd.,ABC Securities Private Limited,200,578.0,115600.0,2025-08-07 14:50:45.029721
2025-08-07,11762,2025080703014953,LBBL,Online Securities Pvt. Ltd.,ABC Securities Private Limited,300,578.0,173400.0,2025-08-07 14:50:45.030318
2025-08-07,11761,2025080703014954,LBBL,Sumeru Securities Pvt. Ltd.,ABC Securities Private Limited,500,578.0,289000.0,2025-08-07 14:50:45.030609
2025-08-07,11633,2025080703014987,LBBL,Sumeru Securities Pvt. Ltd.,Naasa Securities Co. Ltd.,250,578.0,144500.0,2025-08-07 14:50:56.730500
2025-08-07,11632,2025080703014988,LBBL,Deevyaa Securities & Stock House Pvt. Ltd,Naasa Securities Co. Ltd.,200,577.2,115440.0,2025-08-07 14:50:56.730597
2025-08-07,11631,2025080703014989,LBBL,Sumeru Securities Pvt. Ltd.,Naasa Securities Co. Ltd.,1050,577.1,605955.0,2025-08-07 14:50:56.730717
2025-08-07,11269,2025080703015042,LBBL,Vision Securities Pvt. Ltd,Sweta Securities Private Limited,40,580.0,23200.0,2025-08-07 14:51:23.561181
2025-08-07,11268,2025080703015043,LBBL,Vision Securities Pvt. Ltd,Kumari Securities Private Limited,310,580.0,179800.0,2025-08-07 14:51:23.561492
2025-08-07,11070,2025080703015080,LBBL,Sumeru Securities Pvt. Ltd.,Kohinoor Investment & Securities Pvt. Ltd.,650,577.1,375115.0,2025-08-07 14:51:35.529873
2025-08-07,11069,2025080703015081,LBBL,Kalika Securities Pvt. Ltd.,Kohinoor Investment & Securities Pvt. Ltd.,100,577.1,57710.0,2025-08-07 14:51:35.529968
2025-08-07,11068,2025080703015082,LBBL,Stoxkarts Securities Limited,Kohinoor Investment & Securities Pvt. Ltd.,250,577.0,144250.0,2025-08-07 14:51:35.530076
2025-08-07,10555,2025080703015197,LBBL,Nabil Stock Dealer Ltd.,Nabil Stock Dealer Ltd.,1000,577.1,577100.0,2025-08-07 14:52:14.061340
2025-08-07,10554,2025080703015198,LBBL,Stoxkarts Securities Limited,Nabil Stock Dealer Ltd.,1750,577.0,1009750.0,2025-08-07 14:52:14.061795
2025-08-07,10553,2025080703015199,LBBL,N.M.B. SECURITIES LIMITED,Nabil Stock Dealer Ltd.,16,577.0,9232.0,2025-08-07 14:52:14.062116
2025-08-07,10552,2025080703015200,LBBL,Neev Securities Pvt. Ltd.,Nabil Stock Dealer Ltd.,50,577.0,28850.0,2025-08-07 14:52:14.062424
2025-08-07,10551,2025080703015201,LBBL,Naasa Securities Co. Ltd.,Nabil Stock Dealer Ltd.,240,576.0,138240.0,2025-08-07 14:52:14.062730
2025-08-07,10550,2025080703015202,LBBL,Cristal Kanchanjanga Securites Pvt. Ltd.,Nabil Stock Dealer Ltd.,500,576.0,288000.0,2025-08-07 14:52:14.063012
2025-08-07,10549,2025080703015203,LBBL,Agrawal Securities (PVT) Ltd.,Nabil Stock Dealer Ltd.,400,575.5,230200.0,2025-08-07 14:52:14.063305
2025-08-07,10548,2025080703015204,LBBL,Dipshikha Dhitopatra Karobar Co. Pvt Ltd.,Nabil Stock Dealer Ltd.,100,575.3,57530.0,2025-08-07 14:52:14.063594
2025-08-07,10547,2025080703015205,LBBL,Trishakti Securities Public Limited,Nabil Stock Dealer Ltd.,100,575.3,57530.0,2025-08-07 14:52:14.063964
2025-08-07,10546,2025080703015206,LBBL,Dipshikha Dhitopatra Karobar Co. Pvt Ltd.,Nabil Stock Dealer Ltd.,50,575.3,28765.0,2025-08-07 14:52:14.064369
2025-08-07,10545,2025080703015207,LBBL,Vision Securities Pvt. Ltd,Nabil Stock Dealer Ltd.,3073,575.2,1767589.6,2025-08-07 14:52:14.064717
2025-08-07,10544,2025080703015208,LBBL,Vision Securities Pvt. Ltd,Nabil Stock Dealer Ltd.,500,575.1,287550.0,2025-08-07 14:52:14.065178
2025-08-07,10543,2025080703015209,LBBL,Sweta Securities Private Limited,Nabil Stock Dealer Ltd.,38,575.1,21853.8,2025-08-07 14:52:14.065621
2025-08-07,10542,2025080703015210,LBBL,Cristal Kanchanjanga Securites Pvt. Ltd.,Nabil Stock Dealer Ltd.,500,575.1,287550.0,2025-08-07 14:52:14.066152
2025-08-07,10541,2025080703015211,LBBL,Sumeru Securities Pvt. Ltd.,Nabil Stock Dealer Ltd.,111,575.0,63825.0,2025-08-07 14:52:14.066416
2025-08-07,10540,2025080703015212,LBBL,Nagarik Stock Dealer ,Nabil Stock Dealer Ltd.,100,575.0,57500.0,2025-08-07 14:52:14.066566
2025-08-07,10539,2025080703015213,LBBL,Magnet Securities and Investment Company Private Limited,Nabil Stock Dealer Ltd.,500,575.0,287500.0,2025-08-07 14:52:14.066663
2025-08-07,10538,2025080703015214,LBBL,Sumeru Securities Pvt. Ltd.,Nabil Stock Dealer Ltd.,2000,575.0,1150000.0,2025-08-07 14:52:14.066763
2025-08-07,10537,2025080703015215,LBBL,Sundhara Securities Limited,Nabil Stock Dealer Ltd.,500,575.0,287500.0,2025-08-07 14:52:14.066899
2025-08-07,10536,2025080703015216,LBBL,Investment Management Nepal Pvt. Ltd.,Nabil Stock Dealer Ltd.,100,575.0,57500.0,2025-08-07 14:52:14.067053
2025-08-07,10535,2025080703015217,LBBL,Vision Securities Pvt. Ltd,Nabil Stock Dealer Ltd.,100,575.0,57500.0,2025-08-07 14:52:14.067175
2025-08-07,10534,2025080703015218,LBBL,Neev Securities Pvt. Ltd.,Nabil Stock Dealer Ltd.,200,575.0,115000.0,2025-08-07 14:52:14.067285
2025-08-07,10533,2025080703015219,LBBL,Cristal Kanchanjanga Securites Pvt. Ltd.,Nabil Stock Dealer Ltd.,200,575.0,115000.0,2025-08-07 14:52:14.067417
2025-08-07,10532,2025080703015220,LBBL,Imperial Securities Company Pvt. Ltd.,Nabil Stock Dealer Ltd.,1000,575.0,575000.0,2025-08-07 14:52:14.067548
2025-08-07,10531,2025080703015221,LBBL,Dipshikha Dhitopatra Karobar Co. Pvt Ltd.,Nabil Stock Dealer Ltd.,372,575.0,213900.0,2025-08-07 14:52:14.067679
2025-08-07,10359,2025080703015247,LBBL,Dipshikha Dhitopatra Karobar Co. Pvt Ltd.,Deevyaa Securities & Stock House Pvt. Ltd,300,575.0,172500.0,2025-08-07 14:52:22.624253
2025-08-07,10356,2025080703015248,LBBL,Midas Stock Broking Company Private Limited,K.B.L. Securities Limited ,10,579.9,5799.0,2025-08-07 14:52:23.011000
2025-08-07,9674,2025080703015380,LBBL,Dipshikha Dhitopatra Karobar Co. Pvt Ltd.,Kohinoor Investment & Securities Pvt. Ltd.,1000,575.0,575000.0,2025-08-07 14:53:13.466618
2025-08-07,9165,2025080703015482,LBBL,Sani Securities Company Ltd.,Cristal Kanchanjanga Securites Pvt. Ltd.,1,564.0,564.0,2025-08-07 14:53:45.874336
2025-08-07,9105,2025080703015489,LBBL,Capital Max Securities Ltd,Midas Stock Broking Company Private Limited,10,578.9,5789.0,2025-08-07 14:53:52.005129
2025-08-07,8505,2025080703015654,LBBL,Prabhu Stock Market Limited,Citizens Share Broker Limited,310,575.3,178343.0,2025-08-07 14:54:26.121018
2025-08-07,8116,2025080703015724,LBBL,Vision Securities Pvt. Ltd,Imperial Securities Company Pvt. Ltd.,270,576.0,155520.0,2025-08-07 14:54:49.854870
2025-08-07,8044,2025080703015728,LBBL,Sharepro Securities Private Limited,Midas Stock Broking Company Private Limited,140,578.6,81004.0,2025-08-07 14:54:52.543409
2025-08-07,8043,2025080703015729,LBBL,Sharepro Securities Private Limited,Naasa Securities Co. Ltd.,40,578.7,23148.0,2025-08-07 14:54:52.543652
2025-08-07,8042,2025080703015730,LBBL,Sharepro Securities Private Limited,Sri Hari Securities Pvt. Ltd.,190,578.8,109972.0,2025-08-07 14:54:52.543870
2025-08-07,8041,2025080703015731,LBBL,Sharepro Securities Private Limited,Hatemalo Financial Services Private Limited,345,578.8,199686.0,2025-08-07 14:54:52.544034
2025-08-07,7947,2025080703015756,LBBL,Sundhara Securities Limited,Hatemalo Financial Services Private Limited,155,578.8,89714.0,2025-08-07 14:54:57.496684
2025-08-07,7946,2025080703015757,LBBL,Sundhara Securities Limited,Capital Max Securities Ltd,845,579.0,489255.0,2025-08-07 14:54:57.496917
2025-08-07,7594,2025080703015805,LBBL,Sundhara Securities Limited,Capital Max Securities Ltd,15,579.0,8685.0,2025-08-07 14:55:18.625828
2025-08-07,7593,2025080703015806,LBBL,Sundhara Securities Limited,Midas Stock Broking Company Private Limited,85,579.0,49215.0,2025-08-07 14:55:18.626123
2025-08-07,7539,2025080703015824,LBBL,Vision Securities Pvt. Ltd,Sri Hari Securities Pvt. Ltd.,400,576.1,230440.0,2025-08-07 14:55:21.285145
2025-08-07,7465,2025080703015835,LBBL,Vision Securities Pvt. Ltd,Naasa Securities Co. Ltd.,100,576.1,57610.0,2025-08-07 14:55:26.341044
2025-08-07,7464,2025080703015836,LBBL,Vision Securities Pvt. Ltd,Naasa Securities Co. Ltd.,230,576.0,132480.0,2025-08-07 14:55:26.341473
2025-08-07,7463,2025080703015837,LBBL,Vision Securities Pvt. Ltd,Naasa Securities Co. Ltd.,500,576.0,288000.0,2025-08-07 14:55:26.341753
2025-08-07,7462,2025080703015838,LBBL,Kohinoor Investment & Securities Pvt. Ltd.,Naasa Securities Co. Ltd.,200,575.8,115160.0,2025-08-07 14:55:26.342044
2025-08-07,7461,2025080703015839,LBBL,Prabhu Stock Market Limited,Naasa Securities Co. Ltd.,1690,575.3,972257.0,2025-08-07 14:55:26.342322
2025-08-07,7460,2025080703015840,LBBL,Sani Securities Company Ltd.,Naasa Securities Co. Ltd.,100,575.2,57520.0,2025-08-07 14:55:26.342589
2025-08-07,7459,2025080703015841,LBBL,Sri Hari Securities Pvt. Ltd.,Naasa Securities Co. Ltd.,1000,575.1,575100.0,2025-08-07 14:55:26.342861
2025-08-07,7458,2025080703015842,LBBL,Dipshikha Dhitopatra Karobar Co. Pvt Ltd.,Naasa Securities Co. Ltd.,328,575.0,188600.0,2025-08-07 14:55:26.343137
2025-08-07,7457,2025080703015843,LBBL,Kalika Securities Pvt. Ltd.,Naasa Securities Co. Ltd.,50,575.0,28750.0,2025-08-07 14:55:26.343391
2025-08-07,7456,2025080703015844,LBBL,Siprabi Securities Pvt. Ltd.,Naasa Securities Co. Ltd.,58,575.0,33350.0,2025-08-07 14:55:26.343657
2025-08-07,7455,2025080703015845,LBBL,Neev Securities Pvt. Ltd.,Naasa Securities Co. Ltd.,20,575.0,11500.0,2025-08-07 14:55:26.343924
2025-08-07,7386,2025080703015866,LBBL,Vision Securities Pvt. Ltd,Naasa Securities Co. Ltd.,500,574.1,287050.0,2025-08-07 14:55:30.659810
2025-08-07,7385,2025080703015867,LBBL,Neev Securities Pvt. Ltd.,Naasa Securities Co. Ltd.,20,574.0,11480.0,2025-08-07 14:55:30.660039
2025-08-07,7384,2025080703015868,LBBL,Vision Securities Pvt. Ltd,Naasa Securities Co. Ltd.,200,574.0,114800.0,2025-08-07 14:55:30.660133
2025-08-07,7383,2025080703015869,LBBL,Sumeru Securities Pvt. Ltd.,Naasa Securities Co. Ltd.,150,574.0,86100.0,2025-08-07 14:55:30.660234
2025-08-07,7382,2025080703015870,LBBL,Sumeru Securities Pvt. Ltd.,Naasa Securities Co. Ltd.,2000,573.5,1147000.0,2025-08-07 14:55:30.660343
2025-08-07,7381,2025080703015871,LBBL,Nepal Stock House (PVT) Ltd.,Naasa Securities Co. Ltd.,310,573.1,177661.0,2025-08-07 14:55:30.660436
2025-08-07,7380,2025080703015872,LBBL,Trishakti Securities Public Limited,Naasa Securities Co. Ltd.,137,573.0,78501.0,2025-08-07 14:55:30.660526
2025-08-07,7379,2025080703015873,LBBL,Nepal Stock House (PVT) Ltd.,Naasa Securities Co. Ltd.,500,573.0,286500.0,2025-08-07 14:55:30.660622
2025-08-07,7378,2025080703015874,LBBL,Cristal Kanchanjanga Securites Pvt. Ltd.,Naasa Securities Co. Ltd.,350,573.0,200550.0,2025-08-07 14:55:30.660710
2025-08-07,7377,2025080703015875,LBBL,Naasa Securities Co. Ltd.,Naasa Securities Co. Ltd.,400,573.0,229200.0,2025-08-07 14:55:30.660804
2025-08-07,7376,2025080703015876,LBBL,Property Wiard Limited,Naasa Securities Co. Ltd.,400,572.5,229000.0,2025-08-07 14:55:30.660905
2025-08-07,7375,2025080703015877,LBBL,Imperial Securities Company Pvt. Ltd.,Naasa Securities Co. Ltd.,1000,572.4,572400.0,2025-08-07 14:55:30.660990
2025-08-07,7374,2025080703015878,LBBL,Sani Securities Company Ltd.,Naasa Securities Co. Ltd.,30,572.3,17169.0,2025-08-07 14:55:30.661087
2025-08-07,7373,2025080703015879,LBBL,Siprabi Securities Pvt. Ltd.,Naasa Securities Co. Ltd.,800,572.1,457680.0,2025-08-07 14:55:30.661178
2025-08-07,7372,2025080703015880,LBBL,NIMB Stock Markets Limited,Naasa Securities Co. Ltd.,30,572.0,17160.0,2025-08-07 14:55:30.661287
2025-08-07,7371,2025080703015881,LBBL,Kohinoor Investment & Securities Pvt. Ltd.,Naasa Securities Co. Ltd.,1000,572.0,572000.0,2025-08-07 14:55:30.661375
2025-08-07,7370,2025080703015882,LBBL,Naasa Securities Co. Ltd.,Naasa Securities Co. Ltd.,155,572.0,88660.0,2025-08-07 14:55:30.661479
2025-08-07,7369,2025080703015883,LBBL,Indira securities pvt. ltd,Naasa Securities Co. Ltd.,150,572.0,85800.0,2025-08-07 14:55:30.661573
2025-08-07,7368,2025080703015884,LBBL,Linch Stock Market Ltd.,Naasa Securities Co. Ltd.,60,571.3,34278.0,2025-08-07 14:55:30.661678
2025-08-07,7367,2025080703015885,LBBL,Garima Securities Limited,Naasa Securities Co. Ltd.,110,571.1,62821.0,2025-08-07 14:55:30.661790
2025-08-07,7366,2025080703015886,LBBL,Sunrise Securities Limited,Naasa Securities Co. Ltd.,200,571.0,114200.0,2025-08-07 14:55:30.661910
2025-08-07,7365,2025080703015887,LBBL,Imperial Securities Company Pvt. Ltd.,Naasa Securities Co. Ltd.,3500,571.0,1998500.0,2025-08-07 14:55:30.662008
2025-08-07,7364,2025080703015888,LBBL,Agrawal Securities (PVT) Ltd.,Naasa Securities Co. Ltd.,500,571.0,285500.0,2025-08-07 14:55:30.662108
2025-08-07,7363,2025080703015889,LBBL,Creative Securities Pvt Ltd,Naasa Securities Co. Ltd.,100,571.0,57100.0,2025-08-07 14:55:30.662212
2025-08-07,7362,2025080703015890,LBBL,ABC Securities Private Limited,Naasa Securities Co. Ltd.,100,570.9,57090.0,2025-08-07 14:55:30.662315
2025-08-07,7361,2025080703015891,LBBL,Naasa Securities Co. Ltd.,Naasa Securities Co. Ltd.,1000,570.8,570800.0,2025-08-07 14:55:30.662398
2025-08-07,7360,2025080703015892,LBBL,KALASH STOCK MARKET PVT. LTD.,Naasa Securities Co. Ltd.,100,570.5,57050.0,2025-08-07 14:55:30.662484
2025-08-07,7359,2025080703015893,LBBL,R.B.B. Securities Company Ltd,Naasa Securities Co. Ltd.,1754,570.2,1000130.8,2025-08-07 14:55:30.662582
2025-08-07,7358,2025080703015894,LBBL,Deevyaa Securities & Stock House Pvt. Ltd,Naasa Securities Co. Ltd.,5864,570.1,3343066.4,2025-08-07 14:55:30.662676
2025-08-07,6856,2025080703015980,LBBL,Bhrikuti Stock Broking Co. Pvt. Ltd.,Midas Stock Broking Company Private Limited,10,579.0,5790.0,2025-08-07 14:55:56.314082
2025-08-07,6610,2025080703016006,LBBL,Kumari Securities Private Limited,Deevyaa Securities & Stock House Pvt. Ltd,100,576.0,57600.0,2025-08-07 14:56:08.829486
2025-08-07,6609,2025080703016007,LBBL,Deevyaa Securities & Stock House Pvt. Ltd,Deevyaa Securities & Stock House Pvt. Ltd,900,570.1,513090.0,2025-08-07 14:56:08.829680
2025-08-07,5445,2025080703016204,LBBL,Vision Securities Pvt. Ltd,BHOLE GANESH SECURITIES LTD,10,578.0,5780.0,2025-08-07 14:57:09.841001
2025-08-07,5385,2025080703016215,LBBL,Midas Stock Broking Company Private Limited,BHOLE GANESH SECURITIES LTD,10,578.0,5780.0,2025-08-07 14:57:12.217868
2025-08-07,5380,2025080703016218,LBBL,Deevyaa Securities & Stock House Pvt. Ltd,K.B.L. Securities Limited ,290,573.0,166170.0,2025-08-07 14:57:12.494606
2025-08-07,5005,2025080703016288,LBBL,Midas Stock Broking Company Private Limited,BHOLE GANESH SECURITIES LTD,10,578.0,5780.0,2025-08-07 14:57:27.501330
2025-08-07,4992,2025080703016293,LBBL,Sharepro Securities Private Limited,BHOLE GANESH SECURITIES LTD,301,578.0,173978.0,2025-08-07 14:57:28.219105
2025-08-07,4976,2025080703016296,LBBL,Sri Hari Securities Pvt. Ltd.,Opal Securities Investment (PVT) Ltd.,2000,575.0,1150000.0,2025-08-07 14:57:29.224631
2025-08-07,4756,2025080703016335,LBBL,Midas Stock Broking Company Private Limited,BHOLE GANESH SECURITIES LTD,10,578.0,5780.0,2025-08-07 14:57:39.809042
2025-08-07,4568,2025080703016369,LBBL,Sumeru Securities Pvt. Ltd.,BHOLE GANESH SECURITIES LTD,159,578.0,91902.0,2025-08-07 14:57:49.631110
2025-08-07,4567,2025080703016370,LBBL,Sumeru Securities Pvt. Ltd.,BHOLE GANESH SECURITIES LTD,400,578.6,231440.0,2025-08-07 14:57:49.631154
