Date,S.N.,contract_id,symbol,buyer_broker,seller_broker,volume,price,amount,transaction_time
2025-08-07,94941,2025080704000095,MEN,R.B.B. Securities Company Ltd,Imperial Securities Company Pvt. Ltd.,100,620.7,62070.0,2025-08-07 11:03:01.921724
2025-08-07,94464,2025080704000145,MEN,Opal Securities Investment (PVT) Ltd.,Neev Securities Pvt. Ltd.,10,629.0,6290.0,2025-08-07 11:04:44.130608
2025-08-07,93329,2025080704000331,MEN,Aryatara Investment & Securities,ABC Securities Private Limited,100,627.6,62760.0,2025-08-07 11:08:36.621355
2025-08-07,92720,2025080704000459,MEN,Aryatara Investment & Securities,Imperial Securities Company Pvt. Ltd.,100,628.5,62850.0,2025-08-07 11:10:18.740925
2025-08-07,92719,2025080704000460,MEN,Aryatara Investment & Securities,SHUBHAKAMANA SECURITIES PVT. LTD,50,628.5,31425.0,2025-08-07 11:10:18.741131
2025-08-07,92503,2025080704000509,MEN,Dakshinkali Investment & Securities Pvt. Ltd.,ABC Securities Private Limited,50,628.5,31425.0,2025-08-07 11:11:09.003937
2025-08-07,91490,2025080704000704,MEN,Dakshinkali Investment & Securities Pvt. Ltd.,Aakashbhairab Securities Ltd.,300,628.4,188520.0,2025-08-07 11:14:21.919618
2025-08-07,91026,2025080704000786,MEN,Sani Securities Company Ltd.,Sumeru Securities Pvt. Ltd.,30,627.0,18810.0,2025-08-07 11:15:44.212009
2025-08-07,90789,2025080704000819,MEN,Dakshinkali Investment & Securities Pvt. Ltd.,Sumeru Securities Pvt. Ltd.,250,627.0,156750.0,2025-08-07 11:16:33.936559
2025-08-07,90718,2025080704000822,MEN,Aryatara Investment & Securities,Primo Securities (PVT) Ltd.,250,626.1,156525.0,2025-08-07 11:16:46.139378
2025-08-07,90717,2025080704000823,MEN,J.F. Securites (PVT) Ltd.,Primo Securities (PVT) Ltd.,100,626.0,62600.0,2025-08-07 11:16:46.139489
2025-08-07,90716,2025080704000824,MEN,MILKY WAY SHARE BROKER COMPANY LTD ,Primo Securities (PVT) Ltd.,50,625.0,31250.0,2025-08-07 11:16:46.139552
2025-08-07,90544,2025080704000854,MEN,MILKY WAY SHARE BROKER COMPANY LTD ,Naasa Securities Co. Ltd.,20,625.0,12500.0,2025-08-07 11:17:20.598097
2025-08-07,90517,2025080704000855,MEN,MILKY WAY SHARE BROKER COMPANY LTD ,Aryatara Investment & Securities,1930,625.0,1206250.0,2025-08-07 11:17:23.798681
2025-08-07,90516,2025080704000856,MEN,Vision Securities Pvt. Ltd,Aryatara Investment & Securities,70,625.0,43750.0,2025-08-07 11:17:23.798878
2025-08-07,89435,2025080704001077,MEN,Bhrikuti Stock Broking Co. Pvt. Ltd.,Naasa Securities Co. Ltd.,13,625.1,8126.3,2025-08-07 11:20:13.558958
2025-08-07,89347,2025080704001109,MEN,Bhrikuti Stock Broking Co. Pvt. Ltd.,Asian Securities Private Ltd.,17,625.1,10626.7,2025-08-07 11:20:27.512794
2025-08-07,89346,2025080704001110,MEN,Vision Securities Pvt. Ltd,Asian Securities Private Ltd.,10,625.0,6250.0,2025-08-07 11:20:27.513001
2025-08-07,89345,2025080704001111,MEN,Primo Securities (PVT) Ltd.,Asian Securities Private Ltd.,30,625.0,18750.0,2025-08-07 11:20:27.513139
2025-08-07,89297,2025080704001119,MEN,Primo Securities (PVT) Ltd.,Premier Securities Company Ltd.,70,625.0,43750.0,2025-08-07 11:20:33.508368
2025-08-07,89296,2025080704001120,MEN,Dipshikha Dhitopatra Karobar Co. Pvt Ltd.,Premier Securities Company Ltd.,130,625.0,81250.0,2025-08-07 11:20:33.508474
2025-08-07,89139,2025080704001160,MEN,Dakshinkali Investment & Securities Pvt. Ltd.,Nepal Stock House (PVT) Ltd.,10,626.0,6260.0,2025-08-07 11:20:57.810136
2025-08-07,89132,2025080704001161,MEN,Dipshikha Dhitopatra Karobar Co. Pvt Ltd.,Dynamic Money Managers Securities Pvt. Ltd.,30,625.0,18750.0,2025-08-07 11:20:58.174280
2025-08-07,89039,2025080704001185,MEN,Dipshikha Dhitopatra Karobar Co. Pvt Ltd.,Aryatara Investment & Securities,20,625.0,12500.0,2025-08-07 11:21:15.076565
2025-08-07,87692,2025080704001459,MEN,Dipshikha Dhitopatra Karobar Co. Pvt Ltd.,SUN SECURITIES PVT LTD,20,625.0,12500.0,2025-08-07 11:24:55.411812
2025-08-07,87567,2025080704001485,MEN,R.B.B. Securities Company Ltd,Neev Securities Pvt. Ltd.,13,624.0,8112.0,2025-08-07 11:25:25.251051
2025-08-07,87470,2025080704001500,MEN,R.B.B. Securities Company Ltd,Nepal Investment And Securities Trading Private Limited,50,624.0,31200.0,2025-08-07 11:25:45.650922
2025-08-07,87350,2025080704001508,MEN,Dakshinkali Investment & Securities Pvt. Ltd.,SUN SECURITIES PVT LTD,300,625.0,187500.0,2025-08-07 11:26:10.565132
2025-08-07,87296,2025080704001528,MEN,Kumari Securities Private Limited,SUN SECURITIES PVT LTD,100,625.0,62500.0,2025-08-07 11:26:20.107034
2025-08-07,87061,2025080704001561,MEN,J.F. Securites (PVT) Ltd.,Nepal Investment And Securities Trading Private Limited,13,624.1,8113.3,2025-08-07 11:27:04.207304
2025-08-07,86691,2025080704001620,MEN,Dynamic Money Managers Securities Pvt. Ltd.,Naasa Securities Co. Ltd.,26,624.2,16229.2,2025-08-07 11:28:20.057557
2025-08-07,86543,2025080704001645,MEN,Dynamic Money Managers Securities Pvt. Ltd.,ABC Securities Private Limited,74,624.2,46190.8,2025-08-07 11:28:52.038047
2025-08-07,86542,2025080704001646,MEN,J.F. Securites (PVT) Ltd.,ABC Securities Private Limited,487,624.1,303936.7,2025-08-07 11:28:52.038191
2025-08-07,86541,2025080704001647,MEN,Dynamic Money Managers Securities Pvt. Ltd.,ABC Securities Private Limited,939,624.0,585936.0,2025-08-07 11:28:52.038246
2025-08-07,86177,2025080704001707,MEN,Dynamic Money Managers Securities Pvt. Ltd.,Naasa Securities Co. Ltd.,20,624.0,12480.0,2025-08-07 11:29:54.390212
2025-08-07,85725,2025080704001800,MEN,Dynamic Money Managers Securities Pvt. Ltd.,Sumeru Securities Pvt. Ltd.,10,624.0,6240.0,2025-08-07 11:31:06.618217
2025-08-07,84833,2025080704002035,MEN,Online Securities Pvt. Ltd.,SUN SECURITIES PVT LTD,100,625.0,62500.0,2025-08-07 11:33:40.481083
2025-08-07,84560,2025080704002082,MEN,Dakshinkali Investment & Securities Pvt. Ltd.,SUN SECURITIES PVT LTD,60,625.0,37500.0,2025-08-07 11:34:45.791180
2025-08-07,84559,2025080704002083,MEN,Dakshinkali Investment & Securities Pvt. Ltd.,Trishakti Securities Public Limited,40,625.0,25000.0,2025-08-07 11:34:45.791462
2025-08-07,83333,2025080704002321,MEN,Dynamic Money Managers Securities Pvt. Ltd.,Trishakti Securities Public Limited,60,625.0,37500.0,2025-08-07 11:38:43.140642
2025-08-07,83332,2025080704002322,MEN,Dynamic Money Managers Securities Pvt. Ltd.,Nepal Stock House (PVT) Ltd.,40,625.0,25000.0,2025-08-07 11:38:43.140910
2025-08-07,83150,2025080704002349,MEN,Sri Hari Securities Pvt. Ltd.,Nepal Stock House (PVT) Ltd.,190,625.0,118750.0,2025-08-07 11:39:10.331935
2025-08-07,83149,2025080704002350,MEN,Sri Hari Securities Pvt. Ltd.,Oxford Securities Pvt. Ltd.,300,625.0,187500.0,2025-08-07 11:39:10.332077
2025-08-07,80349,2025080704002914,MEN,Dynamic Money Managers Securities Pvt. Ltd.,Dakshinkali Investment & Securities Pvt. Ltd.,100,626.0,62600.0,2025-08-07 11:47:33.045393
2025-08-07,80344,2025080704002918,MEN,J.F. Securites (PVT) Ltd.,Sumeru Securities Pvt. Ltd.,278,625.1,173777.8,2025-08-07 11:47:33.796160
2025-08-07,80176,2025080704002955,MEN,Vision Securities Pvt. Ltd,Trishakti Securities Public Limited,10,626.5,6265.0,2025-08-07 11:47:56.078107
2025-08-07,79336,2025080704003155,MEN,Dakshinkali Investment & Securities Pvt. Ltd.,Trishakti Securities Public Limited,90,626.5,56385.0,2025-08-07 11:50:23.779975
2025-08-07,79050,2025080704003217,MEN,Trisul Securities & Invt. Ltd.,Dynamic Money Managers Securities Pvt. Ltd.,200,626.8,125360.0,2025-08-07 11:51:08.577945
2025-08-07,79015,2025080704003237,MEN,Dynamic Money Managers Securities Pvt. Ltd.,Dynamic Money Managers Securities Pvt. Ltd.,300,627.0,188100.0,2025-08-07 11:51:10.958443
2025-08-07,78958,2025080704003249,MEN,J.F. Securites (PVT) Ltd.,Dynamic Money Managers Securities Pvt. Ltd.,189,627.0,118503.0,2025-08-07 11:51:22.658076
2025-08-07,78957,2025080704003250,MEN,J.F. Securites (PVT) Ltd.,ABC Securities Private Limited,13,627.0,8151.0,2025-08-07 11:51:22.658451
2025-08-07,78956,2025080704003251,MEN,J.F. Securites (PVT) Ltd.,Naasa Securities Co. Ltd.,110,627.0,68970.0,2025-08-07 11:51:22.658683
2025-08-07,78846,2025080704003280,MEN,ABC Securities Private Limited,Naasa Securities Co. Ltd.,10,627.0,6270.0,2025-08-07 11:51:42.929924
2025-08-07,78349,2025080704003381,MEN,Dynamic Money Managers Securities Pvt. Ltd.,Naasa Securities Co. Ltd.,10,627.0,6270.0,2025-08-07 11:53:18.387842
2025-08-07,77984,2025080704003468,MEN,Sewa Securities Pvt. Ltd.,ABC Securities Private Limited,75,627.9,47092.5,2025-08-07 11:54:28.370930
2025-08-07,76639,2025080704003820,MEN,J.F. Securites (PVT) Ltd.,Asian Securities Private Ltd.,10,627.6,6276.0,2025-08-07 11:58:46.249407
2025-08-07,76638,2025080704003821,MEN,J.F. Securites (PVT) Ltd.,Asian Securities Private Ltd.,10,627.5,6275.0,2025-08-07 11:58:46.249484
2025-08-07,76637,2025080704003822,MEN,J.F. Securites (PVT) Ltd.,Asian Securities Private Ltd.,10,627.4,6274.0,2025-08-07 11:58:46.249515
2025-08-07,76636,2025080704003823,MEN,J.F. Securites (PVT) Ltd.,Asian Securities Private Ltd.,10,627.3,6273.0,2025-08-07 11:58:46.249542
2025-08-07,76635,2025080704003824,MEN,J.F. Securites (PVT) Ltd.,Asian Securities Private Ltd.,10,627.2,6272.0,2025-08-07 11:58:46.249564
2025-08-07,76521,2025080704003863,MEN,J.F. Securites (PVT) Ltd.,South Asian Bulls Pvt. Ltd.,10,627.1,6271.0,2025-08-07 11:59:11.331726
2025-08-07,76520,2025080704003864,MEN,Aryatara Investment & Securities,South Asian Bulls Pvt. Ltd.,75,627.1,47032.5,2025-08-07 11:59:11.332082
2025-08-07,76519,2025080704003865,MEN,Trisul Securities & Invt. Ltd.,South Asian Bulls Pvt. Ltd.,415,626.8,260122.0,2025-08-07 11:59:11.332292
2025-08-07,76479,2025080704003873,MEN,Trisul Securities & Invt. Ltd.,South Asian Bulls Pvt. Ltd.,300,626.8,188040.0,2025-08-07 11:59:18.368581
2025-08-07,76422,2025080704003881,MEN,Trisul Securities & Invt. Ltd.,South Asian Bulls Pvt. Ltd.,85,626.8,53278.0,2025-08-07 11:59:30.493286
2025-08-07,75997,2025080704003970,MEN,Arun Securities (PVT) Ltd.,South Asian Bulls Pvt. Ltd.,115,626.8,72082.0,2025-08-07 12:01:01.431017
2025-08-07,74999,2025080704004243,MEN,Nepal Investment And Securities Trading Private Limited,Nepal Stock House (PVT) Ltd.,100,626.8,62680.0,2025-08-07 12:03:38.531452
2025-08-07,74765,2025080704004331,MEN,Sundhara Securities Limited,ABC Securities Private Limited,25,627.9,15697.5,2025-08-07 12:04:15.478452
2025-08-07,74764,2025080704004332,MEN,Sundhara Securities Limited,Primo Securities (PVT) Ltd.,13,627.9,8162.7,2025-08-07 12:04:15.478661
2025-08-07,74399,2025080704004457,MEN,Sundhara Securities Limited,Online Securities Pvt. Ltd.,13,628.0,8164.0,2025-08-07 12:04:59.674510
2025-08-07,74398,2025080704004458,MEN,Sundhara Securities Limited,Kalika Securities Pvt. Ltd.,87,628.0,54636.0,2025-08-07 12:04:59.674923
2025-08-07,74208,2025080704004521,MEN,Neev Securities Pvt. Ltd.,Asian Securities Private Ltd.,10,627.9,6279.0,2025-08-07 12:05:27.873225
2025-08-07,74207,2025080704004522,MEN,Neev Securities Pvt. Ltd.,Kalika Securities Pvt. Ltd.,113,628.0,70964.0,2025-08-07 12:05:27.873429
2025-08-07,74206,2025080704004523,MEN,Neev Securities Pvt. Ltd.,Trishakti Securities Public Limited,100,628.0,62800.0,2025-08-07 12:05:27.873503
2025-08-07,74205,2025080704004524,MEN,Neev Securities Pvt. Ltd.,Asian Securities Private Ltd.,10,628.1,6281.0,2025-08-07 12:05:27.873591
2025-08-07,74204,2025080704004525,MEN,Neev Securities Pvt. Ltd.,Asian Securities Private Ltd.,10,628.2,6282.0,2025-08-07 12:05:27.873660
2025-08-07,74203,2025080704004526,MEN,Neev Securities Pvt. Ltd.,Asian Securities Private Ltd.,10,628.3,6283.0,2025-08-07 12:05:27.873727
2025-08-07,74202,2025080704004527,MEN,Neev Securities Pvt. Ltd.,Aakashbhairab Securities Ltd.,99,628.4,62211.6,2025-08-07 12:05:27.873794
2025-08-07,74201,2025080704004528,MEN,Neev Securities Pvt. Ltd.,Neev Securities Pvt. Ltd.,148,628.4,93003.2,2025-08-07 12:05:27.873860
2025-08-07,74051,2025080704004568,MEN,Neev Securities Pvt. Ltd.,Neev Securities Pvt. Ltd.,142,628.4,89232.8,2025-08-07 12:05:45.990368
2025-08-07,74050,2025080704004569,MEN,Neev Securities Pvt. Ltd.,Dakshinkali Investment & Securities Pvt. Ltd.,200,628.5,125700.0,2025-08-07 12:05:45.990535
2025-08-07,74049,2025080704004570,MEN,Neev Securities Pvt. Ltd.,Linch Stock Market Ltd.,158,628.6,99318.8,2025-08-07 12:05:45.990606
2025-08-07,73771,2025080704004683,MEN,Neev Securities Pvt. Ltd.,Primo Securities (PVT) Ltd.,13,627.0,8151.0,2025-08-07 12:06:23.014213
2025-08-07,73734,2025080704004694,MEN,South Asian Bulls Pvt. Ltd.,Neev Securities Pvt. Ltd.,10,628.0,6280.0,2025-08-07 12:06:26.559008
2025-08-07,73592,2025080704004743,MEN,Dakshinkali Investment & Securities Pvt. Ltd.,Imperial Securities Company Pvt. Ltd.,605,628.0,379940.0,2025-08-07 12:06:44.463340
2025-08-07,73497,2025080704004769,MEN,Vision Securities Pvt. Ltd,Imperial Securities Company Pvt. Ltd.,195,628.0,122460.0,2025-08-07 12:06:59.896831
2025-08-07,73268,2025080704004874,MEN,Neev Securities Pvt. Ltd.,Asian Securities Private Ltd.,10,628.1,6281.0,2025-08-07 12:07:33.680580
2025-08-07,73267,2025080704004875,MEN,Neev Securities Pvt. Ltd.,Linch Stock Market Ltd.,137,628.6,86118.2,2025-08-07 12:07:33.680915
2025-08-07,73266,2025080704004876,MEN,Neev Securities Pvt. Ltd.,Dynamic Money Managers Securities Pvt. Ltd.,200,628.7,125740.0,2025-08-07 12:07:33.681118
2025-08-07,73265,2025080704004877,MEN,Neev Securities Pvt. Ltd.,Nepal Stock House (PVT) Ltd.,153,628.7,96191.1,2025-08-07 12:07:33.681337
2025-08-07,73076,2025080704004923,MEN,Vision Securities Pvt. Ltd,Nepal Stock House (PVT) Ltd.,195,628.7,122596.5,2025-08-07 12:08:02.468456
2025-08-07,73075,2025080704004924,MEN,Vision Securities Pvt. Ltd,Prabhu Stock Market Limited,150,629.0,94350.0,2025-08-07 12:08:02.468703
2025-08-07,73074,2025080704004925,MEN,Vision Securities Pvt. Ltd,J.F. Securites (PVT) Ltd.,1500,630.0,945000.0,2025-08-07 12:08:02.468775
2025-08-07,73073,2025080704004926,MEN,Vision Securities Pvt. Ltd,Linch Stock Market Ltd.,70,630.0,44100.0,2025-08-07 12:08:02.468842
2025-08-07,73072,2025080704004927,MEN,Vision Securities Pvt. Ltd,Primo Securities (PVT) Ltd.,500,630.0,315000.0,2025-08-07 12:08:02.468909
2025-08-07,73071,2025080704004928,MEN,Vision Securities Pvt. Ltd,Primo Securities (PVT) Ltd.,485,630.0,305550.0,2025-08-07 12:08:02.468971
2025-08-07,72814,2025080704005013,MEN,Neev Securities Pvt. Ltd.,Primo Securities (PVT) Ltd.,15,630.0,9450.0,2025-08-07 12:08:45.097293
2025-08-07,72813,2025080704005014,MEN,Neev Securities Pvt. Ltd.,Thrive Brokerage House Pvt. Ltd,35,630.0,22050.0,2025-08-07 12:08:45.097483
2025-08-07,72557,2025080704005102,MEN,Aryatara Investment & Securities,Opal Securities Investment (PVT) Ltd.,500,629.0,314500.0,2025-08-07 12:09:21.981561
2025-08-07,72108,2025080704005259,MEN,Opal Securities Investment (PVT) Ltd.,Thrive Brokerage House Pvt. Ltd,15,630.0,9450.0,2025-08-07 12:10:38.344685
2025-08-07,72107,2025080704005260,MEN,Opal Securities Investment (PVT) Ltd.,Dynamic Money Managers Securities Pvt. Ltd.,25,631.8,15795.0,2025-08-07 12:10:38.345009
2025-08-07,71567,2025080704005424,MEN,Trisul Securities & Invt. Ltd.,Dynamic Money Managers Securities Pvt. Ltd.,75,631.8,47385.0,2025-08-07 12:12:32.130525
2025-08-07,71083,2025080704005532,MEN,Vision Securities Pvt. Ltd,Asian Securities Private Ltd.,20,630.1,12602.0,2025-08-07 12:13:37.992217
2025-08-07,71082,2025080704005533,MEN,Thrive Brokerage House Pvt. Ltd,Asian Securities Private Ltd.,80,630.0,50400.0,2025-08-07 12:13:37.992565
2025-08-07,70605,2025080704005662,MEN,Opal Securities Investment (PVT) Ltd.,Ashutosh Brokerage & Securities (PVT) Ltd.,13,630.5,8196.5,2025-08-07 12:14:54.313739
2025-08-07,70565,2025080704005672,MEN,Neev Securities Pvt. Ltd.,Dynamic Money Managers Securities Pvt. Ltd.,200,631.8,126360.0,2025-08-07 12:15:01.493213
2025-08-07,70564,2025080704005673,MEN,Neev Securities Pvt. Ltd.,Dakshinkali Investment & Securities Pvt. Ltd.,500,632.0,316000.0,2025-08-07 12:15:01.493400
2025-08-07,69772,2025080704005854,MEN,Dynamic Money Managers Securities Pvt. Ltd.,Sumeru Securities Pvt. Ltd.,111,631.1,70052.1,2025-08-07 12:16:57.904506
2025-08-07,69509,2025080704005916,MEN,Kohinoor Investment & Securities Pvt. Ltd.,Asian Securities Private Ltd.,25,632.0,15800.0,2025-08-07 12:17:46.080921
2025-08-07,69423,2025080704005928,MEN,Dynamic Money Managers Securities Pvt. Ltd.,Trishakti Securities Public Limited,59,631.1,37234.9,2025-08-07 12:17:59.159724
2025-08-07,69422,2025080704005929,MEN,Neev Securities Pvt. Ltd.,Trishakti Securities Public Limited,531,631.0,335061.0,2025-08-07 12:17:59.159900
2025-08-07,69395,2025080704005936,MEN,Kohinoor Investment & Securities Pvt. Ltd.,Secured Securities Ltd.,100,632.7,63270.0,2025-08-07 12:18:08.202346
2025-08-07,69072,2025080704006028,MEN,Dynamic Money Managers Securities Pvt. Ltd.,Linch Stock Market Ltd.,163,633.0,103179.0,2025-08-07 12:19:06.452664
2025-08-07,68903,2025080704006079,MEN,Opal Securities Investment (PVT) Ltd.,ABC Securities Private Limited,100,633.9,63390.0,2025-08-07 12:19:35.476095
2025-08-07,68730,2025080704006129,MEN,Dynamic Money Managers Securities Pvt. Ltd.,Miyo Securities Pvt Ltd,63,634.0,39942.0,2025-08-07 12:19:58.225372
2025-08-07,68708,2025080704006134,MEN,Opal Securities Investment (PVT) Ltd.,Miyo Securities Pvt Ltd,87,634.0,55158.0,2025-08-07 12:20:03.606823
2025-08-07,68600,2025080704006154,MEN,Opal Securities Investment (PVT) Ltd.,Arun Securities (PVT) Ltd.,50,632.5,31625.0,2025-08-07 12:20:23.336433
2025-08-07,68599,2025080704006155,MEN,Aryatara Investment & Securities,Arun Securities (PVT) Ltd.,240,632.0,151680.0,2025-08-07 12:20:23.336643
2025-08-07,68598,2025080704006156,MEN,Neev Securities Pvt. Ltd.,Arun Securities (PVT) Ltd.,469,631.0,295939.0,2025-08-07 12:20:23.336739
2025-08-07,68597,2025080704006157,MEN,Aryatara Investment & Securities,Arun Securities (PVT) Ltd.,25,631.0,15775.0,2025-08-07 12:20:23.336809
2025-08-07,68596,2025080704006158,MEN,Deevyaa Securities & Stock House Pvt. Ltd,Arun Securities (PVT) Ltd.,41,631.0,25871.0,2025-08-07 12:20:23.336874
2025-08-07,67870,2025080704006381,MEN,Deevyaa Securities & Stock House Pvt. Ltd,Neev Securities Pvt. Ltd.,13,631.0,8203.0,2025-08-07 12:22:25.069487
2025-08-07,67366,2025080704006534,MEN,Deevyaa Securities & Stock House Pvt. Ltd,Aryatara Investment & Securities,13,631.0,8203.0,2025-08-07 12:24:02.998067
2025-08-07,67347,2025080704006541,MEN,Deevyaa Securities & Stock House Pvt. Ltd,Linch Stock Market Ltd.,33,631.0,20823.0,2025-08-07 12:24:08.606894
2025-08-07,67346,2025080704006542,MEN,Naasa Securities Co. Ltd.,Linch Stock Market Ltd.,58,631.0,36598.0,2025-08-07 12:24:08.607111
2025-08-07,66150,2025080704006820,MEN,Vision Securities Pvt. Ltd,Dipshikha Dhitopatra Karobar Co. Pvt Ltd.,100,631.0,63100.0,2025-08-07 12:27:33.178447
2025-08-07,66149,2025080704006821,MEN,Dynamic Money Managers Securities Pvt. Ltd.,Dipshikha Dhitopatra Karobar Co. Pvt Ltd.,50,631.0,31550.0,2025-08-07 12:27:33.178668
2025-08-07,66004,2025080704006838,MEN,R.B.B. Securities Company Ltd,Sani Securities Company Ltd.,13,630.6,8197.8,2025-08-07 12:28:01.147925
2025-08-07,65967,2025080704006852,MEN,R.B.B. Securities Company Ltd,Linch Stock Market Ltd.,19,630.6,11981.4,2025-08-07 12:28:05.029461
2025-08-07,65950,2025080704006853,MEN,R.B.B. Securities Company Ltd,Dipshikha Dhitopatra Karobar Co. Pvt Ltd.,168,630.6,105940.8,2025-08-07 12:28:06.469150
2025-08-07,65874,2025080704006866,MEN,Cristal Kanchanjanga Securites Pvt. Ltd.,Dipshikha Dhitopatra Karobar Co. Pvt Ltd.,182,630.5,114751.0,2025-08-07 12:28:20.580480
2025-08-07,65818,2025080704006881,MEN,Cristal Kanchanjanga Securites Pvt. Ltd.,Asian Securities Private Ltd.,800,630.5,504400.0,2025-08-07 12:28:27.785599
2025-08-07,64985,2025080704007094,MEN,Cristal Kanchanjanga Securites Pvt. Ltd.,Sani Securities Company Ltd.,18,630.5,11349.0,2025-08-07 12:30:32.256608
2025-08-07,64770,2025080704007140,MEN,Dipshikha Dhitopatra Karobar Co. Pvt Ltd.,Sani Securities Company Ltd.,60,630.5,37830.0,2025-08-07 12:31:08.182649
2025-08-07,64296,2025080704007251,MEN,Thrive Brokerage House Pvt. Ltd,Ashutosh Brokerage & Securities (PVT) Ltd.,120,630.0,75600.0,2025-08-07 12:32:29.001413
2025-08-07,64295,2025080704007252,MEN,Cristal Kanchanjanga Securites Pvt. Ltd.,Ashutosh Brokerage & Securities (PVT) Ltd.,241,630.0,151830.0,2025-08-07 12:32:29.001635
2025-08-07,64230,2025080704007260,MEN,Cristal Kanchanjanga Securites Pvt. Ltd.,Bhrikuti Stock Broking Co. Pvt. Ltd.,200,630.0,126000.0,2025-08-07 12:32:35.755504
2025-08-07,64125,2025080704007287,MEN,Cristal Kanchanjanga Securites Pvt. Ltd.,Linch Stock Market Ltd.,59,630.0,37170.0,2025-08-07 12:32:51.716427
2025-08-07,64124,2025080704007288,MEN,Naasa Securities Co. Ltd.,Linch Stock Market Ltd.,91,630.0,57330.0,2025-08-07 12:32:51.716653
2025-08-07,63783,2025080704007365,MEN,Naasa Securities Co. Ltd.,Kohinoor Investment & Securities Pvt. Ltd.,13,630.0,8190.0,2025-08-07 12:33:47.527665
2025-08-07,63077,2025080704007544,MEN,Neev Securities Pvt. Ltd.,Cristal Kanchanjanga Securites Pvt. Ltd.,500,628.1,314050.0,2025-08-07 12:35:47.455018
2025-08-07,63076,2025080704007545,MEN,Neev Securities Pvt. Ltd.,Cristal Kanchanjanga Securites Pvt. Ltd.,500,628.1,314050.0,2025-08-07 12:35:47.455249
2025-08-07,62895,2025080704007590,MEN,Neev Securities Pvt. Ltd.,Nepal Stock House (PVT) Ltd.,20,628.1,12562.0,2025-08-07 12:36:18.754645
2025-08-07,62764,2025080704007627,MEN,Neev Securities Pvt. Ltd.,Sani Securities Company Ltd.,22,628.1,13818.2,2025-08-07 12:36:36.360963
2025-08-07,61667,2025080704007928,MEN,Secured Securities Ltd.,Imperial Securities Company Pvt. Ltd.,300,629.9,188970.0,2025-08-07 12:40:10.875431
2025-08-07,61530,2025080704007960,MEN,Nepal Investment And Securities Trading Private Limited,Neev Securities Pvt. Ltd.,100,630.0,63000.0,2025-08-07 12:40:40.535105
2025-08-07,61270,2025080704008039,MEN,Secured Securities Ltd.,Primo Securities (PVT) Ltd.,13,629.9,8188.7,2025-08-07 12:41:32.142841
2025-08-07,60958,2025080704008096,MEN,Secured Securities Ltd.,Naasa Securities Co. Ltd.,25,629.9,15747.5,2025-08-07 12:42:39.814755
2025-08-07,60826,2025080704008124,MEN,Online Securities Pvt. Ltd.,Neev Securities Pvt. Ltd.,400,630.0,252000.0,2025-08-07 12:43:18.456017
2025-08-07,60825,2025080704008125,MEN,Online Securities Pvt. Ltd.,Premier Securities Company Ltd.,100,630.0,63000.0,2025-08-07 12:43:18.456222
2025-08-07,60806,2025080704008129,MEN,Online Securities Pvt. Ltd.,Premier Securities Company Ltd.,500,630.0,315000.0,2025-08-07 12:43:26.526037
2025-08-07,60589,2025080704008182,MEN,Secured Securities Ltd.,Premier Securities Company Ltd.,400,630.0,252000.0,2025-08-07 12:44:13.010380
2025-08-07,60588,2025080704008183,MEN,Secured Securities Ltd.,Kohinoor Investment & Securities Pvt. Ltd.,200,630.0,126000.0,2025-08-07 12:44:13.010755
2025-08-07,60438,2025080704008215,MEN,Dynamic Money Managers Securities Pvt. Ltd.,Naasa Securities Co. Ltd.,200,630.0,126000.0,2025-08-07 12:44:42.849216
2025-08-07,58625,2025080704008644,MEN,Naasa Securities Co. Ltd.,Naasa Securities Co. Ltd.,13,629.8,8187.4,2025-08-07 12:51:05.110740
2025-08-07,57366,2025080704008950,MEN,Dakshinkali Investment & Securities Pvt. Ltd.,Trishakti Securities Public Limited,10,629.8,6298.0,2025-08-07 12:55:45.461269
2025-08-07,56280,2025080704009213,MEN,Kohinoor Investment & Securities Pvt. Ltd.,ABC Securities Private Limited,13,629.0,8177.0,2025-08-07 13:00:17.758244
2025-08-07,54587,2025080704009723,MEN,Dynamic Money Managers Securities Pvt. Ltd.,ABC Securities Private Limited,50,630.0,31500.0,2025-08-07 13:06:12.655275
2025-08-07,54511,2025080704009743,MEN,Dynamic Money Managers Securities Pvt. Ltd.,Primo Securities (PVT) Ltd.,50,630.0,31500.0,2025-08-07 13:06:33.200329
2025-08-07,54466,2025080704009760,MEN,Sani Securities Company Ltd.,Primo Securities (PVT) Ltd.,300,630.0,189000.0,2025-08-07 13:06:47.976736
2025-08-07,54209,2025080704009824,MEN,Naasa Securities Co. Ltd.,Primo Securities (PVT) Ltd.,15,630.0,9450.0,2025-08-07 13:07:46.004116
2025-08-07,53634,2025080704009989,MEN,Miyo Securities Pvt Ltd,Oxford Securities Pvt. Ltd.,500,629.1,314550.0,2025-08-07 13:09:43.528870
2025-08-07,52932,2025080704010284,MEN,Miyo Securities Pvt Ltd,Sani Securities Company Ltd.,30,629.1,18873.0,2025-08-07 13:11:38.429124
2025-08-07,50656,2025080704011081,MEN,Miyo Securities Pvt Ltd,ABC Securities Private Limited,100,629.1,62910.0,2025-08-07 13:18:57.869048
2025-08-07,50561,2025080704011107,MEN,Miyo Securities Pvt Ltd,Sani Securities Company Ltd.,59,629.1,37116.9,2025-08-07 13:19:20.456170
2025-08-07,49950,2025080704011330,MEN,Shree Krishna Securities Ltd.,Primo Securities (PVT) Ltd.,135,630.0,85050.0,2025-08-07 13:21:06.045813
2025-08-07,49949,2025080704011331,MEN,Shree Krishna Securities Ltd.,Aryatara Investment & Securities,115,630.0,72450.0,2025-08-07 13:21:06.046067
2025-08-07,49382,2025080704011511,MEN,Kumari Securities Private Limited,ABC Securities Private Limited,1,622.0,622.0,2025-08-07 13:22:46.231473
2025-08-07,49246,2025080704011540,MEN,Nepal Investment And Securities Trading Private Limited,Aryatara Investment & Securities,135,630.0,85050.0,2025-08-07 13:23:13.370248
2025-08-07,49055,2025080704011594,MEN,INDEX SECURITIES LIMITED,N.M.B. SECURITIES LIMITED,100,630.1,63010.0,2025-08-07 13:23:50.549635
2025-08-07,49033,2025080704011599,MEN,Kumari Securities Private Limited,Sundhara Securities Limited,3,626.1,1878.3,2025-08-07 13:23:55.251079
2025-08-07,48865,2025080704011654,MEN,Nepal Investment And Securities Trading Private Limited,K.B.L. Securities Limited ,13,630.0,8190.0,2025-08-07 13:24:26.677591
2025-08-07,48499,2025080704011743,MEN,Nepal Investment And Securities Trading Private Limited,Cristal Kanchanjanga Securites Pvt. Ltd.,52,630.0,32760.0,2025-08-07 13:25:28.491815
2025-08-07,48498,2025080704011744,MEN,South Asian Bulls Pvt. Ltd.,Cristal Kanchanjanga Securites Pvt. Ltd.,90,630.0,56700.0,2025-08-07 13:25:28.492086
2025-08-07,48301,2025080704011790,MEN,Trisul Securities & Invt. Ltd.,N.M.B. SECURITIES LIMITED,200,630.1,126020.0,2025-08-07 13:26:13.083502
2025-08-07,47849,2025080704011940,MEN,Kumari Securities Private Limited,Dipshikha Dhitopatra Karobar Co. Pvt Ltd.,1,627.0,627.0,2025-08-07 13:27:33.608518
2025-08-07,47360,2025080704012130,MEN,Miyo Securities Pvt Ltd,Cristal Kanchanjanga Securites Pvt. Ltd.,100,629.1,62910.0,2025-08-07 13:28:52.379973
2025-08-07,47294,2025080704012143,MEN,Cristal Kanchanjanga Securites Pvt. Ltd.,N.M.B. SECURITIES LIMITED,250,630.1,157525.0,2025-08-07 13:29:09.527762
2025-08-07,47293,2025080704012144,MEN,Cristal Kanchanjanga Securites Pvt. Ltd.,Dynamic Money Managers Securities Pvt. Ltd.,345,630.5,217522.5,2025-08-07 13:29:09.527990
2025-08-07,47292,2025080704012145,MEN,Cristal Kanchanjanga Securites Pvt. Ltd.,Nepal Stock House (PVT) Ltd.,105,630.5,66202.5,2025-08-07 13:29:09.528076
2025-08-07,47116,2025080704012199,MEN,Dipshikha Dhitopatra Karobar Co. Pvt Ltd.,Cristal Kanchanjanga Securites Pvt. Ltd.,50,629.2,31460.0,2025-08-07 13:29:46.676032
2025-08-07,46929,2025080704012260,MEN,Naasa Securities Co. Ltd.,Nepal Stock House (PVT) Ltd.,21,630.5,13240.5,2025-08-07 13:30:24.305485
2025-08-07,46591,2025080704012381,MEN,Vision Securities Pvt. Ltd,Nepal Stock House (PVT) Ltd.,20,630.5,12610.0,2025-08-07 13:31:19.867363
2025-08-07,46376,2025080704012438,MEN,Dipshikha Dhitopatra Karobar Co. Pvt Ltd.,South Asian Bulls Pvt. Ltd.,30,629.2,18876.0,2025-08-07 13:32:02.084760
2025-08-07,45398,2025080704012660,MEN,Aryatara Investment & Securities,Nepal Stock House (PVT) Ltd.,600,630.5,378300.0,2025-08-07 13:35:05.930853
2025-08-07,45203,2025080704012692,MEN,Cristal Kanchanjanga Securites Pvt. Ltd.,Naasa Securities Co. Ltd.,100,631.0,63100.0,2025-08-07 13:35:46.288213
2025-08-07,45202,2025080704012693,MEN,Cristal Kanchanjanga Securites Pvt. Ltd.,Sewa Securities Pvt. Ltd.,63,631.0,39753.0,2025-08-07 13:35:46.288493
2025-08-07,45201,2025080704012694,MEN,Cristal Kanchanjanga Securites Pvt. Ltd.,Sajilo Broker Limited,44,631.0,27764.0,2025-08-07 13:35:46.288582
2025-08-07,45109,2025080704012721,MEN,Cristal Kanchanjanga Securites Pvt. Ltd.,Sumeru Securities Pvt. Ltd.,40,631.0,25240.0,2025-08-07 13:36:02.837549
2025-08-07,44933,2025080704012762,MEN,Cristal Kanchanjanga Securites Pvt. Ltd.,Aryatara Investment & Securities,200,631.0,126200.0,2025-08-07 13:36:32.950959
2025-08-07,44595,2025080704012841,MEN,Sweta Securities Private Limited,Online Securities Pvt. Ltd.,50,630.5,31525.0,2025-08-07 13:37:35.687066
2025-08-07,44139,2025080704012947,MEN,Trisul Securities & Invt. Ltd.,Sumeru Securities Pvt. Ltd.,200,631.5,126300.0,2025-08-07 13:39:08.233040
2025-08-07,43745,2025080704013077,MEN,South Asian Bulls Pvt. Ltd.,Sumeru Securities Pvt. Ltd.,22,631.5,13893.0,2025-08-07 13:40:29.291934
2025-08-07,43521,2025080704013143,MEN,Secured Securities Ltd.,Imperial Securities Company Pvt. Ltd.,362,632.0,228784.0,2025-08-07 13:41:18.644522
2025-08-07,43371,2025080704013175,MEN,Vision Securities Pvt. Ltd,Imperial Securities Company Pvt. Ltd.,138,632.0,87216.0,2025-08-07 13:41:56.092899
2025-08-07,43370,2025080704013176,MEN,Vision Securities Pvt. Ltd,Infinity Securities Limited,100,632.0,63200.0,2025-08-07 13:41:56.093139
2025-08-07,43369,2025080704013177,MEN,Vision Securities Pvt. Ltd,Primo Securities (PVT) Ltd.,200,632.0,126400.0,2025-08-07 13:41:56.093232
2025-08-07,43368,2025080704013178,MEN,Vision Securities Pvt. Ltd,Bhrikuti Stock Broking Co. Pvt. Ltd.,13,633.0,8229.0,2025-08-07 13:41:56.093328
2025-08-07,43367,2025080704013179,MEN,Vision Securities Pvt. Ltd,Vision Securities Pvt. Ltd,13,633.0,8229.0,2025-08-07 13:41:56.093416
2025-08-07,43366,2025080704013180,MEN,Vision Securities Pvt. Ltd,Dakshinkali Investment & Securities Pvt. Ltd.,500,633.0,316500.0,2025-08-07 13:41:56.093498
2025-08-07,43365,2025080704013181,MEN,Vision Securities Pvt. Ltd,Aryatara Investment & Securities,36,633.0,22788.0,2025-08-07 13:41:56.093591
2025-08-07,42102,2025080704013522,MEN,Secured Securities Ltd.,Dakshinkali Investment & Securities Pvt. Ltd.,200,632.9,126580.0,2025-08-07 13:45:18.345069
2025-08-07,41078,2025080704013734,MEN,Cristal Kanchanjanga Securites Pvt. Ltd.,Dakshinkali Investment & Securities Pvt. Ltd.,15,632.9,9493.5,2025-08-07 13:48:39.960644
2025-08-07,40476,2025080704013870,MEN,Sumeru Securities Pvt. Ltd.,Vision Securities Pvt. Ltd,100,631.1,63110.0,2025-08-07 13:50:42.902159
2025-08-07,40475,2025080704013871,MEN,Naasa Securities Co. Ltd.,Vision Securities Pvt. Ltd,26,631.0,16406.0,2025-08-07 13:50:42.902644
2025-08-07,40474,2025080704013872,MEN,Deevyaa Securities & Stock House Pvt. Ltd,Vision Securities Pvt. Ltd,74,631.0,46694.0,2025-08-07 13:50:42.902970
2025-08-07,40372,2025080704013900,MEN,Deevyaa Securities & Stock House Pvt. Ltd,Sweta Securities Private Limited,13,631.0,8203.0,2025-08-07 13:51:02.561968
2025-08-07,40212,2025080704013908,MEN,Deevyaa Securities & Stock House Pvt. Ltd,Miyo Securities Pvt Ltd,13,631.0,8203.0,2025-08-07 13:51:09.002229
2025-08-07,40030,2025080704013969,MEN,Deevyaa Securities & Stock House Pvt. Ltd,Agrawal Securities (PVT) Ltd.,60,631.0,37860.0,2025-08-07 13:51:38.289998
2025-08-07,39891,2025080704014007,MEN,Deevyaa Securities & Stock House Pvt. Ltd,Asian Securities Private Ltd.,21,631.0,13251.0,2025-08-07 13:51:57.358496
2025-08-07,39527,2025080704014094,MEN,Sani Securities Company Ltd.,Dakshinkali Investment & Securities Pvt. Ltd.,100,631.9,63190.0,2025-08-07 13:52:55.158689
2025-08-07,39486,2025080704014111,MEN,Malla & Malla Stock Broking Company Pvt. Limited,Dakshinkali Investment & Securities Pvt. Ltd.,85,631.9,53711.5,2025-08-07 13:53:03.388480
2025-08-07,39108,2025080704014246,MEN,Malla & Malla Stock Broking Company Pvt. Limited,Himalayan Brokerage Company Limited,10,632.0,6320.0,2025-08-07 13:53:59.467728
2025-08-07,39106,2025080704014248,MEN,Kohinoor Investment & Securities Pvt. Ltd.,Dynamic Money Managers Securities Pvt. Ltd.,30,632.4,18972.0,2025-08-07 13:53:59.834610
2025-08-07,39082,2025080704014250,MEN,Malla & Malla Stock Broking Company Pvt. Limited,Opal Securities Investment (PVT) Ltd.,105,632.0,66360.0,2025-08-07 13:54:02.061249
2025-08-07,38699,2025080704014422,MEN,Kohinoor Investment & Securities Pvt. Ltd.,Dakshinkali Investment & Securities Pvt. Ltd.,100,631.9,63190.0,2025-08-07 13:55:03.967474
2025-08-07,38266,2025080704014625,MEN,Deevyaa Securities & Stock House Pvt. Ltd,Trishakti Securities Public Limited,17,631.0,10727.0,2025-08-07 13:55:57.272337
2025-08-07,38083,2025080704014671,MEN,Deevyaa Securities & Stock House Pvt. Ltd,Dipshikha Dhitopatra Karobar Co. Pvt Ltd.,165,631.0,104115.0,2025-08-07 13:56:16.967712
2025-08-07,37519,2025080704014875,MEN,Vision Securities Pvt. Ltd,Dynamic Money Managers Securities Pvt. Ltd.,70,632.4,44268.0,2025-08-07 13:57:40.693610
2025-08-07,37103,2025080704014987,MEN,Dynamic Money Managers Securities Pvt. Ltd.,ABC Securities Private Limited,100,632.5,63250.0,2025-08-07 13:58:36.777548
2025-08-07,36877,2025080704015053,MEN,Dynamic Money Managers Securities Pvt. Ltd.,Aryatara Investment & Securities,64,633.0,40512.0,2025-08-07 13:59:09.502812
2025-08-07,36876,2025080704015054,MEN,Dynamic Money Managers Securities Pvt. Ltd.,Primo Securities (PVT) Ltd.,36,633.0,22788.0,2025-08-07 13:59:09.503339
2025-08-07,36875,2025080704015055,MEN,MILKY WAY SHARE BROKER COMPANY LTD ,Primo Securities (PVT) Ltd.,169,633.0,106977.0,2025-08-07 13:59:09.548376
2025-08-07,36502,2025080704015169,MEN,MILKY WAY SHARE BROKER COMPANY LTD ,Opal Securities Investment (PVT) Ltd.,500,633.0,316500.0,2025-08-07 14:00:08.142461
2025-08-07,35830,2025080704015339,MEN,MILKY WAY SHARE BROKER COMPANY LTD ,Sani Securities Company Ltd.,40,633.0,25320.0,2025-08-07 14:01:49.209476
2025-08-07,35791,2025080704015345,MEN,Dynamic Money Managers Securities Pvt. Ltd.,Himalayan Brokerage Company Limited,10,633.3,6333.0,2025-08-07 14:02:00.436815
2025-08-07,35501,2025080704015439,MEN,Dynamic Money Managers Securities Pvt. Ltd.,Dipshikha Dhitopatra Karobar Co. Pvt Ltd.,10,633.3,6333.0,2025-08-07 14:02:41.372490
2025-08-07,35116,2025080704015540,MEN,Secured Securities Ltd.,Dakshinkali Investment & Securities Pvt. Ltd.,100,633.3,63330.0,2025-08-07 14:03:37.570742
2025-08-07,35115,2025080704015541,MEN,Secured Securities Ltd.,Himalayan Brokerage Company Limited,10,633.4,6334.0,2025-08-07 14:03:37.571003
2025-08-07,35114,2025080704015542,MEN,Secured Securities Ltd.,Dynamic Money Managers Securities Pvt. Ltd.,100,633.4,63340.0,2025-08-07 14:03:37.571112
2025-08-07,35113,2025080704015543,MEN,Secured Securities Ltd.,Kumari Securities Private Limited,39,633.5,24706.5,2025-08-07 14:03:37.571213
2025-08-07,35112,2025080704015544,MEN,Secured Securities Ltd.,ABC Securities Private Limited,130,633.5,82355.0,2025-08-07 14:03:37.571305
2025-08-07,35111,2025080704015545,MEN,Secured Securities Ltd.,Aryatara Investment & Securities,171,633.5,108328.5,2025-08-07 14:03:37.571408
2025-08-07,35110,2025080704015546,MEN,Secured Securities Ltd.,Miyo Securities Pvt Ltd,50,634.0,31700.0,2025-08-07 14:03:37.571504
2025-08-07,35109,2025080704015547,MEN,Secured Securities Ltd.,Imperial Securities Company Pvt. Ltd.,100,634.0,63400.0,2025-08-07 14:03:37.571595
2025-08-07,35108,2025080704015548,MEN,Secured Securities Ltd.,Opal Securities Investment (PVT) Ltd.,80,634.0,50720.0,2025-08-07 14:03:37.571701
2025-08-07,34991,2025080704015574,MEN,Secured Securities Ltd.,Opal Securities Investment (PVT) Ltd.,460,634.0,291640.0,2025-08-07 14:03:52.554145
2025-08-07,34990,2025080704015575,MEN,Secured Securities Ltd.,Neev Securities Pvt. Ltd.,320,634.0,202880.0,2025-08-07 14:03:52.554408
2025-08-07,34514,2025080704015687,MEN,INDEX SECURITIES LIMITED,Neev Securities Pvt. Ltd.,100,634.0,63400.0,2025-08-07 14:04:46.832465
2025-08-07,34432,2025080704015720,MEN,MILKY WAY SHARE BROKER COMPANY LTD ,Asian Securities Private Ltd.,1000,633.0,633000.0,2025-08-07 14:04:58.599569
2025-08-07,34031,2025080704015813,MEN,Secured Securities Ltd.,Neev Securities Pvt. Ltd.,80,634.0,50720.0,2025-08-07 14:05:52.820250
2025-08-07,34030,2025080704015814,MEN,Secured Securities Ltd.,Aryatara Investment & Securities,28,634.8,17774.4,2025-08-07 14:05:52.820488
2025-08-07,34029,2025080704015815,MEN,Secured Securities Ltd.,Arun Securities (PVT) Ltd.,60,635.0,38100.0,2025-08-07 14:05:52.820605
2025-08-07,34028,2025080704015816,MEN,Secured Securities Ltd.,Dipshikha Dhitopatra Karobar Co. Pvt Ltd.,272,635.0,172720.0,2025-08-07 14:05:52.820697
2025-08-07,33520,2025080704015958,MEN,Aryatara Investment & Securities,Kumari Securities Private Limited,100,634.9,63490.0,2025-08-07 14:07:03.955056
2025-08-07,31991,2025080704016322,MEN,MILKY WAY SHARE BROKER COMPANY LTD ,Dynamic Money Managers Securities Pvt. Ltd.,400,633.0,253200.0,2025-08-07 14:10:15.698813
2025-08-07,31823,2025080704016364,MEN,ABC Securities Private Limited,Dynamic Money Managers Securities Pvt. Ltd.,300,634.8,190440.0,2025-08-07 14:10:41.787466
2025-08-07,31822,2025080704016365,MEN,ABC Securities Private Limited,Kumari Securities Private Limited,400,634.9,253960.0,2025-08-07 14:10:41.787532
2025-08-07,31821,2025080704016366,MEN,ABC Securities Private Limited,Dipshikha Dhitopatra Karobar Co. Pvt Ltd.,228,635.0,144780.0,2025-08-07 14:10:41.787560
2025-08-07,31820,2025080704016367,MEN,ABC Securities Private Limited,Sweta Securities Private Limited,1000,635.0,635000.0,2025-08-07 14:10:41.787587
2025-08-07,31819,2025080704016368,MEN,ABC Securities Private Limited,Midas Stock Broking Company Private Limited,150,635.0,95250.0,2025-08-07 14:10:41.787617
2025-08-07,31818,2025080704016369,MEN,ABC Securities Private Limited,Market Securities & Exchange (PVT) Ltd.,422,635.0,267970.0,2025-08-07 14:10:41.787646
2025-08-07,31613,2025080704016411,MEN,Imperial Securities Company Pvt. Ltd.,Market Securities & Exchange (PVT) Ltd.,78,635.0,49530.0,2025-08-07 14:11:15.856390
2025-08-07,31612,2025080704016412,MEN,Imperial Securities Company Pvt. Ltd.,Kohinoor Investment & Securities Pvt. Ltd.,150,635.0,95250.0,2025-08-07 14:11:15.856607
2025-08-07,31611,2025080704016413,MEN,Imperial Securities Company Pvt. Ltd.,Sani Securities Company Ltd.,34,635.0,21590.0,2025-08-07 14:11:15.856699
2025-08-07,31610,2025080704016414,MEN,Imperial Securities Company Pvt. Ltd.,Sani Securities Company Ltd.,50,635.0,31750.0,2025-08-07 14:11:15.856786
2025-08-07,31609,2025080704016415,MEN,Imperial Securities Company Pvt. Ltd.,Naasa Securities Co. Ltd.,13,635.0,8255.0,2025-08-07 14:11:15.856874
2025-08-07,31191,2025080704016547,MEN,Imperial Securities Company Pvt. Ltd.,Himalayan Brokerage Company Limited,160,635.0,101600.0,2025-08-07 14:12:16.870281
2025-08-07,31071,2025080704016591,MEN,Opal Securities Investment (PVT) Ltd.,Sani Securities Company Ltd.,15,636.0,9540.0,2025-08-07 14:12:35.784459
2025-08-07,30817,2025080704016641,MEN,Sundhara Securities Limited,Sani Securities Company Ltd.,185,636.0,117660.0,2025-08-07 14:13:18.813552
2025-08-07,30816,2025080704016642,MEN,Sundhara Securities Limited,Premier Securities Company Ltd.,500,636.0,318000.0,2025-08-07 14:13:18.813827
2025-08-07,30596,2025080704016685,MEN,Dynamic Money Managers Securities Pvt. Ltd.,Sri Hari Securities Pvt. Ltd.,300,636.4,190920.0,2025-08-07 14:13:54.633510
2025-08-07,29905,2025080704016885,MEN,Sani Securities Company Ltd.,Sri Hari Securities Pvt. Ltd.,158,636.4,100551.2,2025-08-07 14:16:01.454835
2025-08-07,29877,2025080704016887,MEN,Sani Securities Company Ltd.,Sri Hari Securities Pvt. Ltd.,20,636.4,12728.0,2025-08-07 14:16:05.519402
2025-08-07,29306,2025080704017118,MEN,Sani Securities Company Ltd.,Sri Hari Securities Pvt. Ltd.,400,636.4,254560.0,2025-08-07 14:17:19.223242
2025-08-07,29110,2025080704017167,MEN,Naasa Securities Co. Ltd.,Midas Stock Broking Company Private Limited,1,635.0,635.0,2025-08-07 14:17:46.568160
2025-08-07,29018,2025080704017191,MEN,Imperial Securities Company Pvt. Ltd.,Trishakti Securities Public Limited,20,635.0,12700.0,2025-08-07 14:18:06.725576
2025-08-07,28444,2025080704017388,MEN,Aryatara Investment & Securities,Linch Stock Market Ltd.,1,625.0,625.0,2025-08-07 14:19:31.049688
2025-08-07,28338,2025080704017415,MEN,Imperial Securities Company Pvt. Ltd.,J.F. Securites (PVT) Ltd.,130,635.0,82550.0,2025-08-07 14:19:54.451838
2025-08-07,28259,2025080704017441,MEN,Imperial Securities Company Pvt. Ltd.,Nepal Stock House (PVT) Ltd.,20,635.0,12700.0,2025-08-07 14:20:07.918119
2025-08-07,28096,2025080704017490,MEN,INDEX SECURITIES LIMITED,Sharepro Securities Private Limited,22,636.3,13998.6,2025-08-07 14:20:33.403610
2025-08-07,28061,2025080704017497,MEN,Ashutosh Brokerage & Securities (PVT) Ltd.,Sharepro Securities Private Limited,28,636.3,17816.4,2025-08-07 14:20:38.571462
2025-08-07,28060,2025080704017498,MEN,Ashutosh Brokerage & Securities (PVT) Ltd.,Sri Hari Securities Pvt. Ltd.,272,636.4,173100.8,2025-08-07 14:20:38.571759
2025-08-07,28059,2025080704017499,MEN,Ashutosh Brokerage & Securities (PVT) Ltd.,Nepal Stock House (PVT) Ltd.,566,636.4,360202.4,2025-08-07 14:20:38.571884
2025-08-07,27844,2025080704017562,MEN,Ashutosh Brokerage & Securities (PVT) Ltd.,Linch Stock Market Ltd.,17,637.0,10829.0,2025-08-07 14:21:18.890801
2025-08-07,27843,2025080704017563,MEN,Ashutosh Brokerage & Securities (PVT) Ltd.,Bhrikuti Stock Broking Co. Pvt. Ltd.,13,637.0,8281.0,2025-08-07 14:21:18.891254
2025-08-07,27842,2025080704017564,MEN,Ashutosh Brokerage & Securities (PVT) Ltd.,Indira securities pvt. ltd,115,637.0,73255.0,2025-08-07 14:21:18.891555
2025-08-07,27841,2025080704017565,MEN,Ashutosh Brokerage & Securities (PVT) Ltd.,Dynamic Money Managers Securities Pvt. Ltd.,300,638.9,191670.0,2025-08-07 14:21:18.891866
2025-08-07,27516,2025080704017641,MEN,Aryatara Investment & Securities,Neev Securities Pvt. Ltd.,3,629.0,1887.0,2025-08-07 14:22:18.711884
2025-08-07,27393,2025080704017685,MEN,Ashutosh Brokerage & Securities (PVT) Ltd.,Sri Hari Securities Pvt. Ltd.,22,636.4,14000.8,2025-08-07 14:22:33.933788
2025-08-07,27392,2025080704017686,MEN,Ashutosh Brokerage & Securities (PVT) Ltd.,Sri Hari Securities Pvt. Ltd.,478,635.1,303577.8,2025-08-07 14:22:33.934082
2025-08-07,27366,2025080704017697,MEN,Aryatara Investment & Securities,Sani Securities Company Ltd.,1,629.0,629.0,2025-08-07 14:22:38.980704
2025-08-07,26914,2025080704017822,MEN,Opal Securities Investment (PVT) Ltd.,Premier Securities Company Ltd.,50,638.0,31900.0,2025-08-07 14:23:41.042573
2025-08-07,26913,2025080704017823,MEN,Opal Securities Investment (PVT) Ltd.,Sharepro Securities Private Limited,25,638.9,15972.5,2025-08-07 14:23:41.042846
2025-08-07,26912,2025080704017824,MEN,Opal Securities Investment (PVT) Ltd.,Kumari Securities Private Limited,25,639.0,15975.0,2025-08-07 14:23:41.042951
2025-08-07,26900,2025080704017830,MEN,Ashutosh Brokerage & Securities (PVT) Ltd.,South Asian Bulls Pvt. Ltd.,200,635.1,127020.0,2025-08-07 14:23:43.050072
2025-08-07,26820,2025080704017847,MEN,Capital Max Securities Ltd,Trishakti Securities Public Limited,3,629.8,1889.4,2025-08-07 14:23:53.737966
2025-08-07,26670,2025080704017902,MEN,Capital Max Securities Ltd,Nepal Stock House (PVT) Ltd.,3,630.0,1890.0,2025-08-07 14:24:07.797257
2025-08-07,26209,2025080704018024,MEN,Capital Max Securities Ltd,Nepal Stock House (PVT) Ltd.,4,630.5,2522.0,2025-08-07 14:24:59.024987
2025-08-07,25950,2025080704018083,MEN,Vision Securities Pvt. Ltd,Sewa Securities Pvt. Ltd.,13,636.0,8268.0,2025-08-07 14:25:25.724241
2025-08-07,25126,2025080704018329,MEN,Vision Securities Pvt. Ltd,Aryatara Investment & Securities,59,636.0,37524.0,2025-08-07 14:27:05.464536
2025-08-07,25047,2025080704018344,MEN,Opal Securities Investment (PVT) Ltd.,Online Securities Pvt. Ltd.,10,638.0,6380.0,2025-08-07 14:27:16.625364
2025-08-07,23938,2025080704018676,MEN,Ashutosh Brokerage & Securities (PVT) Ltd.,Kohinoor Investment & Securities Pvt. Ltd.,22,635.1,13972.2,2025-08-07 14:29:21.931123
2025-08-07,23937,2025080704018677,MEN,Kohinoor Investment & Securities Pvt. Ltd.,Kohinoor Investment & Securities Pvt. Ltd.,80,635.1,50808.0,2025-08-07 14:29:21.931589
2025-08-07,23936,2025080704018678,MEN,Imperial Securities Company Pvt. Ltd.,Kohinoor Investment & Securities Pvt. Ltd.,345,635.0,219075.0,2025-08-07 14:29:21.931869
2025-08-07,23935,2025080704018679,MEN,Kalika Securities Pvt. Ltd.,Kohinoor Investment & Securities Pvt. Ltd.,50,635.0,31750.0,2025-08-07 14:29:21.932137
2025-08-07,23934,2025080704018680,MEN,Malla & Malla Stock Broking Company Pvt. Limited,Kohinoor Investment & Securities Pvt. Ltd.,20,635.0,12700.0,2025-08-07 14:29:21.932420
2025-08-07,23933,2025080704018681,MEN,Naasa Securities Co. Ltd.,Kohinoor Investment & Securities Pvt. Ltd.,50,635.0,31750.0,2025-08-07 14:29:21.932700
2025-08-07,23932,2025080704018682,MEN,Bhrikuti Stock Broking Co. Pvt. Ltd.,Kohinoor Investment & Securities Pvt. Ltd.,700,635.0,444500.0,2025-08-07 14:29:21.932961
2025-08-07,23931,2025080704018683,MEN,Citizens Share Broker Limited,Kohinoor Investment & Securities Pvt. Ltd.,613,635.0,389255.0,2025-08-07 14:29:21.933228
2025-08-07,23668,2025080704018757,MEN,Citizens Share Broker Limited,Trishakti Securities Public Limited,200,635.0,127000.0,2025-08-07 14:29:51.752205
2025-08-07,22909,2025080704018995,MEN,Vision Securities Pvt. Ltd,Trishakti Securities Public Limited,28,636.0,17808.0,2025-08-07 14:31:20.760042
2025-08-07,22795,2025080704019027,MEN,Citizens Share Broker Limited,Vision Securities Pvt. Ltd,187,635.0,118745.0,2025-08-07 14:31:39.761021
2025-08-07,22794,2025080704019028,MEN,Dakshinkali Investment & Securities Pvt. Ltd.,Vision Securities Pvt. Ltd,10,635.0,6350.0,2025-08-07 14:31:39.761244
2025-08-07,22625,2025080704019085,MEN,Market Securities & Exchange (PVT) Ltd.,Trishakti Securities Public Limited,50,635.0,31750.0,2025-08-07 14:32:00.063250
2025-08-07,22522,2025080704019099,MEN,Sewa Securities Pvt. Ltd.,Trishakti Securities Public Limited,40,635.0,25400.0,2025-08-07 14:32:11.296038
2025-08-07,21718,2025080704019364,MEN,Premier Securities Company Ltd.,Trishakti Securities Public Limited,190,635.0,120650.0,2025-08-07 14:34:10.083287
2025-08-07,21457,2025080704019553,MEN,Premier Securities Company Ltd.,Online Securities Pvt. Ltd.,90,635.0,57150.0,2025-08-07 14:34:22.231279
2025-08-07,21454,2025080704019555,MEN,Premier Securities Company Ltd.,Sewa Securities Pvt. Ltd.,13,635.0,8255.0,2025-08-07 14:34:22.363779
2025-08-07,19334,2025080704020104,MEN,Cristal Kanchanjanga Securites Pvt. Ltd.,Dynamic Money Managers Securities Pvt. Ltd.,13,634.0,8242.0,2025-08-07 14:38:47.410020
2025-08-07,19300,2025080704020112,MEN,Cristal Kanchanjanga Securites Pvt. Ltd.,Sri Hari Securities Pvt. Ltd.,12,634.0,7608.0,2025-08-07 14:38:52.537478
2025-08-07,19299,2025080704020113,MEN,Imperial Securities Company Pvt. Ltd.,Sri Hari Securities Pvt. Ltd.,200,634.0,126800.0,2025-08-07 14:38:52.537877
2025-08-07,19298,2025080704020114,MEN,Shree Krishna Securities Ltd.,Sri Hari Securities Pvt. Ltd.,258,634.0,163572.0,2025-08-07 14:38:52.537975
2025-08-07,19178,2025080704020145,MEN,Shree Krishna Securities Ltd.,Vision Securities Pvt. Ltd,92,634.0,58328.0,2025-08-07 14:39:05.011820
2025-08-07,18960,2025080704020192,MEN,MILKY WAY SHARE BROKER COMPANY LTD ,Aryatara Investment & Securities,500,633.0,316500.0,2025-08-07 14:39:27.480216
2025-08-07,18852,2025080704020202,MEN,MILKY WAY SHARE BROKER COMPANY LTD ,Vision Securities Pvt. Ltd,411,633.0,260163.0,2025-08-07 14:39:39.557403
2025-08-07,18171,2025080704020342,MEN,Shree Krishna Securities Ltd.,Naasa Securities Co. Ltd.,20,634.0,12680.0,2025-08-07 14:40:50.775800
2025-08-07,17843,2025080704020439,MEN,Dynamic Money Managers Securities Pvt. Ltd.,Naasa Securities Co. Ltd.,10,634.0,6340.0,2025-08-07 14:41:25.273843
2025-08-07,17842,2025080704020440,MEN,Dynamic Money Managers Securities Pvt. Ltd.,Vision Securities Pvt. Ltd,390,635.0,247650.0,2025-08-07 14:41:25.274083
2025-08-07,17749,2025080704020462,MEN,Oxford Securities Pvt. Ltd.,Vision Securities Pvt. Ltd,50,635.0,31750.0,2025-08-07 14:41:35.532906
2025-08-07,16775,2025080704020645,MEN,Secured Securities Ltd.,Sani Securities Company Ltd.,10,634.9,6349.0,2025-08-07 14:43:26.107645
2025-08-07,16774,2025080704020646,MEN,Secured Securities Ltd.,Sani Securities Company Ltd.,10,634.9,6349.0,2025-08-07 14:43:26.108162
2025-08-07,16773,2025080704020647,MEN,Secured Securities Ltd.,Vision Securities Pvt. Ltd,380,635.0,241300.0,2025-08-07 14:43:26.108493
2025-08-07,16472,2025080704020682,MEN,Dynamic Money Managers Securities Pvt. Ltd.,Primo Securities (PVT) Ltd.,770,634.9,488873.0,2025-08-07 14:43:37.693103
2025-08-07,15952,2025080704020791,MEN,Dynamic Money Managers Securities Pvt. Ltd.,Dipshikha Dhitopatra Karobar Co. Pvt Ltd.,100,634.8,63480.0,2025-08-07 14:44:33.414935
2025-08-07,15850,2025080704020813,MEN,Sumeru Securities Pvt. Ltd.,Dipshikha Dhitopatra Karobar Co. Pvt Ltd.,100,634.8,63480.0,2025-08-07 14:44:39.332978
2025-08-07,15849,2025080704020814,MEN,Sumeru Securities Pvt. Ltd.,Primo Securities (PVT) Ltd.,230,634.9,146027.0,2025-08-07 14:44:39.333243
2025-08-07,15848,2025080704020815,MEN,Sumeru Securities Pvt. Ltd.,Vision Securities Pvt. Ltd,70,635.0,44450.0,2025-08-07 14:44:39.333355
2025-08-07,15771,2025080704020833,MEN,ABC Securities Private Limited,Dipshikha Dhitopatra Karobar Co. Pvt Ltd.,1000,634.9,634900.0,2025-08-07 14:44:47.843883
2025-08-07,15770,2025080704020834,MEN,ABC Securities Private Limited,Vision Securities Pvt. Ltd,1110,635.0,704850.0,2025-08-07 14:44:47.844372
2025-08-07,15769,2025080704020835,MEN,ABC Securities Private Limited,Siprabi Securities Pvt. Ltd.,10,635.0,6350.0,2025-08-07 14:44:47.844704
2025-08-07,15768,2025080704020836,MEN,ABC Securities Private Limited,Shree Krishna Securities Ltd.,1000,635.0,635000.0,2025-08-07 14:44:47.844977
2025-08-07,15767,2025080704020837,MEN,ABC Securities Private Limited,Arun Securities (PVT) Ltd.,50,635.0,31750.0,2025-08-07 14:44:47.845269
2025-08-07,15766,2025080704020838,MEN,ABC Securities Private Limited,Asian Securities Private Ltd.,38,635.0,24130.0,2025-08-07 14:44:47.845582
2025-08-07,15765,2025080704020839,MEN,ABC Securities Private Limited,J.F. Securites (PVT) Ltd.,13,636.0,8268.0,2025-08-07 14:44:47.845855
2025-08-07,15462,2025080704020907,MEN,Naasa Securities Co. Ltd.,Vision Securities Pvt. Ltd,400,636.1,254440.0,2025-08-07 14:45:11.914466
2025-08-07,15074,2025080704020984,MEN,Creative Securities Pvt Ltd,Vision Securities Pvt. Ltd,500,636.1,318050.0,2025-08-07 14:45:40.933181
2025-08-07,14784,2025080704021059,MEN,Neev Securities Pvt. Ltd.,Vision Securities Pvt. Ltd,100,636.1,63610.0,2025-08-07 14:46:15.395277
2025-08-07,14706,2025080704021074,MEN,Deevyaa Securities & Stock House Pvt. Ltd,J.F. Securites (PVT) Ltd.,1000,637.0,637000.0,2025-08-07 14:46:22.859526
2025-08-07,14072,2025080704021231,MEN,Aryatara Investment & Securities,Kohinoor Investment & Securities Pvt. Ltd.,1,630.0,630.0,2025-08-07 14:47:27.720445
2025-08-07,13999,2025080704021250,MEN,Trisul Securities & Invt. Ltd.,Kohinoor Investment & Securities Pvt. Ltd.,100,637.8,63780.0,2025-08-07 14:47:36.745752
2025-08-07,13998,2025080704021251,MEN,Trisul Securities & Invt. Ltd.,Linch Stock Market Ltd.,200,637.8,127560.0,2025-08-07 14:47:36.746378
2025-08-07,13612,2025080704021360,MEN,Vision Securities Pvt. Ltd,Nepal Stock House (PVT) Ltd.,300,638.5,191550.0,2025-08-07 14:48:16.540141
2025-08-07,13611,2025080704021361,MEN,Vision Securities Pvt. Ltd,J.F. Securites (PVT) Ltd.,200,638.5,127700.0,2025-08-07 14:48:16.540377
2025-08-07,13608,2025080704021364,MEN,ABC Securities Private Limited,J.F. Securites (PVT) Ltd.,1800,638.5,1149300.0,2025-08-07 14:48:17.252144
2025-08-07,13460,2025080704021419,MEN,ABC Securities Private Limited,Primo Securities (PVT) Ltd.,200,638.9,127780.0,2025-08-07 14:48:29.383186
2025-08-07,13459,2025080704021420,MEN,ABC Securities Private Limited,Kumari Securities Private Limited,175,639.0,111825.0,2025-08-07 14:48:29.383639
2025-08-07,13458,2025080704021421,MEN,ABC Securities Private Limited,Premier Securities Company Ltd.,500,639.0,319500.0,2025-08-07 14:48:29.383927
2025-08-07,13457,2025080704021422,MEN,ABC Securities Private Limited,Imperial Securities Company Pvt. Ltd.,290,639.0,185310.0,2025-08-07 14:48:29.384185
2025-08-07,13456,2025080704021423,MEN,ABC Securities Private Limited,Vision Securities Pvt. Ltd,100,639.0,63900.0,2025-08-07 14:48:29.384486
2025-08-07,13234,2025080704021470,MEN,Nepal Stock House (PVT) Ltd.,Himalayan Brokerage Company Limited,10,639.8,6398.0,2025-08-07 14:48:49.218716
2025-08-07,13069,2025080704021515,MEN,Nepal Stock House (PVT) Ltd.,Vision Securities Pvt. Ltd,10,640.0,6400.0,2025-08-07 14:49:06.417202
2025-08-07,13057,2025080704021521,MEN,Naasa Securities Co. Ltd.,Vision Securities Pvt. Ltd,40,640.0,25600.0,2025-08-07 14:49:07.954437
2025-08-07,13056,2025080704021522,MEN,Naasa Securities Co. Ltd.,Imperial Securities Company Pvt. Ltd.,10,640.0,6400.0,2025-08-07 14:49:07.954690
2025-08-07,12720,2025080704021598,MEN,ABC Securities Private Limited,Aryatara Investment & Securities,13,639.0,8307.0,2025-08-07 14:49:26.929787
2025-08-07,12368,2025080704021679,MEN,Trisul Securities & Invt. Ltd.,Elite Stock House Limited,2000,638.5,1277000.0,2025-08-07 14:49:53.752983
2025-08-07,12128,2025080704021750,MEN,Sani Securities Company Ltd.,ABC Securities Private Limited,50,638.5,31925.0,2025-08-07 14:50:13.146276
2025-08-07,11535,2025080704021884,MEN,Sani Securities Company Ltd.,Bhrikuti Stock Broking Co. Pvt. Ltd.,13,638.5,8300.5,2025-08-07 14:51:05.612251
2025-08-07,11112,2025080704022012,MEN,Sani Securities Company Ltd.,Primo Securities (PVT) Ltd.,937,638.5,598274.5,2025-08-07 14:51:34.376861
2025-08-07,10885,2025080704022057,MEN,Sri Hari Securities Pvt. Ltd.,Primo Securities (PVT) Ltd.,63,638.5,40225.5,2025-08-07 14:51:51.812973
2025-08-07,10884,2025080704022058,MEN,Sri Hari Securities Pvt. Ltd.,Shree Krishna Securities Ltd.,450,639.9,287955.0,2025-08-07 14:51:51.813204
2025-08-07,10883,2025080704022059,MEN,Sri Hari Securities Pvt. Ltd.,Primo Securities (PVT) Ltd.,487,639.9,311631.3,2025-08-07 14:51:51.813298
2025-08-07,10498,2025080704022170,MEN,Kalika Securities Pvt. Ltd.,Naasa Securities Co. Ltd.,1,630.0,630.0,2025-08-07 14:52:15.881505
2025-08-07,10026,2025080704022269,MEN,Neev Securities Pvt. Ltd.,Naasa Securities Co. Ltd.,200,637.2,127440.0,2025-08-07 14:52:53.072255
2025-08-07,10025,2025080704022270,MEN,Deevyaa Securities & Stock House Pvt. Ltd,Naasa Securities Co. Ltd.,637,637.1,405832.7,2025-08-07 14:52:53.072748
2025-08-07,10024,2025080704022271,MEN,ABC Securities Private Limited,Naasa Securities Co. Ltd.,50,637.0,31850.0,2025-08-07 14:52:53.073029
2025-08-07,10023,2025080704022272,MEN,Kumari Securities Private Limited,Naasa Securities Co. Ltd.,1113,637.0,708981.0,2025-08-07 14:52:53.073294
2025-08-07,9383,2025080704022468,MEN,Nepal Stock House (PVT) Ltd.,Primo Securities (PVT) Ltd.,500,639.9,319950.0,2025-08-07 14:53:31.047761
2025-08-07,8990,2025080704022584,MEN,Sumeru Securities Pvt. Ltd.,Primo Securities (PVT) Ltd.,13,639.9,8318.7,2025-08-07 14:53:58.557585
2025-08-07,8989,2025080704022585,MEN,Sumeru Securities Pvt. Ltd.,Agrawal Securities (PVT) Ltd.,147,639.9,94065.3,2025-08-07 14:53:58.557639
2025-08-07,8665,2025080704022664,MEN,Nepal Stock House (PVT) Ltd.,Imperial Securities Company Pvt. Ltd.,40,639.0,25560.0,2025-08-07 14:54:15.783757
2025-08-07,8403,2025080704022739,MEN,ABC Securities Private Limited,Asian Securities Private Ltd.,20,639.8,12796.0,2025-08-07 14:54:32.841221
2025-08-07,8402,2025080704022740,MEN,ABC Securities Private Limited,Agrawal Securities (PVT) Ltd.,180,639.9,115182.0,2025-08-07 14:54:32.841518
2025-08-07,7976,2025080704022852,MEN,Nepal Stock House (PVT) Ltd.,Dynamic Money Managers Securities Pvt. Ltd.,100,639.0,63900.0,2025-08-07 14:54:56.058219
2025-08-07,7880,2025080704022873,MEN,Nepal Stock House (PVT) Ltd.,Vision Securities Pvt. Ltd,200,639.0,127800.0,2025-08-07 14:55:00.290353
2025-08-07,4541,2025080704023771,MEN,Sweta Securities Private Limited,Aryatara Investment & Securities,2,635.0,1270.0,2025-08-07 14:57:51.060918
2025-08-07,4519,2025080704023774,MEN,Dipshikha Dhitopatra Karobar Co. Pvt Ltd.,Dakshinkali Investment & Securities Pvt. Ltd.,50,639.2,31960.0,2025-08-07 14:57:51.744634
2025-08-07,4518,2025080704023775,MEN,Neev Securities Pvt. Ltd.,Dakshinkali Investment & Securities Pvt. Ltd.,100,639.1,63910.0,2025-08-07 14:57:51.744902
2025-08-07,4517,2025080704023776,MEN,J.F. Securites (PVT) Ltd.,Dakshinkali Investment & Securities Pvt. Ltd.,10,639.1,6391.0,2025-08-07 14:57:51.745010
2025-08-07,4516,2025080704023777,MEN,Nepal Stock House (PVT) Ltd.,Dakshinkali Investment & Securities Pvt. Ltd.,40,639.0,25560.0,2025-08-07 14:57:51.745137
2025-08-07,3889,2025080704023895,MEN,INDEX SECURITIES LIMITED,Dipshikha Dhitopatra Karobar Co. Pvt Ltd.,3,635.0,1905.0,2025-08-07 14:58:10.336295
2025-08-07,3845,2025080704023905,MEN,Nepal Stock House (PVT) Ltd.,Sweta Securities Private Limited,120,639.0,76680.0,2025-08-07 14:58:12.363089
2025-08-07,3844,2025080704023906,MEN,Nabil Stock Dealer Ltd.,Sweta Securities Private Limited,380,639.0,242820.0,2025-08-07 14:58:12.363342
2025-08-07,3786,2025080704023921,MEN,Nepal Stock House (PVT) Ltd.,Agrawal Securities (PVT) Ltd.,173,639.9,110702.7,2025-08-07 14:58:14.452671
2025-08-07,3785,2025080704023922,MEN,Nepal Stock House (PVT) Ltd.,Agrawal Securities (PVT) Ltd.,95,639.9,60790.5,2025-08-07 14:58:14.452900
2025-08-07,3760,2025080704023929,MEN,Deevyaa Securities & Stock House Pvt. Ltd,Imperial Securities Company Pvt. Ltd.,90,640.0,57600.0,2025-08-07 14:58:15.525459
2025-08-07,3759,2025080704023930,MEN,Deevyaa Securities & Stock House Pvt. Ltd,Naasa Securities Co. Ltd.,13,640.0,8320.0,2025-08-07 14:58:15.525720
2025-08-07,3758,2025080704023931,MEN,Deevyaa Securities & Stock House Pvt. Ltd,Agrawal Securities (PVT) Ltd.,13,640.0,8320.0,2025-08-07 14:58:15.525816
2025-08-07,3757,2025080704023932,MEN,Deevyaa Securities & Stock House Pvt. Ltd,Capital Hub P. Ltd,500,640.0,320000.0,2025-08-07 14:58:15.525906
2025-08-07,3756,2025080704023933,MEN,Deevyaa Securities & Stock House Pvt. Ltd,Sri Hari Securities Pvt. Ltd.,43,640.0,27520.0,2025-08-07 14:58:15.526021
2025-08-07,3755,2025080704023934,MEN,Deevyaa Securities & Stock House Pvt. Ltd,Dynamic Money Managers Securities Pvt. Ltd.,13,640.0,8320.0,2025-08-07 14:58:15.526188
2025-08-07,3754,2025080704023935,MEN,Deevyaa Securities & Stock House Pvt. Ltd,Imperial Securities Company Pvt. Ltd.,328,640.0,209920.0,2025-08-07 14:58:15.526282
2025-08-07,3286,2025080704024046,MEN,Dipshikha Dhitopatra Karobar Co. Pvt Ltd.,Imperial Securities Company Pvt. Ltd.,272,640.0,174080.0,2025-08-07 14:58:33.041429
2025-08-07,3285,2025080704024047,MEN,Dipshikha Dhitopatra Karobar Co. Pvt Ltd.,Vision Securities Pvt. Ltd,13,640.0,8320.0,2025-08-07 14:58:33.041644
2025-08-07,3284,2025080704024048,MEN,Dipshikha Dhitopatra Karobar Co. Pvt Ltd.,Naasa Securities Co. Ltd.,13,640.0,8320.0,2025-08-07 14:58:33.041740
2025-08-07,3283,2025080704024049,MEN,Dipshikha Dhitopatra Karobar Co. Pvt Ltd.,Sani Securities Company Ltd.,11,640.0,7040.0,2025-08-07 14:58:33.041851
2025-08-07,3282,2025080704024050,MEN,Dipshikha Dhitopatra Karobar Co. Pvt Ltd.,Agrawal Securities (PVT) Ltd.,70,640.0,44800.0,2025-08-07 14:58:33.042010
2025-08-07,3281,2025080704024051,MEN,Dipshikha Dhitopatra Karobar Co. Pvt Ltd.,Vision Securities Pvt. Ltd,100,640.0,64000.0,2025-08-07 14:58:33.042149
2025-08-07,3280,2025080704024052,MEN,Dipshikha Dhitopatra Karobar Co. Pvt Ltd.,Midas Stock Broking Company Private Limited,13,640.0,8320.0,2025-08-07 14:58:33.042281
2025-08-07,3279,2025080704024053,MEN,Dipshikha Dhitopatra Karobar Co. Pvt Ltd.,Aryatara Investment & Securities,13,640.0,8320.0,2025-08-07 14:58:33.042434
2025-08-07,3278,2025080704024054,MEN,Dipshikha Dhitopatra Karobar Co. Pvt Ltd.,Cristal Kanchanjanga Securites Pvt. Ltd.,66,640.0,42240.0,2025-08-07 14:58:33.042549
2025-08-07,3277,2025080704024055,MEN,Dipshikha Dhitopatra Karobar Co. Pvt Ltd.,Naasa Securities Co. Ltd.,27,640.0,17280.0,2025-08-07 14:58:33.042678
2025-08-07,3276,2025080704024056,MEN,Dipshikha Dhitopatra Karobar Co. Pvt Ltd.,Premier Securities Company Ltd.,52,640.0,33280.0,2025-08-07 14:58:33.042812
2025-08-07,2735,2025080704024222,MEN,Nepal Stock House (PVT) Ltd.,Premier Securities Company Ltd.,500,640.0,320000.0,2025-08-07 14:58:51.059954
2025-08-07,2395,2025080704024299,MEN,Nepal Stock House (PVT) Ltd.,Naasa Securities Co. Ltd.,19,639.9,12158.1,2025-08-07 14:59:03.655751
2025-08-07,1669,2025080704024512,MEN,Nepal Stock House (PVT) Ltd.,Opal Securities Investment (PVT) Ltd.,213,639.9,136298.7,2025-08-07 14:59:23.758483
2025-08-07,1668,2025080704024513,MEN,Trishakti Securities Public Limited,Opal Securities Investment (PVT) Ltd.,37,639.9,23676.3,2025-08-07 14:59:23.758699
2025-08-07,1164,2025080704024654,MEN,ABC Securities Private Limited,Premier Securities Company Ltd.,448,640.0,286720.0,2025-08-07 14:59:34.304919
2025-08-07,1163,2025080704024655,MEN,ABC Securities Private Limited,Sweta Securities Private Limited,52,640.0,33280.0,2025-08-07 14:59:34.305150
2025-08-07,900,2025080704024741,MEN,Online Securities Pvt. Ltd.,Sweta Securities Private Limited,448,640.0,286720.0,2025-08-07 14:59:41.763164
2025-08-07,899,2025080704024742,MEN,Online Securities Pvt. Ltd.,Dakshinkali Investment & Securities Pvt. Ltd.,100,640.0,64000.0,2025-08-07 14:59:41.763562
2025-08-07,898,2025080704024743,MEN,Online Securities Pvt. Ltd.,Linch Stock Market Ltd.,50,640.0,32000.0,2025-08-07 14:59:41.763844
2025-08-07,28,2025080704025007,MEN,Online Securities Pvt. Ltd.,Online Securities Pvt. Ltd.,100,640.0,64000.0,2025-08-07 14:59:59.338828
2025-08-07,12,2025080704025010,MEN,Online Securities Pvt. Ltd.,Aryatara Investment & Securities,10,640.0,6400.0,2025-08-07 14:59:59.659724
