Date,S.N.,Contract ID,Symbol,Buyer Broker,Seller Broker,volume,rate,amount,transaction_time
2025-08-07,92867,2025080705000941,MKJC,Naasa Securities Co. Ltd.,Secured Securities Ltd.,67,593.1,39737.7,2025-08-07 11:09:55.895943
2025-08-07,92866,2025080705000942,MKJC,SUN SECURITIES PVT LTD,Secured Securities Ltd.,933,593.0,553269.0,2025-08-07 11:09:55.896007
2025-08-07,92297,2025080705001117,MKJC,SUN SECURITIES PVT LTD,Naasa Securities Co. Ltd.,10,598.2,5982.0,2025-08-07 11:11:48.161578
2025-08-07,92296,2025080705001118,MKJC,SUN SECURITIES PVT LTD,Imperial Securities Company Pvt. Ltd.,57,600.0,34200.0,2025-08-07 11:11:48.161646
2025-08-07,91989,2025080705001214,MKJC,Kumari Securities Private Limited,Online Securities Pvt. Ltd.,10,593.3,5933.0,2025-08-07 11:12:53.948628
2025-08-07,89011,2025080705002155,MKJC,Nepal Stock House (PVT) Ltd.,SHUBHAKAMANA SECURITIES PVT. LTD,197,597.0,117609.0,2025-08-07 11:21:19.432841
2025-08-07,88342,2025080705002348,MKJC,Online Securities Pvt. Ltd.,Linch Stock Market Ltd.,10,595.0,5950.0,2025-08-07 11:22:59.302578
2025-08-07,87764,2025080705002563,MKJC,Midas Stock Broking Company Private Limited,SHUBHAKAMANA SECURITIES PVT. LTD,500,597.0,298500.0,2025-08-07 11:24:37.950046
2025-08-07,86991,2025080705002823,MKJC,MILKY WAY SHARE BROKER COMPANY LTD ,SHUBHAKAMANA SECURITIES PVT. LTD,25,597.0,14925.0,2025-08-07 11:27:13.963462
2025-08-07,86511,2025080705003006,MKJC,Infinity Securities Limited,Secured Securities Ltd.,25,595.1,14877.5,2025-08-07 11:28:55.823426
2025-08-07,86510,2025080705003007,MKJC,Online Securities Pvt. Ltd.,Secured Securities Ltd.,192,595.0,114240.0,2025-08-07 11:28:55.823615
2025-08-07,86007,2025080705003155,MKJC,Online Securities Pvt. Ltd.,SHUBHAKAMANA SECURITIES PVT. LTD,123,595.0,73185.0,2025-08-07 11:30:26.350488
2025-08-07,86006,2025080705003156,MKJC,Aryatara Investment & Securities,SHUBHAKAMANA SECURITIES PVT. LTD,155,594.6,92163.0,2025-08-07 11:30:26.350623
2025-08-07,85553,2025080705003301,MKJC,Dipshikha Dhitopatra Karobar Co. Pvt Ltd.,Investment Management Nepal Pvt. Ltd.,50,595.0,29750.0,2025-08-07 11:31:28.778916
2025-08-07,85320,2025080705003374,MKJC,Aryatara Investment & Securities,Investment Management Nepal Pvt. Ltd.,50,594.6,29730.0,2025-08-07 11:32:10.920110
2025-08-07,84856,2025080705003476,MKJC,Aryatara Investment & Securities,Sundhara Securities Limited,10,594.6,5946.0,2025-08-07 11:33:35.911113
2025-08-07,84156,2025080705003712,MKJC,Aryatara Investment & Securities,Malla & Malla Stock Broking Company Pvt. Limited,285,594.6,169461.0,2025-08-07 11:36:03.481197
2025-08-07,84155,2025080705003713,MKJC,Agrawal Securities (PVT) Ltd.,Malla & Malla Stock Broking Company Pvt. Limited,10,594.6,5946.0,2025-08-07 11:36:03.481467
2025-08-07,84154,2025080705003714,MKJC,Sri Hari Securities Pvt. Ltd.,Malla & Malla Stock Broking Company Pvt. Limited,1000,594.2,594200.0,2025-08-07 11:36:03.481598
2025-08-07,84153,2025080705003715,MKJC,ABC Securities Private Limited,Malla & Malla Stock Broking Company Pvt. Limited,100,594.0,59400.0,2025-08-07 11:36:03.481720
2025-08-07,84152,2025080705003716,MKJC,KALASH STOCK MARKET PVT. LTD.,Malla & Malla Stock Broking Company Pvt. Limited,605,594.0,359370.0,2025-08-07 11:36:03.481839
2025-08-07,83839,2025080705003861,MKJC,Prabhu Stock Market Limited,Cristal Kanchanjanga Securites Pvt. Ltd.,100,594.5,59450.0,2025-08-07 11:37:10.197453
2025-08-07,83560,2025080705003949,MKJC,Prabhu Stock Market Limited,Online Securities Pvt. Ltd.,10,594.5,5945.0,2025-08-07 11:38:00.042554
2025-08-07,82671,2025080705004238,MKJC,Midas Stock Broking Company Private Limited,Capital Max Securities Ltd,500,595.0,297500.0,2025-08-07 11:40:16.366142
2025-08-07,82124,2025080705004451,MKJC,Midas Stock Broking Company Private Limited,Asian Securities Private Ltd.,10,595.0,5950.0,2025-08-07 11:41:59.800276
2025-08-07,82031,2025080705004481,MKJC,Midas Stock Broking Company Private Limited,Indira securities pvt. ltd,10,597.5,5975.0,2025-08-07 11:42:15.838690
2025-08-07,81228,2025080705004719,MKJC,Property Wiard Limited,Indira securities pvt. ltd,190,597.5,113525.0,2025-08-07 11:44:58.720055
2025-08-07,81227,2025080705004720,MKJC,Property Wiard Limited,Capital Max Securities Ltd,250,597.5,149375.0,2025-08-07 11:44:58.720162
2025-08-07,81226,2025080705004721,MKJC,Property Wiard Limited,Siprabi Securities Pvt. Ltd.,200,599.0,119800.0,2025-08-07 11:44:58.720211
2025-08-07,81225,2025080705004722,MKJC,Property Wiard Limited,Imperial Securities Company Pvt. Ltd.,943,599.0,564857.0,2025-08-07 11:44:58.720254
2025-08-07,81224,2025080705004723,MKJC,Property Wiard Limited,BHOLE GANESH SECURITIES LTD,417,599.9,250158.3,2025-08-07 11:44:58.720297
2025-08-07,80516,2025080705004945,MKJC,Trishakti Securities Public Limited,BHOLE GANESH SECURITIES LTD,53,599.9,31794.7,2025-08-07 11:47:02.683031
2025-08-07,80515,2025080705004946,MKJC,Trishakti Securities Public Limited,Indira securities pvt. ltd,47,599.9,28195.3,2025-08-07 11:47:02.683203
2025-08-07,79952,2025080705005148,MKJC,Deevyaa Securities & Stock House Pvt. Ltd,Indira securities pvt. ltd,253,599.9,151774.7,2025-08-07 11:48:31.490782
2025-08-07,79951,2025080705005149,MKJC,Deevyaa Securities & Stock House Pvt. Ltd,BHOLE GANESH SECURITIES LTD,247,600.0,148200.0,2025-08-07 11:48:31.490893
2025-08-07,76967,2025080705006040,MKJC,Primo Securities (PVT) Ltd.,BHOLE GANESH SECURITIES LTD,253,600.0,151800.0,2025-08-07 11:57:35.708719
2025-08-07,76966,2025080705006041,MKJC,Primo Securities (PVT) Ltd.,NIMB Stock Markets Limited,10,600.0,6000.0,2025-08-07 11:57:35.708763
2025-08-07,76965,2025080705006042,MKJC,Primo Securities (PVT) Ltd.,Bhrikuti Stock Broking Co. Pvt. Ltd.,100,600.0,60000.0,2025-08-07 11:57:35.708791
2025-08-07,76964,2025080705006043,MKJC,Primo Securities (PVT) Ltd.,Premier Securities Company Ltd.,337,601.0,202537.0,2025-08-07 11:57:35.708816
2025-08-07,76135,2025080705006312,MKJC,Naasa Securities Co. Ltd.,Aryatara Investment & Securities,200,600.0,120000.0,2025-08-07 12:00:30.730331
2025-08-07,75247,2025080705006641,MKJC,Nepal Stock House (PVT) Ltd.,Nepal Stock House (PVT) Ltd.,10,597.1,5971.0,2025-08-07 12:03:02.052156
2025-08-07,74376,2025080705006952,MKJC,Nepal Stock House (PVT) Ltd.,Deevyaa Securities & Stock House Pvt. Ltd,10,597.1,5971.0,2025-08-07 12:05:02.400807
2025-08-07,74375,2025080705006953,MKJC,Premier Securities Company Ltd.,Deevyaa Securities & Stock House Pvt. Ltd,90,597.0,53730.0,2025-08-07 12:05:02.401070
2025-08-07,71868,2025080705007727,MKJC,Bhrikuti Stock Broking Co. Pvt. Ltd.,Aryatara Investment & Securities,300,600.0,180000.0,2025-08-07 12:11:33.921538
2025-08-07,71867,2025080705007728,MKJC,Bhrikuti Stock Broking Co. Pvt. Ltd.,Elite Stock House Limited,200,600.0,120000.0,2025-08-07 12:11:33.921789
2025-08-07,69225,2025080705008664,MKJC,Asian Securities Private Ltd.,Sumeru Securities Pvt. Ltd.,50,597.1,29855.0,2025-08-07 12:18:39.489839
2025-08-07,68349,2025080705008931,MKJC,Asian Securities Private Ltd.,Trademow Securities Private Limited,100,597.1,59710.0,2025-08-07 12:21:14.719870
2025-08-07,67139,2025080705009306,MKJC,Sri Hari Securities Pvt. Ltd.,Kohinoor Investment & Securities Pvt. Ltd.,34,598.0,20332.0,2025-08-07 12:24:51.339011
2025-08-07,66459,2025080705009567,MKJC,Sri Hari Securities Pvt. Ltd.,Imperial Securities Company Pvt. Ltd.,500,598.0,299000.0,2025-08-07 12:26:41.434517
2025-08-07,65817,2025080705009788,MKJC,Sri Hari Securities Pvt. Ltd.,Imperial Securities Company Pvt. Ltd.,466,598.0,278668.0,2025-08-07 12:28:28.291215
2025-08-07,65462,2025080705009890,MKJC,Asian Securities Private Ltd.,Imperial Securities Company Pvt. Ltd.,100,597.1,59710.0,2025-08-07 12:29:34.304686
2025-08-07,65218,2025080705009950,MKJC,Vision Securities Pvt. Ltd,Imperial Securities Company Pvt. Ltd.,34,598.0,20332.0,2025-08-07 12:29:59.002832
2025-08-07,65217,2025080705009951,MKJC,Vision Securities Pvt. Ltd,Imperial Securities Company Pvt. Ltd.,100,599.0,59900.0,2025-08-07 12:29:59.002897
2025-08-07,65216,2025080705009952,MKJC,Vision Securities Pvt. Ltd,Investment Management Nepal Pvt. Ltd.,366,599.0,219234.0,2025-08-07 12:29:59.002924
2025-08-07,63980,2025080705010398,MKJC,Asian Securities Private Ltd.,Sumeru Securities Pvt. Ltd.,200,597.1,119420.0,2025-08-07 12:33:13.049563
2025-08-07,63770,2025080705010463,MKJC,Asian Securities Private Ltd.,Secured Securities Ltd.,248,597.1,148080.8,2025-08-07 12:33:50.355838
2025-08-07,63769,2025080705010464,MKJC,Premier Securities Company Ltd.,Secured Securities Ltd.,110,597.0,65670.0,2025-08-07 12:33:50.355987
2025-08-07,63768,2025080705010465,MKJC,Trishakti Securities Public Limited,Secured Securities Ltd.,100,596.1,59610.0,2025-08-07 12:33:50.356054
2025-08-07,63767,2025080705010466,MKJC,Trishakti Securities Public Limited,Secured Securities Ltd.,100,596.1,59610.0,2025-08-07 12:33:50.356112
2025-08-07,63766,2025080705010467,MKJC,Property Wiard Limited,Secured Securities Ltd.,42,596.0,25032.0,2025-08-07 12:33:50.356174
2025-08-07,63540,2025080705010545,MKJC,Property Wiard Limited,Aryatara Investment & Securities,300,596.0,178800.0,2025-08-07 12:34:22.813053
2025-08-07,63197,2025080705010683,MKJC,Property Wiard Limited,Secured Securities Ltd.,158,596.0,94168.0,2025-08-07 12:35:22.882269
2025-08-07,63196,2025080705010684,MKJC,Naasa Securities Co. Ltd.,Secured Securities Ltd.,300,596.0,178800.0,2025-08-07 12:35:22.882438
2025-08-07,63195,2025080705010685,MKJC,Imperial Securities Company Pvt. Ltd.,Secured Securities Ltd.,200,596.0,119200.0,2025-08-07 12:35:22.882498
2025-08-07,63194,2025080705010686,MKJC,Swarna Laxmi Securities Pvt. Ltd.,Secured Securities Ltd.,100,595.2,59520.0,2025-08-07 12:35:22.882556
2025-08-07,63193,2025080705010687,MKJC,Dakshinkali Investment & Securities Pvt. Ltd.,Secured Securities Ltd.,42,595.1,24994.2,2025-08-07 12:35:22.882610
2025-08-07,63051,2025080705010730,MKJC,Kumari Securities Private Limited,Investment Management Nepal Pvt. Ltd.,94,599.0,56306.0,2025-08-07 12:35:54.574698
2025-08-07,62951,2025080705010747,MKJC,Dakshinkali Investment & Securities Pvt. Ltd.,Secured Securities Ltd.,458,595.1,272555.8,2025-08-07 12:36:08.738323
2025-08-07,62690,2025080705010842,MKJC,Imperial Securities Company Pvt. Ltd.,Secured Securities Ltd.,430,595.0,255850.0,2025-08-07 12:36:46.228644
2025-08-07,62381,2025080705010948,MKJC,Prabhu Stock Market Limited,South Asian Bulls Pvt. Ltd.,40,594.5,23780.0,2025-08-07 12:37:50.025050
2025-08-07,62380,2025080705010949,MKJC,Imperial Securities Company Pvt. Ltd.,South Asian Bulls Pvt. Ltd.,300,594.1,178230.0,2025-08-07 12:37:50.025334
2025-08-07,62379,2025080705010950,MKJC,Naasa Securities Co. Ltd.,South Asian Bulls Pvt. Ltd.,50,594.0,29700.0,2025-08-07 12:37:50.025510
2025-08-07,61697,2025080705011157,MKJC,Creative Securities Pvt Ltd,Secured Securities Ltd.,100,593.6,59360.0,2025-08-07 12:40:02.290179
2025-08-07,61468,2025080705011225,MKJC,Creative Securities Pvt Ltd,Secured Securities Ltd.,75,593.6,44520.0,2025-08-07 12:40:51.818560
2025-08-07,61467,2025080705011226,MKJC,KALASH STOCK MARKET PVT. LTD.,Secured Securities Ltd.,267,593.5,158464.5,2025-08-07 12:40:51.818847
2025-08-07,60998,2025080705011336,MKJC,KALASH STOCK MARKET PVT. LTD.,Stoxkarts Securities Limited,128,593.5,75968.0,2025-08-07 12:42:30.755024
2025-08-07,60997,2025080705011337,MKJC,Bhrikuti Stock Broking Co. Pvt. Ltd.,Stoxkarts Securities Limited,50,593.2,29660.0,2025-08-07 12:42:30.755207
2025-08-07,60996,2025080705011338,MKJC,Online Securities Pvt. Ltd.,Stoxkarts Securities Limited,67,593.0,39731.0,2025-08-07 12:42:30.755266
2025-08-07,60995,2025080705011339,MKJC,Nepal Stock House (PVT) Ltd.,Stoxkarts Securities Limited,20,592.0,11840.0,2025-08-07 12:42:30.755328
2025-08-07,60994,2025080705011340,MKJC,Capital Max Securities Ltd,Stoxkarts Securities Limited,50,591.2,29560.0,2025-08-07 12:42:30.755383
2025-08-07,60993,2025080705011341,MKJC,Neev Securities Pvt. Ltd.,Stoxkarts Securities Limited,50,591.2,29560.0,2025-08-07 12:42:30.755437
2025-08-07,60992,2025080705011342,MKJC,ABC Securities Private Limited,Stoxkarts Securities Limited,100,591.0,59100.0,2025-08-07 12:42:30.755496
2025-08-07,60991,2025080705011343,MKJC,Nepal Stock House (PVT) Ltd.,Stoxkarts Securities Limited,20,591.0,11820.0,2025-08-07 12:42:30.755552
2025-08-07,60990,2025080705011344,MKJC,SHUBHAKAMANA SECURITIES PVT. LTD,Stoxkarts Securities Limited,500,590.1,295050.0,2025-08-07 12:42:30.755609
2025-08-07,60989,2025080705011345,MKJC,Blue Chip Securities Ltd,Stoxkarts Securities Limited,150,590.0,88500.0,2025-08-07 12:42:30.755663
2025-08-07,60988,2025080705011346,MKJC,BHOLE GANESH SECURITIES LTD,Stoxkarts Securities Limited,100,590.0,59000.0,2025-08-07 12:42:30.755730
2025-08-07,60987,2025080705011347,MKJC,Infinity Securities Limited,Stoxkarts Securities Limited,265,590.0,156350.0,2025-08-07 12:42:30.755785
2025-08-07,60788,2025080705011428,MKJC,Imperial Securities Company Pvt. Ltd.,Secured Securities Ltd.,370,590.1,218337.0,2025-08-07 12:43:28.104205
2025-08-07,60635,2025080705011473,MKJC,Agrawal Securities (PVT) Ltd.,Cristal Kanchanjanga Securites Pvt. Ltd.,50,592.0,29600.0,2025-08-07 12:43:59.732979
2025-08-07,60484,2025080705011545,MKJC,Nepal Investment And Securities Trading Private Limited,Cristal Kanchanjanga Securites Pvt. Ltd.,450,592.0,266400.0,2025-08-07 12:44:34.482969
2025-08-07,60116,2025080705011666,MKJC,Sani Securities Company Ltd.,Secured Securities Ltd.,10,591.0,5910.0,2025-08-07 12:45:49.530831
2025-08-07,60115,2025080705011667,MKJC,Imperial Securities Company Pvt. Ltd.,Secured Securities Ltd.,130,590.1,76713.0,2025-08-07 12:45:49.530973
2025-08-07,60024,2025080705011694,MKJC,Dakshinkali Investment & Securities Pvt. Ltd.,Aryatara Investment & Securities,10,590.1,5901.0,2025-08-07 12:46:06.704511
2025-08-07,59563,2025080705011849,MKJC,Dakshinkali Investment & Securities Pvt. Ltd.,Dynamic Money Managers Securities Pvt. Ltd.,90,590.1,53109.0,2025-08-07 12:47:47.056965
2025-08-07,59562,2025080705011850,MKJC,Siprabi Securities Pvt. Ltd.,Dynamic Money Managers Securities Pvt. Ltd.,100,590.1,59010.0,2025-08-07 12:47:47.057113
2025-08-07,59561,2025080705011851,MKJC,Infinity Securities Limited,Dynamic Money Managers Securities Pvt. Ltd.,35,590.0,20650.0,2025-08-07 12:47:47.057174
2025-08-07,59560,2025080705011852,MKJC,Cristal Kanchanjanga Securites Pvt. Ltd.,Dynamic Money Managers Securities Pvt. Ltd.,500,590.0,295000.0,2025-08-07 12:47:47.057229
2025-08-07,59559,2025080705011853,MKJC,Miyo Securities Pvt Ltd,Dynamic Money Managers Securities Pvt. Ltd.,500,590.0,295000.0,2025-08-07 12:47:47.057290
2025-08-07,59558,2025080705011854,MKJC,Malla & Malla Stock Broking Company Pvt. Limited,Dynamic Money Managers Securities Pvt. Ltd.,275,590.0,162250.0,2025-08-07 12:47:47.057423
2025-08-07,58694,2025080705012115,MKJC,Malla & Malla Stock Broking Company Pvt. Limited,Dynamic Money Managers Securities Pvt. Ltd.,500,590.0,295000.0,2025-08-07 12:50:48.235333
2025-08-07,58265,2025080705012231,MKJC,Naasa Securities Co. Ltd.,Agrawal Securities (PVT) Ltd.,100,590.0,59000.0,2025-08-07 12:52:30.937378
2025-08-07,58190,2025080705012246,MKJC,INDEX SECURITIES LIMITED,Linch Stock Market Ltd.,10,588.0,5880.0,2025-08-07 12:52:43.839100
2025-08-07,58156,2025080705012260,MKJC,INDEX SECURITIES LIMITED,Secured Securities Ltd.,90,588.0,52920.0,2025-08-07 12:52:50.220546
2025-08-07,58155,2025080705012261,MKJC,Aryatara Investment & Securities,Secured Securities Ltd.,250,588.0,147000.0,2025-08-07 12:52:50.220854
2025-08-07,58154,2025080705012262,MKJC,Kumari Securities Private Limited,Secured Securities Ltd.,30,586.3,17589.0,2025-08-07 12:52:50.221036
2025-08-07,57008,2025080705012707,MKJC,Sajilo Broker Limited,Capital Max Securities Ltd,30,590.0,17700.0,2025-08-07 12:57:10.006835
2025-08-07,56899,2025080705012753,MKJC,Indira securities pvt. ltd,Capital Max Securities Ltd,68,590.0,40120.0,2025-08-07 12:57:46.461807
2025-08-07,56898,2025080705012754,MKJC,Indira securities pvt. ltd,South Asian Bulls Pvt. Ltd.,12,594.8,7137.6,2025-08-07 12:57:46.461943
2025-08-07,56723,2025080705012796,MKJC,Sajilo Broker Limited,Indira securities pvt. ltd,60,587.7,35262.0,2025-08-07 12:58:30.599783
2025-08-07,56722,2025080705012797,MKJC,Sajilo Broker Limited,Indira securities pvt. ltd,40,587.6,23504.0,2025-08-07 12:58:30.599841
2025-08-07,56587,2025080705012852,MKJC,Indira securities pvt. ltd,Linch Stock Market Ltd.,80,594.7,47576.0,2025-08-07 12:59:13.734010
2025-08-07,56586,2025080705012853,MKJC,Indira securities pvt. ltd,South Asian Bulls Pvt. Ltd.,10,594.8,5948.0,2025-08-07 12:59:13.734091
2025-08-07,56384,2025080705012907,MKJC,Sani Securities Company Ltd.,Online Securities Pvt. Ltd.,10,588.0,5880.0,2025-08-07 12:59:54.769834
2025-08-07,55640,2025080705013113,MKJC,Sajilo Broker Limited,Dynamic Money Managers Securities Pvt. Ltd.,130,588.1,76453.0,2025-08-07 13:02:11.183778
2025-08-07,55497,2025080705013179,MKJC,Property Wiard Limited,Dynamic Money Managers Securities Pvt. Ltd.,500,588.1,294050.0,2025-08-07 13:02:40.617712
2025-08-07,55469,2025080705013196,MKJC,Dakshinkali Investment & Securities Pvt. Ltd.,Dynamic Money Managers Securities Pvt. Ltd.,40,588.1,23524.0,2025-08-07 13:02:46.363744
2025-08-07,55408,2025080705013225,MKJC,Neev Securities Pvt. Ltd.,Dynamic Money Managers Securities Pvt. Ltd.,30,588.1,17643.0,2025-08-07 13:02:59.566592
2025-08-07,55319,2025080705013256,MKJC,Aryatara Investment & Securities,Market Securities & Exchange (PVT) Ltd.,500,590.0,295000.0,2025-08-07 13:03:15.407568
2025-08-07,55318,2025080705013257,MKJC,Aryatara Investment & Securities,Capital Max Securities Ltd,90,593.5,53415.0,2025-08-07 13:03:15.407624
2025-08-07,53571,2025080705013835,MKJC,Kumari Securities Private Limited,Oxford Securities Pvt. Ltd.,10,588.3,5883.0,2025-08-07 13:09:52.609858
2025-08-07,52890,2025080705013979,MKJC,Imperial Securities Company Pvt. Ltd.,Sani Securities Company Ltd.,50,588.6,29430.0,2025-08-07 13:11:47.527538
2025-08-07,52889,2025080705013980,MKJC,Dakshinkali Investment & Securities Pvt. Ltd.,Sani Securities Company Ltd.,60,588.5,35310.0,2025-08-07 13:11:47.527717
2025-08-07,52888,2025080705013981,MKJC,Trishakti Securities Public Limited,Sani Securities Company Ltd.,290,588.4,170636.0,2025-08-07 13:11:47.527804
2025-08-07,50025,2025080705014805,MKJC,Property Wiard Limited,Bhrikuti Stock Broking Co. Pvt. Ltd.,100,590.0,59000.0,2025-08-07 13:20:49.490294
2025-08-07,49365,2025080705015022,MKJC,Trishakti Securities Public Limited,Midas Stock Broking Company Private Limited,18,589.5,10611.0,2025-08-07 13:22:50.537374
2025-08-07,48910,2025080705015184,MKJC,Trishakti Securities Public Limited,J.F. Securites (PVT) Ltd.,200,590.1,118020.0,2025-08-07 13:24:15.874805
2025-08-07,48909,2025080705015185,MKJC,Agrawal Securities (PVT) Ltd.,J.F. Securites (PVT) Ltd.,400,590.0,236000.0,2025-08-07 13:24:15.875013
2025-08-07,48803,2025080705015215,MKJC,Agrawal Securities (PVT) Ltd.,Imperial Securities Company Pvt. Ltd.,20,590.0,11800.0,2025-08-07 13:24:39.493046
2025-08-07,47547,2025080705015619,MKJC,Asian Securities Private Ltd.,Vision Securities Pvt. Ltd,1000,590.1,590100.0,2025-08-07 13:28:15.920257
2025-08-07,47128,2025080705015751,MKJC,Indira securities pvt. ltd,Secured Securities Ltd.,110,590.2,64922.0,2025-08-07 13:29:44.331350
2025-08-07,47052,2025080705015781,MKJC,Imperial Securities Company Pvt. Ltd.,Opal Securities Investment (PVT) Ltd.,10,590.3,5903.0,2025-08-07 13:29:58.077606
2025-08-07,45922,2025080705016207,MKJC,Linch Stock Market Ltd.,Online Securities Pvt. Ltd.,100,593.0,59300.0,2025-08-07 13:33:30.676038
2025-08-07,43508,2025080705017071,MKJC,Indira securities pvt. ltd,Online Securities Pvt. Ltd.,10,593.0,5930.0,2025-08-07 13:41:20.697844
2025-08-07,43507,2025080705017072,MKJC,Indira securities pvt. ltd,Vision Securities Pvt. Ltd,50,593.0,29650.0,2025-08-07 13:41:20.698065
2025-08-07,43506,2025080705017073,MKJC,Indira securities pvt. ltd,South Asian Bulls Pvt. Ltd.,440,593.2,261008.0,2025-08-07 13:41:20.698145
2025-08-07,41775,2025080705017667,MKJC,Linch Stock Market Ltd.,J.F. Securites (PVT) Ltd.,25,593.0,14825.0,2025-08-07 13:46:22.209846
2025-08-07,41564,2025080705017729,MKJC,Arun Securities (PVT) Ltd.,South Asian Bulls Pvt. Ltd.,38,593.2,22541.6,2025-08-07 13:47:02.692417
2025-08-07,41563,2025080705017730,MKJC,Arun Securities (PVT) Ltd.,Imperial Securities Company Pvt. Ltd.,962,593.4,570850.8,2025-08-07 13:47:02.692608
2025-08-07,41484,2025080705017752,MKJC,Naasa Securities Co. Ltd.,Imperial Securities Company Pvt. Ltd.,38,593.4,22549.2,2025-08-07 13:47:22.961664
2025-08-07,41483,2025080705017753,MKJC,Naasa Securities Co. Ltd.,Capital Max Securities Ltd,910,593.5,540085.0,2025-08-07 13:47:22.961854
2025-08-07,41039,2025080705017891,MKJC,Naasa Securities Co. Ltd.,Sani Securities Company Ltd.,100,594.0,59400.0,2025-08-07 13:48:47.712830
2025-08-07,40815,2025080705017958,MKJC,Arun Securities (PVT) Ltd.,South Asian Bulls Pvt. Ltd.,110,594.9,65439.0,2025-08-07 13:49:28.411655
2025-08-07,40814,2025080705017959,MKJC,Arun Securities (PVT) Ltd.,Sewa Securities Pvt. Ltd.,10,598.0,5980.0,2025-08-07 13:49:28.411877
2025-08-07,40608,2025080705018021,MKJC,J.F. Securites (PVT) Ltd.,Sewa Securities Pvt. Ltd.,90,598.0,53820.0,2025-08-07 13:50:12.367210
2025-08-07,40033,2025080705018292,MKJC,J.F. Securites (PVT) Ltd.,Indira securities pvt. ltd,110,598.0,65780.0,2025-08-07 13:51:37.465948
2025-08-07,40032,2025080705018293,MKJC,Midas Stock Broking Company Private Limited,Indira securities pvt. ltd,250,598.0,149500.0,2025-08-07 13:51:37.466166
2025-08-07,39470,2025080705018504,MKJC,Linch Stock Market Ltd.,Indira securities pvt. ltd,140,598.0,83720.0,2025-08-07 13:53:04.613679
2025-08-07,39330,2025080705018534,MKJC,Linch Stock Market Ltd.,Dipshikha Dhitopatra Karobar Co. Pvt Ltd.,64,598.9,38329.6,2025-08-07 13:53:27.848837
2025-08-07,39329,2025080705018535,MKJC,Linch Stock Market Ltd.,Midas Stock Broking Company Private Limited,371,598.9,222191.9,2025-08-07 13:53:27.849044
2025-08-07,38537,2025080705018815,MKJC,Deevyaa Securities & Stock House Pvt. Ltd,Midas Stock Broking Company Private Limited,60,594.6,35676.0,2025-08-07 13:55:25.596732
2025-08-07,38536,2025080705018816,MKJC,Vision Securities Pvt. Ltd,Midas Stock Broking Company Private Limited,69,594.5,41020.5,2025-08-07 13:55:25.597107
2025-08-07,37412,2025080705019163,MKJC,Sagarmatha Securities Private Limited,Aryatara Investment & Securities,78,594.6,46378.8,2025-08-07 13:57:59.313450
2025-08-07,36675,2025080705019487,MKJC,Sagarmatha Securities Private Limited,Imperial Securities Company Pvt. Ltd.,10,594.6,5946.0,2025-08-07 13:59:42.136231
2025-08-07,35944,2025080705019797,MKJC,Blue Chip Securities Ltd,Midas Stock Broking Company Private Limited,10,598.0,5980.0,2025-08-07 14:01:35.407688
2025-08-07,35943,2025080705019798,MKJC,Blue Chip Securities Ltd,Trishakti Securities Public Limited,100,598.4,59840.0,2025-08-07 14:01:35.407787
2025-08-07,35942,2025080705019799,MKJC,Blue Chip Securities Ltd,Trishakti Securities Public Limited,100,598.5,59850.0,2025-08-07 14:01:35.407861
2025-08-07,35941,2025080705019800,MKJC,Blue Chip Securities Ltd,Trishakti Securities Public Limited,100,598.5,59850.0,2025-08-07 14:01:35.407935
2025-08-07,35940,2025080705019801,MKJC,Blue Chip Securities Ltd,Trishakti Securities Public Limited,100,598.6,59860.0,2025-08-07 14:01:35.408011
2025-08-07,35939,2025080705019802,MKJC,Blue Chip Securities Ltd,Trishakti Securities Public Limited,90,598.6,53874.0,2025-08-07 14:01:35.408084
2025-08-07,35309,2025080705020000,MKJC,Nepal Investment And Securities Trading Private Limited,Swarna Laxmi Securities Pvt. Ltd.,1000,598.0,598000.0,2025-08-07 14:03:11.476421
2025-08-07,33456,2025080705020613,MKJC,Indira securities pvt. ltd,Midas Stock Broking Company Private Limited,100,595.1,59510.0,2025-08-07 14:07:08.016649
2025-08-07,33455,2025080705020614,MKJC,Indira securities pvt. ltd,Midas Stock Broking Company Private Limited,400,595.0,238000.0,2025-08-07 14:07:08.016863
2025-08-07,32986,2025080705020780,MKJC,Indira securities pvt. ltd,Indira securities pvt. ltd,100,595.0,59500.0,2025-08-07 14:08:19.775871
2025-08-07,32985,2025080705020781,MKJC,Naasa Securities Co. Ltd.,Indira securities pvt. ltd,900,595.0,535500.0,2025-08-07 14:08:19.776251
2025-08-07,32429,2025080705020985,MKJC,Naasa Securities Co. Ltd.,Nepal Stock House (PVT) Ltd.,100,595.0,59500.0,2025-08-07 14:09:26.407743
2025-08-07,31384,2025080705021281,MKJC,Sagarmatha Securities Private Limited,Nepal Stock House (PVT) Ltd.,12,594.6,7135.2,2025-08-07 14:11:50.878176
2025-08-07,31383,2025080705021282,MKJC,S.P.S.A. Securities Limited,Nepal Stock House (PVT) Ltd.,100,594.6,59460.0,2025-08-07 14:11:50.878392
2025-08-07,31382,2025080705021283,MKJC,Indira securities pvt. ltd,Nepal Stock House (PVT) Ltd.,100,594.6,59460.0,2025-08-07 14:11:50.878488
2025-08-07,31193,2025080705021348,MKJC,Vision Securities Pvt. Ltd,Nepal Stock House (PVT) Ltd.,118,594.5,70151.0,2025-08-07 14:12:16.364302
2025-08-07,31187,2025080705021350,MKJC,Vision Securities Pvt. Ltd,Swarna Laxmi Securities Pvt. Ltd.,36,594.5,21402.0,2025-08-07 14:12:17.625056
2025-08-07,31117,2025080705021368,MKJC,Vision Securities Pvt. Ltd,Agrawal Securities (PVT) Ltd.,27,594.5,16051.5,2025-08-07 14:12:27.872826
2025-08-07,31116,2025080705021369,MKJC,Imperial Securities Company Pvt. Ltd.,Agrawal Securities (PVT) Ltd.,50,594.4,29720.0,2025-08-07 14:12:27.872873
2025-08-07,31115,2025080705021370,MKJC,Imperial Securities Company Pvt. Ltd.,Agrawal Securities (PVT) Ltd.,43,594.0,25542.0,2025-08-07 14:12:27.872913
2025-08-07,30454,2025080705021588,MKJC,S.P.S.A. Securities Limited,Agrawal Securities (PVT) Ltd.,50,593.9,29695.0,2025-08-07 14:14:20.118683
2025-08-07,29566,2025080705021842,MKJC,Vision Securities Pvt. Ltd,Prabhu Stock Market Limited,10,595.0,5950.0,2025-08-07 14:16:46.385492
2025-08-07,29444,2025080705021888,MKJC,Vision Securities Pvt. Ltd,South Asian Bulls Pvt. Ltd.,256,595.0,152320.0,2025-08-07 14:17:03.342179
2025-08-07,27617,2025080705022474,MKJC,Sharepro Securities Private Limited,Naasa Securities Co. Ltd.,694,595.1,412999.4,2025-08-07 14:22:01.374636
2025-08-07,27616,2025080705022475,MKJC,Vision Securities Pvt. Ltd,Naasa Securities Co. Ltd.,234,595.0,139230.0,2025-08-07 14:22:01.375034
2025-08-07,27615,2025080705022476,MKJC,Midas Stock Broking Company Private Limited,Naasa Securities Co. Ltd.,100,595.0,59500.0,2025-08-07 14:22:01.375262
2025-08-07,27614,2025080705022477,MKJC,Sharepro Securities Private Limited,Naasa Securities Co. Ltd.,1000,593.6,593600.0,2025-08-07 14:22:01.375505
2025-08-07,27613,2025080705022478,MKJC,Imperial Securities Company Pvt. Ltd.,Naasa Securities Co. Ltd.,12,593.6,7123.2,2025-08-07 14:22:01.375728
2025-08-07,27612,2025080705022479,MKJC,Indira securities pvt. ltd,Naasa Securities Co. Ltd.,100,593.6,59360.0,2025-08-07 14:22:01.375950
2025-08-07,27611,2025080705022480,MKJC,Dakshinkali Investment & Securities Pvt. Ltd.,Naasa Securities Co. Ltd.,50,593.5,29675.0,2025-08-07 14:22:01.376168
2025-08-07,27610,2025080705022481,MKJC,Indira securities pvt. ltd,Naasa Securities Co. Ltd.,15,593.5,8902.5,2025-08-07 14:22:01.376396
2025-08-07,27609,2025080705022482,MKJC,Indira securities pvt. ltd,Naasa Securities Co. Ltd.,15,593.1,8896.5,2025-08-07 14:22:01.376615
2025-08-07,27608,2025080705022483,MKJC,Trademow Securities Private Limited,Naasa Securities Co. Ltd.,500,593.0,296500.0,2025-08-07 14:22:01.376838
2025-08-07,27216,2025080705022614,MKJC,Online Securities Pvt. Ltd.,Naasa Securities Co. Ltd.,10,593.0,5930.0,2025-08-07 14:23:05.300506
2025-08-07,26893,2025080705022708,MKJC,Aryatara Investment & Securities,Midas Stock Broking Company Private Limited,20,591.0,11820.0,2025-08-07 14:23:44.769420
2025-08-07,26892,2025080705022709,MKJC,Indira securities pvt. ltd,Midas Stock Broking Company Private Limited,390,590.6,230334.0,2025-08-07 14:23:44.769631
2025-08-07,26891,2025080705022710,MKJC,Imperial Securities Company Pvt. Ltd.,Midas Stock Broking Company Private Limited,50,590.6,29530.0,2025-08-07 14:23:44.769715
2025-08-07,26890,2025080705022711,MKJC,Kumari Securities Private Limited,Midas Stock Broking Company Private Limited,100,590.3,59030.0,2025-08-07 14:23:44.769791
2025-08-07,26889,2025080705022712,MKJC,Market Securities & Exchange (PVT) Ltd.,Midas Stock Broking Company Private Limited,440,590.1,259644.0,2025-08-07 14:23:44.769865
2025-08-07,26718,2025080705022758,MKJC,Imperial Securities Company Pvt. Ltd.,Naasa Securities Co. Ltd.,500,590.3,295150.0,2025-08-07 14:24:03.281977
2025-08-07,26717,2025080705022759,MKJC,Market Securities & Exchange (PVT) Ltd.,Naasa Securities Co. Ltd.,560,590.1,330456.0,2025-08-07 14:24:03.282366
2025-08-07,26716,2025080705022760,MKJC,Dipshikha Dhitopatra Karobar Co. Pvt Ltd.,Naasa Securities Co. Ltd.,500,590.0,295000.0,2025-08-07 14:24:03.282591
2025-08-07,26715,2025080705022761,MKJC,Indira securities pvt. ltd,Naasa Securities Co. Ltd.,402,590.0,237180.0,2025-08-07 14:24:03.282789
2025-08-07,26658,2025080705022769,MKJC,Indira securities pvt. ltd,South Asian Bulls Pvt. Ltd.,490,590.0,289100.0,2025-08-07 14:24:09.184275
2025-08-07,26615,2025080705022782,MKJC,Indira securities pvt. ltd,Creative Securities Pvt Ltd,10,590.0,5900.0,2025-08-07 14:24:15.028756
2025-08-07,26560,2025080705022821,MKJC,Indira securities pvt. ltd,South Asian Bulls Pvt. Ltd.,98,590.0,57820.0,2025-08-07 14:24:19.234976
2025-08-07,26559,2025080705022822,MKJC,Sani Securities Company Ltd.,South Asian Bulls Pvt. Ltd.,40,590.0,23600.0,2025-08-07 14:24:19.235236
2025-08-07,26558,2025080705022823,MKJC,Online Securities Pvt. Ltd.,South Asian Bulls Pvt. Ltd.,25,590.0,14750.0,2025-08-07 14:24:19.235343
2025-08-07,26557,2025080705022824,MKJC,Sewa Securities Pvt. Ltd.,South Asian Bulls Pvt. Ltd.,130,590.0,76700.0,2025-08-07 14:24:19.235425
2025-08-07,26556,2025080705022825,MKJC,ABC Securities Private Limited,South Asian Bulls Pvt. Ltd.,50,590.0,29500.0,2025-08-07 14:24:19.235511
2025-08-07,25152,2025080705023326,MKJC,Primo Securities (PVT) Ltd.,South Asian Bulls Pvt. Ltd.,39,591.9,23084.1,2025-08-07 14:27:01.114548
2025-08-07,24882,2025080705023420,MKJC,Infinity Securities Limited,Thrive Brokerage House Pvt. Ltd,400,590.0,236000.0,2025-08-07 14:27:36.793903
2025-08-07,24819,2025080705023439,MKJC,Infinity Securities Limited,South Asian Bulls Pvt. Ltd.,100,590.0,59000.0,2025-08-07 14:27:41.770373
2025-08-07,24818,2025080705023440,MKJC,Indira securities pvt. ltd,South Asian Bulls Pvt. Ltd.,18,590.0,10620.0,2025-08-07 14:27:41.770712
2025-08-07,24741,2025080705023454,MKJC,Indira securities pvt. ltd,Imperial Securities Company Pvt. Ltd.,50,590.0,29500.0,2025-08-07 14:27:47.860153
2025-08-07,24739,2025080705023456,MKJC,Indira securities pvt. ltd,J.F. Securites (PVT) Ltd.,32,590.0,18880.0,2025-08-07 14:27:48.783456
2025-08-07,24586,2025080705023487,MKJC,Bhrikuti Stock Broking Co. Pvt. Ltd.,Agrawal Securities (PVT) Ltd.,30,589.6,17688.0,2025-08-07 14:28:08.748870
2025-08-07,24585,2025080705023488,MKJC,Dakshinkali Investment & Securities Pvt. Ltd.,Agrawal Securities (PVT) Ltd.,50,589.3,29465.0,2025-08-07 14:28:08.748942
2025-08-07,24584,2025080705023489,MKJC,Kumari Securities Private Limited,Agrawal Securities (PVT) Ltd.,20,589.0,11780.0,2025-08-07 14:28:08.748971
2025-08-07,23968,2025080705023676,MKJC,Kumari Securities Private Limited,Midas Stock Broking Company Private Limited,30,589.0,17670.0,2025-08-07 14:29:18.958446
2025-08-07,23967,2025080705023677,MKJC,Naasa Securities Co. Ltd.,Midas Stock Broking Company Private Limited,100,589.0,58900.0,2025-08-07 14:29:18.958657
2025-08-07,23966,2025080705023678,MKJC,Online Securities Pvt. Ltd.,Midas Stock Broking Company Private Limited,20,589.0,11780.0,2025-08-07 14:29:18.958732
2025-08-07,23965,2025080705023679,MKJC,Vision Securities Pvt. Ltd,Midas Stock Broking Company Private Limited,150,588.7,88305.0,2025-08-07 14:29:18.958803
2025-08-07,23964,2025080705023680,MKJC,Indira securities pvt. ltd,Midas Stock Broking Company Private Limited,200,588.5,117700.0,2025-08-07 14:29:18.958874
2025-08-07,23963,2025080705023681,MKJC,Imperial Securities Company Pvt. Ltd.,Midas Stock Broking Company Private Limited,300,588.5,176550.0,2025-08-07 14:29:18.958946
2025-08-07,23962,2025080705023682,MKJC,Kumari Securities Private Limited,Midas Stock Broking Company Private Limited,10,588.4,5884.0,2025-08-07 14:29:18.959018
2025-08-07,23961,2025080705023683,MKJC,Citizens Share Broker Limited,Midas Stock Broking Company Private Limited,100,588.2,58820.0,2025-08-07 14:29:18.959084
2025-08-07,23960,2025080705023684,MKJC,Trishakti Securities Public Limited,Midas Stock Broking Company Private Limited,90,588.0,52920.0,2025-08-07 14:29:18.959149
2025-08-07,23361,2025080705023879,MKJC,Trishakti Securities Public Limited,Indira securities pvt. ltd,60,588.0,35280.0,2025-08-07 14:30:25.628489
2025-08-07,23360,2025080705023880,MKJC,ABC Securities Private Limited,Indira securities pvt. ltd,123,588.0,72324.0,2025-08-07 14:30:25.628653
2025-08-07,23309,2025080705023900,MKJC,ABC Securities Private Limited,Property Wiard Limited,127,588.0,74676.0,2025-08-07 14:30:32.875431
2025-08-07,23308,2025080705023901,MKJC,Naasa Securities Co. Ltd.,Property Wiard Limited,110,588.0,64680.0,2025-08-07 14:30:32.875764
2025-08-07,23098,2025080705023971,MKJC,Miyo Securities Pvt Ltd,Property Wiard Limited,183,588.0,107604.0,2025-08-07 14:30:54.187438
2025-08-07,23088,2025080705023976,MKJC,Miyo Securities Pvt Ltd,Secured Securities Ltd.,100,588.0,58800.0,2025-08-07 14:30:55.955632
2025-08-07,22955,2025080705024005,MKJC,Miyo Securities Pvt Ltd,Property Wiard Limited,210,588.0,123480.0,2025-08-07 14:31:13.006088
2025-08-07,22599,2025080705024125,MKJC,Bhrikuti Stock Broking Co. Pvt. Ltd.,Linch Stock Market Ltd.,500,587.3,293650.0,2025-08-07 14:32:02.205827
2025-08-07,22584,2025080705024130,MKJC,Dipshikha Dhitopatra Karobar Co. Pvt Ltd.,Property Wiard Limited,30,587.0,17610.0,2025-08-07 14:32:04.151738
2025-08-07,22583,2025080705024131,MKJC,Citizens Share Broker Limited,Property Wiard Limited,50,587.0,29350.0,2025-08-07 14:32:04.151933
2025-08-07,22582,2025080705024132,MKJC,Naasa Securities Co. Ltd.,Property Wiard Limited,100,587.0,58700.0,2025-08-07 14:32:04.152014
2025-08-07,22581,2025080705024133,MKJC,Indira securities pvt. ltd,Property Wiard Limited,10,587.0,5870.0,2025-08-07 14:32:04.152094
2025-08-07,22580,2025080705024134,MKJC,Dakshinkali Investment & Securities Pvt. Ltd.,Property Wiard Limited,300,587.0,176100.0,2025-08-07 14:32:04.152161
2025-08-07,22241,2025080705024227,MKJC,Dakshinkali Investment & Securities Pvt. Ltd.,Imperial Securities Company Pvt. Ltd.,100,586.2,58620.0,2025-08-07 14:32:50.998333
2025-08-07,22240,2025080705024228,MKJC,Prabhu Stock Market Limited,Imperial Securities Company Pvt. Ltd.,150,586.2,87930.0,2025-08-07 14:32:50.998539
2025-08-07,22239,2025080705024229,MKJC,Asian Securities Private Ltd.,Imperial Securities Company Pvt. Ltd.,100,586.0,58600.0,2025-08-07 14:32:50.998603
2025-08-07,22238,2025080705024230,MKJC,Kohinoor Investment & Securities Pvt. Ltd.,Imperial Securities Company Pvt. Ltd.,100,586.0,58600.0,2025-08-07 14:32:50.998672
2025-08-07,22237,2025080705024231,MKJC,Bhrikuti Stock Broking Co. Pvt. Ltd.,Imperial Securities Company Pvt. Ltd.,20,586.0,11720.0,2025-08-07 14:32:50.998739
2025-08-07,22236,2025080705024232,MKJC,Kumari Securities Private Limited,Imperial Securities Company Pvt. Ltd.,10,585.6,5856.0,2025-08-07 14:32:50.998805
2025-08-07,22235,2025080705024233,MKJC,Imperial Securities Company Pvt. Ltd.,Imperial Securities Company Pvt. Ltd.,300,585.6,175680.0,2025-08-07 14:32:50.998868
2025-08-07,22234,2025080705024234,MKJC,Bhrikuti Stock Broking Co. Pvt. Ltd.,Imperial Securities Company Pvt. Ltd.,20,585.5,11710.0,2025-08-07 14:32:50.998960
2025-08-07,22077,2025080705024290,MKJC,Bhrikuti Stock Broking Co. Pvt. Ltd.,Sumeru Securities Pvt. Ltd.,80,585.5,46840.0,2025-08-07 14:33:19.361814
2025-08-07,22076,2025080705024291,MKJC,Indira securities pvt. ltd,Sumeru Securities Pvt. Ltd.,500,585.2,292600.0,2025-08-07 14:33:19.362155
2025-08-07,22075,2025080705024292,MKJC,Vision Securities Pvt. Ltd,Sumeru Securities Pvt. Ltd.,420,585.0,245700.0,2025-08-07 14:33:19.362406
2025-08-07,22071,2025080705024295,MKJC,Vision Securities Pvt. Ltd,Dipshikha Dhitopatra Karobar Co. Pvt Ltd.,80,585.0,46800.0,2025-08-07 14:33:21.547650
2025-08-07,22070,2025080705024296,MKJC,Vision Securities Pvt. Ltd,Dipshikha Dhitopatra Karobar Co. Pvt Ltd.,50,585.0,29250.0,2025-08-07 14:33:21.547955
2025-08-07,22069,2025080705024297,MKJC,Aryatara Investment & Securities,Dipshikha Dhitopatra Karobar Co. Pvt Ltd.,50,585.0,29250.0,2025-08-07 14:33:21.548137
2025-08-07,22068,2025080705024298,MKJC,Imperial Securities Company Pvt. Ltd.,Dipshikha Dhitopatra Karobar Co. Pvt Ltd.,100,585.0,58500.0,2025-08-07 14:33:21.548351
2025-08-07,21924,2025080705024331,MKJC,Imperial Securities Company Pvt. Ltd.,Property Wiard Limited,500,585.0,292500.0,2025-08-07 14:33:39.421930
2025-08-07,21381,2025080705024438,MKJC,Midas Stock Broking Company Private Limited,Agrawal Securities (PVT) Ltd.,100,585.0,58500.0,2025-08-07 14:34:36.450303
2025-08-07,21380,2025080705024439,MKJC,Kumari Securities Private Limited,Agrawal Securities (PVT) Ltd.,10,584.1,5841.0,2025-08-07 14:34:36.450443
2025-08-07,21379,2025080705024440,MKJC,Indira securities pvt. ltd,Agrawal Securities (PVT) Ltd.,10,584.0,5840.0,2025-08-07 14:34:36.450521
2025-08-07,21378,2025080705024441,MKJC,Imperial Securities Company Pvt. Ltd.,Agrawal Securities (PVT) Ltd.,85,584.0,49640.0,2025-08-07 14:34:36.450589
2025-08-07,21182,2025080705024486,MKJC,Kohinoor Investment & Securities Pvt. Ltd.,Imperial Securities Company Pvt. Ltd.,50,585.0,29250.0,2025-08-07 14:35:04.072900
2025-08-07,21181,2025080705024487,MKJC,Imperial Securities Company Pvt. Ltd.,Imperial Securities Company Pvt. Ltd.,15,584.0,8760.0,2025-08-07 14:35:04.073211
2025-08-07,21180,2025080705024488,MKJC,Naasa Securities Co. Ltd.,Imperial Securities Company Pvt. Ltd.,535,584.0,312440.0,2025-08-07 14:35:04.073427
2025-08-07,21140,2025080705024502,MKJC,Naasa Securities Co. Ltd.,Dipshikha Dhitopatra Karobar Co. Pvt Ltd.,315,584.0,183960.0,2025-08-07 14:35:10.456575
2025-08-07,21139,2025080705024503,MKJC,Kumari Securities Private Limited,Dipshikha Dhitopatra Karobar Co. Pvt Ltd.,10,583.8,5838.0,2025-08-07 14:35:10.456899
2025-08-07,21138,2025080705024504,MKJC,Indira securities pvt. ltd,Dipshikha Dhitopatra Karobar Co. Pvt Ltd.,1000,583.8,583800.0,2025-08-07 14:35:10.457104
2025-08-07,21137,2025080705024505,MKJC,Infinity Securities Limited,Dipshikha Dhitopatra Karobar Co. Pvt Ltd.,30,583.7,17511.0,2025-08-07 14:35:10.457304
2025-08-07,21136,2025080705024506,MKJC,Kumari Securities Private Limited,Dipshikha Dhitopatra Karobar Co. Pvt Ltd.,10,583.2,5832.0,2025-08-07 14:35:10.457509
2025-08-07,21135,2025080705024507,MKJC,Magnet Securities and Investment Company Private Limited,Dipshikha Dhitopatra Karobar Co. Pvt Ltd.,100,583.1,58310.0,2025-08-07 14:35:10.457706
2025-08-07,21134,2025080705024508,MKJC,Neev Securities Pvt. Ltd.,Dipshikha Dhitopatra Karobar Co. Pvt Ltd.,100,583.1,58310.0,2025-08-07 14:35:10.457902
2025-08-07,21046,2025080705024528,MKJC,Dipshikha Dhitopatra Karobar Co. Pvt Ltd.,Property Wiard Limited,50,582.1,29105.0,2025-08-07 14:35:22.718587
2025-08-07,21045,2025080705024529,MKJC,Premier Securities Company Ltd.,Property Wiard Limited,330,582.0,192060.0,2025-08-07 14:35:22.718906
2025-08-07,20976,2025080705024546,MKJC,Property Wiard Limited,Elite Stock House Limited,400,583.0,233200.0,2025-08-07 14:35:32.243900
2025-08-07,20975,2025080705024547,MKJC,Premier Securities Company Ltd.,Elite Stock House Limited,120,582.0,69840.0,2025-08-07 14:35:32.244053
2025-08-07,20974,2025080705024548,MKJC,Bhrikuti Stock Broking Co. Pvt. Ltd.,Elite Stock House Limited,50,582.0,29100.0,2025-08-07 14:35:32.244132
2025-08-07,20973,2025080705024549,MKJC,Indira securities pvt. ltd,Elite Stock House Limited,200,581.7,116340.0,2025-08-07 14:35:32.244216
2025-08-07,20972,2025080705024550,MKJC,ABC Securities Private Limited,Elite Stock House Limited,230,581.5,133745.0,2025-08-07 14:35:32.244292
2025-08-07,20341,2025080705024734,MKJC,SUN SECURITIES PVT LTD,Midas Stock Broking Company Private Limited,10,588.0,5880.0,2025-08-07 14:36:47.992294
2025-08-07,20192,2025080705024794,MKJC,Sani Securities Company Ltd.,Sani Securities Company Ltd.,10,582.0,5820.0,2025-08-07 14:37:08.028084
2025-08-07,20191,2025080705024795,MKJC,Nepal Stock House (PVT) Ltd.,Sani Securities Company Ltd.,20,582.0,11640.0,2025-08-07 14:37:08.028443
2025-08-07,20173,2025080705024805,MKJC,Sri Hari Securities Pvt. Ltd.,Sani Securities Company Ltd.,100,582.0,58200.0,2025-08-07 14:37:09.233385
2025-08-07,20130,2025080705024825,MKJC,Online Securities Pvt. Ltd.,Sani Securities Company Ltd.,50,582.0,29100.0,2025-08-07 14:37:15.053179
2025-08-07,20104,2025080705024834,MKJC,Kohinoor Investment & Securities Pvt. Ltd.,Sani Securities Company Ltd.,20,582.0,11640.0,2025-08-07 14:37:17.591945
2025-08-07,20093,2025080705024842,MKJC,Indira securities pvt. ltd,Midas Stock Broking Company Private Limited,20,588.0,11760.0,2025-08-07 14:37:19.820896
2025-08-07,19818,2025080705024929,MKJC,BHOLE GANESH SECURITIES LTD,Dipshikha Dhitopatra Karobar Co. Pvt Ltd.,500,583.0,291500.0,2025-08-07 14:37:53.578530
2025-08-07,19692,2025080705024970,MKJC,Kohinoor Investment & Securities Pvt. Ltd.,Vision Securities Pvt. Ltd,30,582.0,17460.0,2025-08-07 14:38:07.083281
2025-08-07,19691,2025080705024971,MKJC,Sri Hari Securities Pvt. Ltd.,Vision Securities Pvt. Ltd,100,582.0,58200.0,2025-08-07 14:38:07.083482
2025-08-07,18919,2025080705025259,MKJC,Arun Securities (PVT) Ltd.,Dipshikha Dhitopatra Karobar Co. Pvt Ltd.,700,582.1,407470.0,2025-08-07 14:39:32.438949
2025-08-07,18918,2025080705025260,MKJC,South Asian Bulls Pvt. Ltd.,Dipshikha Dhitopatra Karobar Co. Pvt Ltd.,100,582.0,58200.0,2025-08-07 14:39:32.439125
2025-08-07,18917,2025080705025261,MKJC,Trishakti Securities Public Limited,Dipshikha Dhitopatra Karobar Co. Pvt Ltd.,500,582.0,291000.0,2025-08-07 14:39:32.439216
2025-08-07,18903,2025080705025266,MKJC,Dipshikha Dhitopatra Karobar Co. Pvt Ltd.,Dipshikha Dhitopatra Karobar Co. Pvt Ltd.,350,582.0,203700.0,2025-08-07 14:39:34.470133
2025-08-07,18856,2025080705025287,MKJC,Online Securities Pvt. Ltd.,Imperial Securities Company Pvt. Ltd.,100,581.9,58190.0,2025-08-07 14:39:39.180173
2025-08-07,18855,2025080705025288,MKJC,Kumari Securities Private Limited,Imperial Securities Company Pvt. Ltd.,10,581.8,5818.0,2025-08-07 14:39:39.180217
2025-08-07,18854,2025080705025289,MKJC,Market Securities & Exchange (PVT) Ltd.,Imperial Securities Company Pvt. Ltd.,50,581.7,29085.0,2025-08-07 14:39:39.180246
2025-08-07,18853,2025080705025290,MKJC,ABC Securities Private Limited,Imperial Securities Company Pvt. Ltd.,165,581.5,95947.5,2025-08-07 14:39:39.180273
2025-08-07,18828,2025080705025300,MKJC,ABC Securities Private Limited,Sri Hari Securities Pvt. Ltd.,105,581.5,61057.5,2025-08-07 14:39:42.307581
2025-08-07,18827,2025080705025301,MKJC,Kumari Securities Private Limited,Sri Hari Securities Pvt. Ltd.,10,581.3,5813.0,2025-08-07 14:39:42.307782
2025-08-07,18826,2025080705025302,MKJC,Imperial Securities Company Pvt. Ltd.,Sri Hari Securities Pvt. Ltd.,200,581.3,116260.0,2025-08-07 14:39:42.307864
2025-08-07,18825,2025080705025303,MKJC,Sharepro Securities Private Limited,Sri Hari Securities Pvt. Ltd.,215,581.0,124915.0,2025-08-07 14:39:42.307947
2025-08-07,18823,2025080705025305,MKJC,Dipshikha Dhitopatra Karobar Co. Pvt Ltd.,Dipshikha Dhitopatra Karobar Co. Pvt Ltd.,150,582.0,87300.0,2025-08-07 14:39:42.644071
2025-08-07,18530,2025080705025409,MKJC,SUN SECURITIES PVT LTD,South Asian Bulls Pvt. Ltd.,10,587.9,5879.0,2025-08-07 14:40:14.757769
2025-08-07,18339,2025080705025493,MKJC,BHOLE GANESH SECURITIES LTD,Dipshikha Dhitopatra Karobar Co. Pvt Ltd.,500,582.0,291000.0,2025-08-07 14:40:32.015026
2025-08-07,18338,2025080705025494,MKJC,Sharepro Securities Private Limited,Dipshikha Dhitopatra Karobar Co. Pvt Ltd.,285,581.0,165585.0,2025-08-07 14:40:32.015216
2025-08-07,18337,2025080705025495,MKJC,Naasa Securities Co. Ltd.,Dipshikha Dhitopatra Karobar Co. Pvt Ltd.,500,581.0,290500.0,2025-08-07 14:40:32.015291
2025-08-07,18336,2025080705025496,MKJC,Trishakti Securities Public Limited,Dipshikha Dhitopatra Karobar Co. Pvt Ltd.,4570,581.0,2655170.0,2025-08-07 14:40:32.015374
2025-08-07,18041,2025080705025570,MKJC,Online Securities Pvt. Ltd.,Secured Securities Ltd.,15,582.0,8730.0,2025-08-07 14:41:06.273703
2025-08-07,18040,2025080705025571,MKJC,Trishakti Securities Public Limited,Secured Securities Ltd.,430,581.0,249830.0,2025-08-07 14:41:06.273754
2025-08-07,18039,2025080705025572,MKJC,Kumari Securities Private Limited,Secured Securities Ltd.,10,580.8,5808.0,2025-08-07 14:41:06.273785
2025-08-07,18038,2025080705025573,MKJC,Asian Securities Private Ltd.,Secured Securities Ltd.,50,580.5,29025.0,2025-08-07 14:41:06.273816
2025-08-07,18037,2025080705025574,MKJC,Kumari Securities Private Limited,Secured Securities Ltd.,10,580.2,5802.0,2025-08-07 14:41:06.273843
2025-08-07,18036,2025080705025575,MKJC,Sri Hari Securities Pvt. Ltd.,Secured Securities Ltd.,405,580.1,234940.5,2025-08-07 14:41:06.273868
2025-08-07,17712,2025080705025685,MKJC,Naasa Securities Co. Ltd.,Vision Securities Pvt. Ltd,10,583.0,5830.0,2025-08-07 14:41:40.968785
2025-08-07,16996,2025080705026003,MKJC,Indira securities pvt. ltd,SHUBHAKAMANA SECURITIES PVT. LTD,1000,583.1,583100.0,2025-08-07 14:42:56.045068
2025-08-07,16995,2025080705026004,MKJC,Indira securities pvt. ltd,SHUBHAKAMANA SECURITIES PVT. LTD,100,583.1,58310.0,2025-08-07 14:42:56.045163
2025-08-07,16994,2025080705026005,MKJC,Naasa Securities Co. Ltd.,SHUBHAKAMANA SECURITIES PVT. LTD,17,583.0,9911.0,2025-08-07 14:42:56.045192
2025-08-07,16993,2025080705026006,MKJC,Malla & Malla Stock Broking Company Pvt. Limited,SHUBHAKAMANA SECURITIES PVT. LTD,500,583.0,291500.0,2025-08-07 14:42:56.045216
2025-08-07,16992,2025080705026007,MKJC,Siprabi Securities Pvt. Ltd.,SHUBHAKAMANA SECURITIES PVT. LTD,50,581.4,29070.0,2025-08-07 14:42:56.045244
2025-08-07,16991,2025080705026008,MKJC,J.F. Securites (PVT) Ltd.,SHUBHAKAMANA SECURITIES PVT. LTD,500,581.4,290700.0,2025-08-07 14:42:56.045272
2025-08-07,16990,2025080705026009,MKJC,Imperial Securities Company Pvt. Ltd.,SHUBHAKAMANA SECURITIES PVT. LTD,100,581.3,58130.0,2025-08-07 14:42:56.045298
2025-08-07,16989,2025080705026010,MKJC,Indira securities pvt. ltd,SHUBHAKAMANA SECURITIES PVT. LTD,100,581.2,58120.0,2025-08-07 14:42:56.045332
2025-08-07,16988,2025080705026011,MKJC,Neev Securities Pvt. Ltd.,SHUBHAKAMANA SECURITIES PVT. LTD,295,581.1,171424.5,2025-08-07 14:42:56.045357
2025-08-07,16402,2025080705026155,MKJC,J.F. Securites (PVT) Ltd.,Secured Securities Ltd.,80,584.0,46720.0,2025-08-07 14:43:48.318102
2025-08-07,16401,2025080705026156,MKJC,Midas Stock Broking Company Private Limited,Secured Securities Ltd.,50,583.3,29165.0,2025-08-07 14:43:48.318195
2025-08-07,16400,2025080705026157,MKJC,Kumari Securities Private Limited,Secured Securities Ltd.,10,581.3,5813.0,2025-08-07 14:43:48.318277
2025-08-07,16399,2025080705026158,MKJC,Aryatara Investment & Securities,Secured Securities Ltd.,160,581.3,93008.0,2025-08-07 14:43:48.318384
2025-08-07,16044,2025080705026309,MKJC,Infinity Securities Limited,South Asian Bulls Pvt. Ltd.,300,583.3,174990.0,2025-08-07 14:44:22.759293
2025-08-07,15926,2025080705026358,MKJC,ABC Securities Private Limited,South Asian Bulls Pvt. Ltd.,150,583.0,87450.0,2025-08-07 14:44:34.702370
2025-08-07,15249,2025080705026612,MKJC,Indira securities pvt. ltd,Naasa Securities Co. Ltd.,100,581.4,58140.0,2025-08-07 14:45:32.281060
2025-08-07,15248,2025080705026613,MKJC,Aryatara Investment & Securities,Naasa Securities Co. Ltd.,340,581.3,197642.0,2025-08-07 14:45:32.281240
2025-08-07,15247,2025080705026614,MKJC,Siprabi Securities Pvt. Ltd.,Naasa Securities Co. Ltd.,15,581.2,8718.0,2025-08-07 14:45:32.281368
2025-08-07,15246,2025080705026615,MKJC,Neev Securities Pvt. Ltd.,Naasa Securities Co. Ltd.,205,581.1,119125.5,2025-08-07 14:45:32.281436
2025-08-07,15245,2025080705026616,MKJC,Dipshikha Dhitopatra Karobar Co. Pvt Ltd.,Naasa Securities Co. Ltd.,340,581.0,197540.0,2025-08-07 14:45:32.281509
2025-08-07,14594,2025080705026790,MKJC,Indira securities pvt. ltd,Vision Securities Pvt. Ltd,100,581.1,58110.0,2025-08-07 14:46:36.190234
2025-08-07,14593,2025080705026791,MKJC,Dipshikha Dhitopatra Karobar Co. Pvt Ltd.,Vision Securities Pvt. Ltd,160,581.0,92960.0,2025-08-07 14:46:36.190434
2025-08-07,14592,2025080705026792,MKJC,Imperial Securities Company Pvt. Ltd.,Vision Securities Pvt. Ltd,200,581.0,116200.0,2025-08-07 14:46:36.190507
2025-08-07,14591,2025080705026793,MKJC,Imperial Securities Company Pvt. Ltd.,Vision Securities Pvt. Ltd,140,581.0,81340.0,2025-08-07 14:46:36.190577
2025-08-07,14575,2025080705026798,MKJC,Imperial Securities Company Pvt. Ltd.,Capital Max Securities Ltd,160,581.0,92960.0,2025-08-07 14:46:38.920898
2025-08-07,14504,2025080705026815,MKJC,Kumari Securities Private Limited,South Asian Bulls Pvt. Ltd.,40,583.0,23320.0,2025-08-07 14:46:46.056624
2025-08-07,14317,2025080705026862,MKJC,Kumari Securities Private Limited,Vision Securities Pvt. Ltd,60,583.2,34992.0,2025-08-07 14:47:01.524165
2025-08-07,14080,2025080705026934,MKJC,Indira securities pvt. ltd,Vision Securities Pvt. Ltd,14,583.0,8162.0,2025-08-07 14:47:25.665339
2025-08-07,14079,2025080705026935,MKJC,Indira securities pvt. ltd,Vision Securities Pvt. Ltd,20,584.1,11682.0,2025-08-07 14:47:25.665379
2025-08-07,13120,2025080705027222,MKJC,Sani Securities Company Ltd.,Vision Securities Pvt. Ltd,10,584.5,5845.0,2025-08-07 14:48:59.732834
2025-08-07,12722,2025080705027304,MKJC,Trishakti Securities Public Limited,Dynamic Money Managers Securities Pvt. Ltd.,300,583.0,174900.0,2025-08-07 14:49:26.858619
2025-08-07,12721,2025080705027305,MKJC,Online Securities Pvt. Ltd.,Dynamic Money Managers Securities Pvt. Ltd.,200,582.1,116420.0,2025-08-07 14:49:26.858825
2025-08-07,12705,2025080705027308,MKJC,Online Securities Pvt. Ltd.,Vision Securities Pvt. Ltd,275,582.1,160077.5,2025-08-07 14:49:28.727433
2025-08-07,12704,2025080705027309,MKJC,Midas Stock Broking Company Private Limited,Vision Securities Pvt. Ltd,50,582.0,29100.0,2025-08-07 14:49:28.727496
2025-08-07,12703,2025080705027310,MKJC,Indira securities pvt. ltd,Vision Securities Pvt. Ltd,100,582.0,58200.0,2025-08-07 14:49:28.727525
2025-08-07,12702,2025080705027311,MKJC,ABC Securities Private Limited,Vision Securities Pvt. Ltd,75,582.0,43650.0,2025-08-07 14:49:28.727570
2025-08-07,12605,2025080705027346,MKJC,ABC Securities Private Limited,Roadshow securities limited,100,582.0,58200.0,2025-08-07 14:49:38.387410
2025-08-07,12585,2025080705027355,MKJC,ABC Securities Private Limited,Vision Securities Pvt. Ltd,25,582.0,14550.0,2025-08-07 14:49:40.922112
2025-08-07,12476,2025080705027424,MKJC,Vision Securities Pvt. Ltd,Roadshow securities limited,50,581.1,29055.0,2025-08-07 14:49:46.410604
2025-08-07,12475,2025080705027425,MKJC,Indira securities pvt. ltd,Roadshow securities limited,50,581.1,29055.0,2025-08-07 14:49:46.410770
2025-08-07,12362,2025080705027455,MKJC,Dakshinkali Investment & Securities Pvt. Ltd.,Vision Securities Pvt. Ltd,100,582.0,58200.0,2025-08-07 14:49:55.106577
2025-08-07,12360,2025080705027457,MKJC,Indira securities pvt. ltd,Vision Securities Pvt. Ltd,25,582.0,14550.0,2025-08-07 14:49:55.126411
2025-08-07,12359,2025080705027458,MKJC,Indira securities pvt. ltd,Asian Securities Private Ltd.,100,584.0,58400.0,2025-08-07 14:49:55.126512
2025-08-07,12103,2025080705027529,MKJC,Indira securities pvt. ltd,Malla & Malla Stock Broking Company Pvt. Limited,50,581.1,29055.0,2025-08-07 14:50:16.621002
2025-08-07,12102,2025080705027530,MKJC,Imperial Securities Company Pvt. Ltd.,Malla & Malla Stock Broking Company Pvt. Limited,45,581.0,26145.0,2025-08-07 14:50:16.621175
2025-08-07,12101,2025080705027531,MKJC,ABC Securities Private Limited,Malla & Malla Stock Broking Company Pvt. Limited,50,581.0,29050.0,2025-08-07 14:50:16.621245
2025-08-07,12100,2025080705027532,MKJC,Midas Stock Broking Company Private Limited,Malla & Malla Stock Broking Company Pvt. Limited,100,581.0,58100.0,2025-08-07 14:50:16.621328
2025-08-07,12099,2025080705027533,MKJC,Dakshinkali Investment & Securities Pvt. Ltd.,Malla & Malla Stock Broking Company Pvt. Limited,100,580.4,58040.0,2025-08-07 14:50:16.621416
2025-08-07,12098,2025080705027534,MKJC,Neev Securities Pvt. Ltd.,Malla & Malla Stock Broking Company Pvt. Limited,20,580.4,11608.0,2025-08-07 14:50:16.621492
2025-08-07,12097,2025080705027535,MKJC,Kumari Securities Private Limited,Malla & Malla Stock Broking Company Pvt. Limited,10,580.3,5803.0,2025-08-07 14:50:16.621568
2025-08-07,12096,2025080705027536,MKJC,Property Wiard Limited,Malla & Malla Stock Broking Company Pvt. Limited,125,580.3,72537.5,2025-08-07 14:50:16.621637
2025-08-07,11490,2025080705027753,MKJC,Sewa Securities Pvt. Ltd.,Deevyaa Securities & Stock House Pvt. Ltd,10,580.4,5804.0,2025-08-07 14:51:09.048790
2025-08-07,11274,2025080705027830,MKJC,Trishakti Securities Public Limited,Sri Hari Securities Pvt. Ltd.,1000,581.0,581000.0,2025-08-07 14:51:23.373749
2025-08-07,10249,2025080705028144,MKJC,Indira securities pvt. ltd,Vision Securities Pvt. Ltd,200,583.0,116600.0,2025-08-07 14:52:30.541100
2025-08-07,10248,2025080705028145,MKJC,Indira securities pvt. ltd,Linch Stock Market Ltd.,10,583.8,5838.0,2025-08-07 14:52:30.541141
2025-08-07,8677,2025080705028635,MKJC,Sri Hari Securities Pvt. Ltd.,Asian Securities Private Ltd.,685,583.0,399355.0,2025-08-07 14:54:14.758773
2025-08-07,7763,2025080705028981,MKJC,Indira securities pvt. ltd,Midas Stock Broking Company Private Limited,100,582.3,58230.0,2025-08-07 14:55:08.377056
2025-08-07,7762,2025080705028982,MKJC,Infinity Securities Limited,Midas Stock Broking Company Private Limited,500,582.2,291100.0,2025-08-07 14:55:08.377246
2025-08-07,7761,2025080705028983,MKJC,Indira securities pvt. ltd,Midas Stock Broking Company Private Limited,100,582.1,58210.0,2025-08-07 14:55:08.377337
2025-08-07,7760,2025080705028984,MKJC,Online Securities Pvt. Ltd.,Midas Stock Broking Company Private Limited,175,582.0,101850.0,2025-08-07 14:55:08.377414
2025-08-07,7717,2025080705029006,MKJC,Imperial Securities Company Pvt. Ltd.,Midas Stock Broking Company Private Limited,90,582.0,52380.0,2025-08-07 14:55:11.331038
2025-08-07,7689,2025080705029016,MKJC,Infinity Securities Limited,Midas Stock Broking Company Private Limited,35,582.0,20370.0,2025-08-07 14:55:14.204338
2025-08-07,7688,2025080705029017,MKJC,Infinity Securities Limited,Asian Securities Private Ltd.,315,583.0,183645.0,2025-08-07 14:55:14.204674
2025-08-07,7520,2025080705029083,MKJC,Capital Hub P. Ltd,Linch Stock Market Ltd.,500,583.8,291900.0,2025-08-07 14:55:22.348204
2025-08-07,7397,2025080705029119,MKJC,Infinity Securities Limited,Asian Securities Private Ltd.,650,583.0,378950.0,2025-08-07 14:55:29.629539
2025-08-07,7261,2025080705029178,MKJC,Ashutosh Brokerage & Securities (PVT) Ltd.,Asian Securities Private Ltd.,150,583.0,87450.0,2025-08-07 14:55:36.372957
2025-08-07,7251,2025080705029180,MKJC,Asian Securities Private Ltd.,Asian Securities Private Ltd.,50,583.0,29150.0,2025-08-07 14:55:36.687289
2025-08-07,6647,2025080705029402,MKJC,ABC Securities Private Limited,Dynamic Money Managers Securities Pvt. Ltd.,200,582.0,116400.0,2025-08-07 14:56:06.778344
2025-08-07,6646,2025080705029403,MKJC,KALASH STOCK MARKET PVT. LTD.,Dynamic Money Managers Securities Pvt. Ltd.,150,582.0,87300.0,2025-08-07 14:56:06.778530
2025-08-07,6645,2025080705029404,MKJC,Sri Hari Securities Pvt. Ltd.,Dynamic Money Managers Securities Pvt. Ltd.,150,582.0,87300.0,2025-08-07 14:56:06.778611
2025-08-07,6554,2025080705029449,MKJC,Sri Hari Securities Pvt. Ltd.,Sani Securities Company Ltd.,50,582.0,29100.0,2025-08-07 14:56:11.999536
2025-08-07,6475,2025080705029472,MKJC,Sri Hari Securities Pvt. Ltd.,Trishakti Securities Public Limited,110,582.0,64020.0,2025-08-07 14:56:14.694685
2025-08-07,6330,2025080705029516,MKJC,Sri Hari Securities Pvt. Ltd.,Secured Securities Ltd.,190,582.0,110580.0,2025-08-07 14:56:21.755825
2025-08-07,6300,2025080705029526,MKJC,ABC Securities Private Limited,Secured Securities Ltd.,150,582.0,87300.0,2025-08-07 14:56:23.407415
2025-08-07,6206,2025080705029543,MKJC,Indira securities pvt. ltd,Linch Stock Market Ltd.,100,581.7,58170.0,2025-08-07 14:56:29.112588
2025-08-07,6185,2025080705029554,MKJC,Kumari Securities Private Limited,Linch Stock Market Ltd.,400,581.7,232680.0,2025-08-07 14:56:30.401277
2025-08-07,6184,2025080705029555,MKJC,Kumari Securities Private Limited,Secured Securities Ltd.,100,582.0,58200.0,2025-08-07 14:56:30.401477
2025-08-07,5894,2025080705029660,MKJC,Imperial Securities Company Pvt. Ltd.,Trishakti Securities Public Limited,10,581.6,5816.0,2025-08-07 14:56:45.095499
2025-08-07,5880,2025080705029663,MKJC,Imperial Securities Company Pvt. Ltd.,Asian Securities Private Ltd.,50,581.6,29080.0,2025-08-07 14:56:45.455682
2025-08-07,5180,2025080705029938,MKJC,ABC Securities Private Limited,Indira securities pvt. ltd,200,581.5,116300.0,2025-08-07 14:57:20.602547
2025-08-07,5179,2025080705029939,MKJC,Sri Hari Securities Pvt. Ltd.,Indira securities pvt. ltd,500,581.1,290550.0,2025-08-07 14:57:20.602598
2025-08-07,5178,2025080705029940,MKJC,Nepal Stock House (PVT) Ltd.,Indira securities pvt. ltd,100,581.1,58110.0,2025-08-07 14:57:20.602627
2025-08-07,5177,2025080705029941,MKJC,Vision Securities Pvt. Ltd,Indira securities pvt. ltd,100,581.0,58100.0,2025-08-07 14:57:20.602657
2025-08-07,5176,2025080705029942,MKJC,Sri Hari Securities Pvt. Ltd.,Indira securities pvt. ltd,1595,581.0,926695.0,2025-08-07 14:57:20.602685
2025-08-07,5175,2025080705029943,MKJC,Kumari Securities Private Limited,Indira securities pvt. ltd,500,581.0,290500.0,2025-08-07 14:57:20.602739
2025-08-07,4743,2025080705030071,MKJC,Online Securities Pvt. Ltd.,Secured Securities Ltd.,100,582.0,58200.0,2025-08-07 14:57:40.731135
2025-08-07,4644,2025080705030105,MKJC,Indira securities pvt. ltd,Sweta Securities Private Limited,100,581.7,58170.0,2025-08-07 14:57:46.028985
2025-08-07,4643,2025080705030106,MKJC,Imperial Securities Company Pvt. Ltd.,Sweta Securities Private Limited,514,581.1,298685.4,2025-08-07 14:57:46.029171
2025-08-07,4598,2025080705030123,MKJC,Imperial Securities Company Pvt. Ltd.,Asian Securities Private Ltd.,276,581.1,160383.6,2025-08-07 14:57:49.073743
2025-08-07,4597,2025080705030124,MKJC,Naasa Securities Co. Ltd.,Asian Securities Private Ltd.,350,581.0,203350.0,2025-08-07 14:57:49.073947
2025-08-07,4596,2025080705030125,MKJC,Premier Securities Company Ltd.,Asian Securities Private Ltd.,200,581.0,116200.0,2025-08-07 14:57:49.074060
2025-08-07,4595,2025080705030126,MKJC,Midas Stock Broking Company Private Limited,Asian Securities Private Ltd.,50,581.0,29050.0,2025-08-07 14:57:49.074156
2025-08-07,4013,2025080705030428,MKJC,Sewa Securities Pvt. Ltd.,Dipshikha Dhitopatra Karobar Co. Pvt Ltd.,150,580.6,87090.0,2025-08-07 14:58:05.560420
2025-08-07,4012,2025080705030429,MKJC,Sewa Securities Pvt. Ltd.,Dipshikha Dhitopatra Karobar Co. Pvt Ltd.,200,580.5,116100.0,2025-08-07 14:58:05.560761
2025-08-07,4011,2025080705030430,MKJC,Property Wiard Limited,Dipshikha Dhitopatra Karobar Co. Pvt Ltd.,375,580.3,217612.5,2025-08-07 14:58:05.560997
2025-08-07,4010,2025080705030431,MKJC,Sani Securities Company Ltd.,Dipshikha Dhitopatra Karobar Co. Pvt Ltd.,500,580.1,290050.0,2025-08-07 14:58:05.561240
2025-08-07,4008,2025080705030432,MKJC,J.F. Securites (PVT) Ltd.,Dipshikha Dhitopatra Karobar Co. Pvt Ltd.,25,580.1,14502.5,2025-08-07 14:58:05.561475
2025-08-07,4006,2025080705030433,MKJC,Dakshinkali Investment & Securities Pvt. Ltd.,Dipshikha Dhitopatra Karobar Co. Pvt Ltd.,500,580.1,290050.0,2025-08-07 14:58:05.561681
2025-08-07,4003,2025080705030434,MKJC,S.P.S.A. Securities Limited,Dipshikha Dhitopatra Karobar Co. Pvt Ltd.,200,580.0,116000.0,2025-08-07 14:58:05.561890
2025-08-07,4000,2025080705030435,MKJC,Naasa Securities Co. Ltd.,Dipshikha Dhitopatra Karobar Co. Pvt Ltd.,50,580.0,29000.0,2025-08-07 14:58:05.562100
2025-08-07,3998,2025080705030436,MKJC,Indira securities pvt. ltd,Dipshikha Dhitopatra Karobar Co. Pvt Ltd.,200,580.0,116000.0,2025-08-07 14:58:05.562330
2025-08-07,3997,2025080705030437,MKJC,Indira securities pvt. ltd,Dipshikha Dhitopatra Karobar Co. Pvt Ltd.,200,580.0,116000.0,2025-08-07 14:58:05.562531
2025-08-07,3897,2025080705030464,MKJC,Indira securities pvt. ltd,Indira securities pvt. ltd,600,580.0,348000.0,2025-08-07 14:58:09.777955
2025-08-07,3896,2025080705030465,MKJC,Swarna Laxmi Securities Pvt. Ltd.,Indira securities pvt. ltd,400,580.0,232000.0,2025-08-07 14:58:09.778001
2025-08-07,3860,2025080705030486,MKJC,Swarna Laxmi Securities Pvt. Ltd.,Deevyaa Securities & Stock House Pvt. Ltd,600,580.0,348000.0,2025-08-07 14:58:11.288237
2025-08-07,3859,2025080705030487,MKJC,Sharepro Securities Private Limited,Deevyaa Securities & Stock House Pvt. Ltd,400,580.0,232000.0,2025-08-07 14:58:11.288412
2025-08-07,3802,2025080705030504,MKJC,Sharepro Securities Private Limited,Asian Securities Private Ltd.,100,580.0,58000.0,2025-08-07 14:58:14.289890
2025-08-07,3801,2025080705030505,MKJC,Aryatara Investment & Securities,Asian Securities Private Ltd.,20,580.0,11600.0,2025-08-07 14:58:14.290054
2025-08-07,3800,2025080705030506,MKJC,Nepal Stock House (PVT) Ltd.,Asian Securities Private Ltd.,100,580.0,58000.0,2025-08-07 14:58:14.290127
2025-08-07,3799,2025080705030507,MKJC,Asian Securities Private Ltd.,Asian Securities Private Ltd.,50,580.0,29000.0,2025-08-07 14:58:14.290196
2025-08-07,3798,2025080705030508,MKJC,Imperial Securities Company Pvt. Ltd.,Asian Securities Private Ltd.,500,580.0,290000.0,2025-08-07 14:58:14.290261
2025-08-07,3797,2025080705030509,MKJC,Naasa Securities Co. Ltd.,Asian Securities Private Ltd.,70,580.0,40600.0,2025-08-07 14:58:14.290332
2025-08-07,3796,2025080705030510,MKJC,Dipshikha Dhitopatra Karobar Co. Pvt Ltd.,Asian Securities Private Ltd.,50,580.0,29000.0,2025-08-07 14:58:14.290399
2025-08-07,3795,2025080705030511,MKJC,Sani Securities Company Ltd.,Asian Securities Private Ltd.,50,580.0,29000.0,2025-08-07 14:58:14.290465
2025-08-07,3794,2025080705030512,MKJC,Sewa Securities Pvt. Ltd.,Asian Securities Private Ltd.,60,580.0,34800.0,2025-08-07 14:58:14.290532
2025-08-07,3782,2025080705030513,MKJC,Sewa Securities Pvt. Ltd.,J.F. Securites (PVT) Ltd.,140,580.0,81200.0,2025-08-07 14:58:14.614921
2025-08-07,3781,2025080705030514,MKJC,Malla & Malla Stock Broking Company Pvt. Limited,J.F. Securites (PVT) Ltd.,500,580.0,290000.0,2025-08-07 14:58:14.615264
2025-08-07,3780,2025080705030515,MKJC,Agrawal Securities (PVT) Ltd.,J.F. Securites (PVT) Ltd.,1000,580.0,580000.0,2025-08-07 14:58:14.615525
2025-08-07,3779,2025080705030516,MKJC,Vision Securities Pvt. Ltd,J.F. Securites (PVT) Ltd.,50,580.0,29000.0,2025-08-07 14:58:14.615734
2025-08-07,3501,2025080705030600,MKJC,Dakshinkali Investment & Securities Pvt. Ltd.,Sweta Securities Private Limited,50,580.1,29005.0,2025-08-07 14:58:25.552898
2025-08-07,3500,2025080705030601,MKJC,Capital Max Securities Ltd,Sweta Securities Private Limited,50,580.0,29000.0,2025-08-07 14:58:25.553061
2025-08-07,3499,2025080705030602,MKJC,Naasa Securities Co. Ltd.,Sweta Securities Private Limited,100,580.0,58000.0,2025-08-07 14:58:25.553130
2025-08-07,3496,2025080705030603,MKJC,Indira securities pvt. ltd,Asian Securities Private Ltd.,124,581.0,72044.0,2025-08-07 14:58:25.821783
2025-08-07,3495,2025080705030604,MKJC,Indira securities pvt. ltd,Capital Max Securities Ltd,50,581.0,29050.0,2025-08-07 14:58:25.821830
2025-08-07,3494,2025080705030605,MKJC,Indira securities pvt. ltd,Indira securities pvt. ltd,300,581.6,174480.0,2025-08-07 14:58:25.821860
2025-08-07,3493,2025080705030606,MKJC,Indira securities pvt. ltd,Secured Securities Ltd.,1040,582.0,605280.0,2025-08-07 14:58:25.821903
2025-08-07,3492,2025080705030607,MKJC,Indira securities pvt. ltd,Imperial Securities Company Pvt. Ltd.,10,582.0,5820.0,2025-08-07 14:58:25.821929
2025-08-07,3491,2025080705030608,MKJC,Indira securities pvt. ltd,Premier Securities Company Ltd.,30,582.0,17460.0,2025-08-07 14:58:25.821956
2025-08-07,3490,2025080705030609,MKJC,Indira securities pvt. ltd,Sani Securities Company Ltd.,243,582.0,141426.0,2025-08-07 14:58:25.821977
2025-08-07,3489,2025080705030610,MKJC,Indira securities pvt. ltd,Linch Stock Market Ltd.,190,583.8,110922.0,2025-08-07 14:58:25.821999
2025-08-07,3488,2025080705030611,MKJC,Indira securities pvt. ltd,Aryatara Investment & Securities,200,584.0,116800.0,2025-08-07 14:58:25.822022
2025-08-07,3487,2025080705030612,MKJC,Indira securities pvt. ltd,Sani Securities Company Ltd.,50,584.0,29200.0,2025-08-07 14:58:25.822044
2025-08-07,3486,2025080705030613,MKJC,Indira securities pvt. ltd,South Asian Bulls Pvt. Ltd.,200,584.8,116960.0,2025-08-07 14:58:25.822076
2025-08-07,3485,2025080705030614,MKJC,Indira securities pvt. ltd,Imperial Securities Company Pvt. Ltd.,563,584.9,329298.7,2025-08-07 14:58:25.822106
2025-08-07,3382,2025080705030645,MKJC,Siprabi Securities Pvt. Ltd.,Linch Stock Market Ltd.,40,580.0,23200.0,2025-08-07 14:58:29.128715
2025-08-07,3027,2025080705030743,MKJC,Indira securities pvt. ltd,Linch Stock Market Ltd.,60,580.0,34800.0,2025-08-07 14:58:40.869829
2025-08-07,3026,2025080705030744,MKJC,Indira securities pvt. ltd,Aryatara Investment & Securities,50,582.0,29100.0,2025-08-07 14:58:40.869871
2025-08-07,3025,2025080705030745,MKJC,Indira securities pvt. ltd,Asian Securities Private Ltd.,190,584.0,110960.0,2025-08-07 14:58:40.869898
2025-08-07,2836,2025080705030812,MKJC,Naasa Securities Co. Ltd.,Agrawal Securities (PVT) Ltd.,100,581.0,58100.0,2025-08-07 14:58:47.858111
2025-08-07,2835,2025080705030813,MKJC,South Asian Bulls Pvt. Ltd.,Agrawal Securities (PVT) Ltd.,100,580.1,58010.0,2025-08-07 14:58:47.858283
2025-08-07,2834,2025080705030814,MKJC,Kumari Securities Private Limited,Agrawal Securities (PVT) Ltd.,10,579.9,5799.0,2025-08-07 14:58:47.858372
2025-08-07,2833,2025080705030815,MKJC,Sani Securities Company Ltd.,Agrawal Securities (PVT) Ltd.,100,579.0,57900.0,2025-08-07 14:58:47.858435
2025-08-07,2832,2025080705030816,MKJC,Premier Securities Company Ltd.,Agrawal Securities (PVT) Ltd.,50,579.0,28950.0,2025-08-07 14:58:47.858502
2025-08-07,2737,2025080705030846,MKJC,Indira securities pvt. ltd,Agrawal Securities (PVT) Ltd.,140,579.0,81060.0,2025-08-07 14:58:50.914731
2025-08-07,2736,2025080705030847,MKJC,Indira securities pvt. ltd,Asian Securities Private Ltd.,70,584.0,40880.0,2025-08-07 14:58:50.915084
2025-08-07,2644,2025080705030874,MKJC,Indira securities pvt. ltd,Oxford Securities Pvt. Ltd.,20,578.2,11564.0,2025-08-07 14:58:54.996674
2025-08-07,2643,2025080705030875,MKJC,J.F. Securites (PVT) Ltd.,Oxford Securities Pvt. Ltd.,25,578.1,14452.5,2025-08-07 14:58:54.996771
2025-08-07,2642,2025080705030876,MKJC,Oxford Securities Pvt. Ltd.,Oxford Securities Pvt. Ltd.,140,578.0,80920.0,2025-08-07 14:58:54.996794
2025-08-07,2641,2025080705030877,MKJC,Aryatara Investment & Securities,Oxford Securities Pvt. Ltd.,70,578.0,40460.0,2025-08-07 14:58:54.996815
2025-08-07,2640,2025080705030878,MKJC,Bhrikuti Stock Broking Co. Pvt. Ltd.,Oxford Securities Pvt. Ltd.,50,578.0,28900.0,2025-08-07 14:58:54.996837
2025-08-07,2639,2025080705030879,MKJC,INDEX SECURITIES LIMITED,Oxford Securities Pvt. Ltd.,200,577.0,115400.0,2025-08-07 14:58:54.996864
2025-08-07,2638,2025080705030880,MKJC,Citizens Share Broker Limited,Oxford Securities Pvt. Ltd.,30,577.0,17310.0,2025-08-07 14:58:54.996908
2025-08-07,2637,2025080705030881,MKJC,Magnet Securities and Investment Company Private Limited,Oxford Securities Pvt. Ltd.,105,577.0,60585.0,2025-08-07 14:58:54.996938
2025-08-07,2636,2025080705030882,MKJC,Sewa Securities Pvt. Ltd.,Oxford Securities Pvt. Ltd.,100,577.0,57700.0,2025-08-07 14:58:54.996968
2025-08-07,2635,2025080705030883,MKJC,Online Securities Pvt. Ltd.,Oxford Securities Pvt. Ltd.,260,577.0,150020.0,2025-08-07 14:58:54.997000
2025-08-07,2245,2025080705030978,MKJC,Sri Hari Securities Pvt. Ltd.,Asian Securities Private Ltd.,400,582.0,232800.0,2025-08-07 14:59:07.915015
2025-08-07,2244,2025080705030979,MKJC,Arun Securities (PVT) Ltd.,Asian Securities Private Ltd.,500,580.0,290000.0,2025-08-07 14:59:07.915164
2025-08-07,2243,2025080705030980,MKJC,Online Securities Pvt. Ltd.,Asian Securities Private Ltd.,1240,577.0,715480.0,2025-08-07 14:59:07.915229
2025-08-07,2241,2025080705030981,MKJC,Indira securities pvt. ltd,Asian Securities Private Ltd.,100,577.0,57700.0,2025-08-07 14:59:07.975418
2025-08-07,2091,2025080705031025,MKJC,Kumari Securities Private Limited,Asian Securities Private Ltd.,200,577.0,115400.0,2025-08-07 14:59:13.055212
2025-08-07,2004,2025080705031043,MKJC,Online Securities Pvt. Ltd.,Asian Securities Private Ltd.,50,577.0,28850.0,2025-08-07 14:59:15.092955
2025-08-07,1975,2025080705031050,MKJC,Capital Max Securities Ltd,Asian Securities Private Ltd.,10,577.0,5770.0,2025-08-07 14:59:15.582605
2025-08-07,715,2025080705031449,MKJC,Nepal Stock House (PVT) Ltd.,Premier Securities Company Ltd.,10,580.0,5800.0,2025-08-07 14:59:44.725555
2025-08-07,714,2025080705031450,MKJC,Nepal Stock House (PVT) Ltd.,Asian Securities Private Ltd.,10,580.0,5800.0,2025-08-07 14:59:44.725696
2025-08-07,234,2025080705031599,MKJC,Sundhara Securities Limited,Trisul Securities & Invt. Ltd.,100,578.2,57820.0,2025-08-07 14:59:54.919669
2025-08-07,42,2025080705031677,MKJC,Kohinoor Investment & Securities Pvt. Ltd.,Asian Securities Private Ltd.,20,580.0,11600.0,2025-08-07 14:59:59.052233
