Date,S.N.,Contract ID,Symbol,Buyer Broker,Seller Broker,volume,rate,amount,transaction_time
2025-08-07,95373,2025080701000223,NBL,Siprabi Securities Pvt. Ltd.,Trisul Securities & Invt. Ltd.,10,291.9,2919.0,2025-08-07 11:01:20.006321
2025-08-07,95035,2025080701000363,NBL,Linch Stock Market Ltd.,Trisul Securities & Invt. Ltd.,25,291.9,7297.5,2025-08-07 11:02:44.996848
2025-08-07,94963,2025080701000385,NBL,Miyo Securities Pvt Ltd,Trisul Securities & Invt. Ltd.,65,291.9,18973.5,2025-08-07 11:02:58.345712
2025-08-07,94962,2025080701000386,NBL,Miyo Securities Pvt Ltd,Sweta Securities Private Limited,285,292.0,83220.0,2025-08-07 11:02:58.345765
2025-08-07,94961,2025080701000387,NBL,Miyo Securities Pvt Ltd,Dynamic Money Managers Securities Pvt. Ltd.,500,292.0,146000.0,2025-08-07 11:02:58.345802
2025-08-07,94960,2025080701000388,NBL,Miyo Securities Pvt Ltd,Online Securities Pvt. Ltd.,50,292.0,14600.0,2025-08-07 11:02:58.345848
2025-08-07,94959,2025080701000389,NBL,Miyo Securities Pvt Ltd,Trisul Securities & Invt. Ltd.,100,292.0,29200.0,2025-08-07 11:02:58.345884
2025-08-07,94958,2025080701000390,NBL,Miyo Securities Pvt Ltd,Premier Securities Company Ltd.,200,292.0,58400.0,2025-08-07 11:02:58.345919
2025-08-07,93449,2025080701000975,NBL,Kohinoor Investment & Securities Pvt. Ltd.,Naasa Securities Co. Ltd.,10,288.1,2881.0,2025-08-07 11:08:16.491949
2025-08-07,92381,2025080701001293,NBL,Imperial Securities Company Pvt. Ltd.,Aryatara Investment & Securities,10,291.6,2916.0,2025-08-07 11:11:26.050111
2025-08-07,92190,2025080701001348,NBL,Sri Hari Securities Pvt. Ltd.,Shree Krishna Securities Ltd.,100,288.3,28830.0,2025-08-07 11:12:12.743152
2025-08-07,92189,2025080701001349,NBL,Dynamic Money Managers Securities Pvt. Ltd.,Shree Krishna Securities Ltd.,300,288.2,86460.0,2025-08-07 11:12:12.743373
2025-08-07,92188,2025080701001350,NBL,Kohinoor Investment & Securities Pvt. Ltd.,Shree Krishna Securities Ltd.,290,288.1,83549.0,2025-08-07 11:12:12.743500
2025-08-07,92187,2025080701001351,NBL,Trishakti Securities Public Limited,Shree Krishna Securities Ltd.,310,288.0,89280.0,2025-08-07 11:12:12.743615
2025-08-07,91932,2025080701001410,NBL,Siprabi Securities Pvt. Ltd.,Aryatara Investment & Securities,10,291.6,2916.0,2025-08-07 11:13:02.318227
2025-08-07,91200,2025080701001685,NBL,Online Securities Pvt. Ltd.,Trishakti Securities Public Limited,100,288.3,28830.0,2025-08-07 11:15:05.129829
2025-08-07,88015,2025080701002569,NBL,Creative Securities Pvt Ltd,Siprabi Securities Pvt. Ltd.,10,288.5,2885.0,2025-08-07 11:23:57.106861
2025-08-07,87481,2025080701002701,NBL,Creative Securities Pvt Ltd,Kumari Securities Private Limited,90,288.5,25965.0,2025-08-07 11:25:42.852459
2025-08-07,87480,2025080701002702,NBL,Sri Hari Securities Pvt. Ltd.,Kumari Securities Private Limited,20,288.1,5762.0,2025-08-07 11:25:42.852575
2025-08-07,87479,2025080701002703,NBL,Opal Securities Investment (PVT) Ltd.,Kumari Securities Private Limited,50,288.0,14400.0,2025-08-07 11:25:42.852629
2025-08-07,87331,2025080701002772,NBL,Online Securities Pvt. Ltd.,Kumari Securities Private Limited,25,287.1,7177.5,2025-08-07 11:26:14.059177
2025-08-07,87330,2025080701002773,NBL,Linch Stock Market Ltd.,Kumari Securities Private Limited,500,287.0,143500.0,2025-08-07 11:26:14.059308
2025-08-07,87329,2025080701002774,NBL,Sewa Securities Pvt. Ltd.,Kumari Securities Private Limited,20,287.0,5740.0,2025-08-07 11:26:14.059362
2025-08-07,86917,2025080701002899,NBL,Linch Stock Market Ltd.,Kumari Securities Private Limited,50,286.5,14325.0,2025-08-07 11:27:28.627056
2025-08-07,86916,2025080701002900,NBL,Trisul Securities & Invt. Ltd.,Kumari Securities Private Limited,50,286.5,14325.0,2025-08-07 11:27:28.627265
2025-08-07,86915,2025080701002901,NBL,Sani Securities Company Ltd.,Kumari Securities Private Limited,100,286.4,28640.0,2025-08-07 11:27:28.627422
2025-08-07,86382,2025080701003063,NBL,Sani Securities Company Ltd.,Vision Securities Pvt. Ltd,74,286.4,21193.6,2025-08-07 11:29:23.975977
2025-08-07,86381,2025080701003064,NBL,Trisul Securities & Invt. Ltd.,Vision Securities Pvt. Ltd,50,286.4,14320.0,2025-08-07 11:29:23.976226
2025-08-07,86380,2025080701003065,NBL,Sani Securities Company Ltd.,Vision Securities Pvt. Ltd,12,286.4,3436.8,2025-08-07 11:29:23.976381
2025-08-07,86379,2025080701003066,NBL,Imperial Securities Company Pvt. Ltd.,Vision Securities Pvt. Ltd,640,286.3,183232.0,2025-08-07 11:29:23.976539
2025-08-07,86378,2025080701003067,NBL,Dynamic Money Managers Securities Pvt. Ltd.,Vision Securities Pvt. Ltd,1000,286.3,286300.0,2025-08-07 11:29:23.976703
2025-08-07,86377,2025080701003068,NBL,Linch Stock Market Ltd.,Vision Securities Pvt. Ltd,600,286.2,171720.0,2025-08-07 11:29:23.976876
2025-08-07,86376,2025080701003069,NBL,Opal Securities Investment (PVT) Ltd.,Vision Securities Pvt. Ltd,100,286.2,28620.0,2025-08-07 11:29:23.977038
2025-08-07,86375,2025080701003070,NBL,Aryatara Investment & Securities,Vision Securities Pvt. Ltd,52,286.2,14882.4,2025-08-07 11:29:23.977221
2025-08-07,86374,2025080701003071,NBL,Pragyan Securities (PVT) Ltd.,Vision Securities Pvt. Ltd,1000,286.1,286100.0,2025-08-07 11:29:23.977367
2025-08-07,86373,2025080701003072,NBL,Midas Stock Broking Company Private Limited,Vision Securities Pvt. Ltd,500,286.0,143000.0,2025-08-07 11:29:23.977516
2025-08-07,86372,2025080701003073,NBL,Trishakti Securities Public Limited,Vision Securities Pvt. Ltd,191,286.0,54626.0,2025-08-07 11:29:23.977661
2025-08-07,86339,2025080701003080,NBL,Sani Securities Company Ltd.,Vision Securities Pvt. Ltd,11,286.0,3146.0,2025-08-07 11:29:29.488590
2025-08-07,85201,2025080701003436,NBL,Online Securities Pvt. Ltd.,Sri Hari Securities Pvt. Ltd.,25,285.1,7127.5,2025-08-07 11:32:33.833545
2025-08-07,85200,2025080701003437,NBL,Sewa Securities Pvt. Ltd.,Sri Hari Securities Pvt. Ltd.,500,285.1,142550.0,2025-08-07 11:32:33.833653
2025-08-07,85199,2025080701003438,NBL,Sani Securities Company Ltd.,Sri Hari Securities Pvt. Ltd.,10,285.1,2851.0,2025-08-07 11:32:33.833725
2025-08-07,85198,2025080701003439,NBL,Trisul Securities & Invt. Ltd.,Sri Hari Securities Pvt. Ltd.,50,285.1,14255.0,2025-08-07 11:32:33.833773
2025-08-07,85197,2025080701003440,NBL,Blue Chip Securities Ltd,Sri Hari Securities Pvt. Ltd.,1000,285.0,285000.0,2025-08-07 11:32:33.833821
2025-08-07,85196,2025080701003441,NBL,Dynamic Money Managers Securities Pvt. Ltd.,Sri Hari Securities Pvt. Ltd.,500,285.0,142500.0,2025-08-07 11:32:33.833873
2025-08-07,85195,2025080701003442,NBL,Thrive Brokerage House Pvt. Ltd,Sri Hari Securities Pvt. Ltd.,100,285.0,28500.0,2025-08-07 11:32:33.833920
2025-08-07,85194,2025080701003443,NBL,Aryatara Investment & Securities,Sri Hari Securities Pvt. Ltd.,400,285.0,114000.0,2025-08-07 11:32:33.833969
2025-08-07,85193,2025080701003444,NBL,Malla & Malla Stock Broking Company Pvt. Limited,Sri Hari Securities Pvt. Ltd.,50,285.0,14250.0,2025-08-07 11:32:33.834094
2025-08-07,85192,2025080701003445,NBL,Cristal Kanchanjanga Securites Pvt. Ltd.,Sri Hari Securities Pvt. Ltd.,100,285.0,28500.0,2025-08-07 11:32:33.834137
2025-08-07,85191,2025080701003446,NBL,Sani Securities Company Ltd.,Sri Hari Securities Pvt. Ltd.,500,285.0,142500.0,2025-08-07 11:32:33.834182
2025-08-07,84686,2025080701003609,NBL,Nagarik Stock Dealer ,Naasa Securities Co. Ltd.,22,284.5,6259.0,2025-08-07 11:34:15.793115
2025-08-07,83369,2025080701003978,NBL,Nepal Investment And Securities Trading Private Limited,Sri Hari Securities Pvt. Ltd.,800,285.9,228720.0,2025-08-07 11:38:35.294671
2025-08-07,83220,2025080701004034,NBL,Imperial Securities Company Pvt. Ltd.,Sri Hari Securities Pvt. Ltd.,500,285.9,142950.0,2025-08-07 11:39:02.781093
2025-08-07,82132,2025080701004415,NBL,Nagarik Stock Dealer ,Sri Hari Securities Pvt. Ltd.,465,285.9,132943.5,2025-08-07 11:41:57.985439
2025-08-07,81816,2025080701004497,NBL,Imperial Securities Company Pvt. Ltd.,Roadshow securities limited,20,285.0,5700.0,2025-08-07 11:43:05.924067
2025-08-07,81815,2025080701004498,NBL,Nepal Investment And Securities Trading Private Limited,Roadshow securities limited,450,285.0,128250.0,2025-08-07 11:43:05.924207
2025-08-07,81814,2025080701004499,NBL,Online Securities Pvt. Ltd.,Roadshow securities limited,38,285.0,10830.0,2025-08-07 11:43:05.924273
2025-08-07,81813,2025080701004500,NBL,Imperial Securities Company Pvt. Ltd.,Roadshow securities limited,992,285.0,282720.0,2025-08-07 11:43:05.924330
2025-08-07,81300,2025080701004702,NBL,Imperial Securities Company Pvt. Ltd.,Vision Securities Pvt. Ltd,1800,286.0,514800.0,2025-08-07 11:44:45.096471
2025-08-07,81255,2025080701004713,NBL,Deevyaa Securities & Stock House Pvt. Ltd,Roadshow securities limited,200,285.1,57020.0,2025-08-07 11:44:55.174869
2025-08-07,81254,2025080701004714,NBL,Nagarik Stock Dealer ,Roadshow securities limited,370,285.1,105487.0,2025-08-07 11:44:55.175002
2025-08-07,81186,2025080701004731,NBL,Nagarik Stock Dealer ,Vision Securities Pvt. Ltd,2608,286.0,745888.0,2025-08-07 11:45:05.561139
2025-08-07,81069,2025080701004787,NBL,Sani Securities Company Ltd.,Vision Securities Pvt. Ltd,1362,286.0,389532.0,2025-08-07 11:45:35.669684
2025-08-07,80096,2025080701005149,NBL,S.P.S.A. Securities Limited,Naasa Securities Co. Ltd.,18,288.0,5184.0,2025-08-07 11:48:07.678921
2025-08-07,79550,2025080701005310,NBL,Imperial Securities Company Pvt. Ltd.,Investment Management Nepal Pvt. Ltd.,581,287.0,166747.0,2025-08-07 11:49:44.586750
2025-08-07,79477,2025080701005337,NBL,Imperial Securities Company Pvt. Ltd.,Online Securities Pvt. Ltd.,25,287.0,7175.0,2025-08-07 11:49:57.142377
2025-08-07,79342,2025080701005371,NBL,Vision Securities Pvt. Ltd,Vision Securities Pvt. Ltd,6,282.6,1695.6,2025-08-07 11:50:21.432684
2025-08-07,78761,2025080701005575,NBL,Imperial Securities Company Pvt. Ltd.,Naasa Securities Co. Ltd.,65,288.0,18720.0,2025-08-07 11:51:59.027143
2025-08-07,78760,2025080701005576,NBL,Imperial Securities Company Pvt. Ltd.,Siprabi Securities Pvt. Ltd.,31,288.0,8928.0,2025-08-07 11:51:59.027412
2025-08-07,78686,2025080701005602,NBL,Primo Securities (PVT) Ltd.,Trishakti Securities Public Limited,100,288.0,28800.0,2025-08-07 11:52:11.397388
2025-08-07,78542,2025080701005637,NBL,Aryatara Investment & Securities,Vision Securities Pvt. Ltd,30,288.8,8664.0,2025-08-07 11:52:43.480719
2025-08-07,77579,2025080701005909,NBL,Kalika Securities Pvt. Ltd.,Deevyaa Securities & Stock House Pvt. Ltd,10,288.1,2881.0,2025-08-07 11:55:52.661245
2025-08-07,77578,2025080701005910,NBL,Primo Securities (PVT) Ltd.,Deevyaa Securities & Stock House Pvt. Ltd,10,288.0,2880.0,2025-08-07 11:55:52.661300
2025-08-07,77256,2025080701005983,NBL,Primo Securities (PVT) Ltd.,Online Securities Pvt. Ltd.,90,288.0,25920.0,2025-08-07 11:56:47.558189
2025-08-07,76885,2025080701006068,NBL,Primo Securities (PVT) Ltd.,Online Securities Pvt. Ltd.,117,288.0,33696.0,2025-08-07 11:57:54.823744
2025-08-07,76884,2025080701006069,NBL,Primo Securities (PVT) Ltd.,Dynamic Money Managers Securities Pvt. Ltd.,83,288.7,23962.1,2025-08-07 11:57:54.823842
2025-08-07,74054,2025080701006654,NBL,Miyo Securities Pvt Ltd,Dynamic Money Managers Securities Pvt. Ltd.,117,288.7,33777.9,2025-08-07 12:05:45.234939
2025-08-07,74053,2025080701006655,NBL,Miyo Securities Pvt Ltd,Vision Securities Pvt. Ltd,883,288.8,255010.4,2025-08-07 12:05:45.235062
2025-08-07,73539,2025080701006718,NBL,Aryatara Investment & Securities,Vision Securities Pvt. Ltd,87,288.7,25116.9,2025-08-07 12:06:54.824135
2025-08-07,73086,2025080701006781,NBL,Trishakti Securities Public Limited,South Asian Bulls Pvt. Ltd.,110,288.9,31779.0,2025-08-07 12:07:58.689355
2025-08-07,72236,2025080701006981,NBL,Linch Stock Market Ltd.,Dynamic Money Managers Securities Pvt. Ltd.,1000,288.8,288800.0,2025-08-07 12:10:15.665635
2025-08-07,71703,2025080701007081,NBL,Dipshikha Dhitopatra Karobar Co. Pvt Ltd.,South Asian Bulls Pvt. Ltd.,10,288.9,2889.0,2025-08-07 12:11:58.994134
2025-08-07,71576,2025080701007116,NBL,Naasa Securities Co. Ltd.,South Asian Bulls Pvt. Ltd.,55,288.9,15889.5,2025-08-07 12:12:28.679391
2025-08-07,71508,2025080701007130,NBL,Naasa Securities Co. Ltd.,South Asian Bulls Pvt. Ltd.,25,288.9,7222.5,2025-08-07 12:12:41.097833
2025-08-07,71507,2025080701007131,NBL,Naasa Securities Co. Ltd.,Trishakti Securities Public Limited,75,289.0,21675.0,2025-08-07 12:12:41.098216
2025-08-07,71137,2025080701007213,NBL,Naasa Securities Co. Ltd.,Trishakti Securities Public Limited,10,289.0,2890.0,2025-08-07 12:13:28.915216
2025-08-07,71028,2025080701007237,NBL,Naasa Securities Co. Ltd.,Trishakti Securities Public Limited,10,289.0,2890.0,2025-08-07 12:13:50.091920
2025-08-07,70960,2025080701007246,NBL,Naasa Securities Co. Ltd.,Trishakti Securities Public Limited,10,289.0,2890.0,2025-08-07 12:13:56.871985
2025-08-07,70576,2025080701007334,NBL,Miyo Securities Pvt Ltd,Naasa Securities Co. Ltd.,55,289.0,15895.0,2025-08-07 12:14:58.201383
2025-08-07,70575,2025080701007335,NBL,Miyo Securities Pvt Ltd,Nepal Investment And Securities Trading Private Limited,500,289.5,144750.0,2025-08-07 12:14:58.201535
2025-08-07,70574,2025080701007336,NBL,Miyo Securities Pvt Ltd,Primo Securities (PVT) Ltd.,100,289.7,28970.0,2025-08-07 12:14:58.201669
2025-08-07,70573,2025080701007337,NBL,Miyo Securities Pvt Ltd,Oxford Securities Pvt. Ltd.,345,289.9,100015.5,2025-08-07 12:14:58.201754
2025-08-07,68366,2025080701007807,NBL,Miyo Securities Pvt Ltd,N.M.B. SECURITIES LIMITED,1614,288.0,464832.0,2025-08-07 12:21:09.252562
2025-08-07,68365,2025080701007808,NBL,Miyo Securities Pvt Ltd,Oxford Securities Pvt. Ltd.,386,289.9,111901.4,2025-08-07 12:21:09.252655
2025-08-07,67089,2025080701008122,NBL,Siprabi Securities Pvt. Ltd.,Sweta Securities Private Limited,10,288.9,2889.0,2025-08-07 12:24:59.651215
2025-08-07,65751,2025080701008428,NBL,Global IME Securities Limited,Sweta Securities Private Limited,25,288.9,7222.5,2025-08-07 12:28:41.210365
2025-08-07,65730,2025080701008433,NBL,Creative Securities Pvt Ltd,Sweta Securities Private Limited,165,288.9,47668.5,2025-08-07 12:28:46.803438
2025-08-07,65729,2025080701008434,NBL,Creative Securities Pvt Ltd,Kumari Securities Private Limited,35,289.0,10115.0,2025-08-07 12:28:46.803792
2025-08-07,65107,2025080701008634,NBL,Dynamic Money Managers Securities Pvt. Ltd.,J.F. Securites (PVT) Ltd.,600,288.1,172860.0,2025-08-07 12:30:16.713071
2025-08-07,64342,2025080701008770,NBL,Imperial Securities Company Pvt. Ltd.,Asian Securities Private Ltd.,250,288.0,72000.0,2025-08-07 12:32:19.577351
2025-08-07,63209,2025080701009048,NBL,South Asian Bulls Pvt. Ltd.,Malla & Malla Stock Broking Company Pvt. Limited,100,288.0,28800.0,2025-08-07 12:35:19.002076
2025-08-07,62105,2025080701009282,NBL,Sri Hari Securities Pvt. Ltd.,Sewa Securities Pvt. Ltd.,50,288.7,14435.0,2025-08-07 12:38:43.224637
2025-08-07,61201,2025080701009521,NBL,Sani Securities Company Ltd.,Sweta Securities Private Limited,100,288.5,28850.0,2025-08-07 12:41:45.405170
2025-08-07,59921,2025080701009783,NBL,South Asian Bulls Pvt. Ltd.,Garima Securities Limited,900,288.0,259200.0,2025-08-07 12:46:32.733704
2025-08-07,59920,2025080701009784,NBL,Aryatara Investment & Securities,Garima Securities Limited,11,288.0,3168.0,2025-08-07 12:46:32.734193
2025-08-07,59919,2025080701009785,NBL,Imperial Securities Company Pvt. Ltd.,Garima Securities Limited,89,288.0,25632.0,2025-08-07 12:46:32.734580
2025-08-07,59645,2025080701009843,NBL,Imperial Securities Company Pvt. Ltd.,Opal Securities Investment (PVT) Ltd.,11,288.0,3168.0,2025-08-07 12:47:33.617965
2025-08-07,59644,2025080701009844,NBL,Nepal Investment And Securities Trading Private Limited,Opal Securities Investment (PVT) Ltd.,50,287.2,14360.0,2025-08-07 12:47:33.618057
2025-08-07,59643,2025080701009845,NBL,Vision Securities Pvt. Ltd,Opal Securities Investment (PVT) Ltd.,99,287.1,28422.9,2025-08-07 12:47:33.618081
2025-08-07,59642,2025080701009846,NBL,Premier Securities Company Ltd.,Opal Securities Investment (PVT) Ltd.,35,287.0,10045.0,2025-08-07 12:47:33.618104
2025-08-07,59641,2025080701009847,NBL,Midas Stock Broking Company Private Limited,Opal Securities Investment (PVT) Ltd.,105,286.5,30082.5,2025-08-07 12:47:33.618127
2025-08-07,59220,2025080701009958,NBL,Midas Stock Broking Company Private Limited,Naasa Securities Co. Ltd.,53,286.5,15184.5,2025-08-07 12:49:04.231500
2025-08-07,57860,2025080701010324,NBL,Midas Stock Broking Company Private Limited,Aryatara Investment & Securities,42,286.5,12033.0,2025-08-07 12:53:57.901588
2025-08-07,57859,2025080701010325,NBL,Sani Securities Company Ltd.,Aryatara Investment & Securities,35,286.5,10027.5,2025-08-07 12:53:57.901791
2025-08-07,57858,2025080701010326,NBL,Opal Securities Investment (PVT) Ltd.,Aryatara Investment & Securities,50,286.5,14325.0,2025-08-07 12:53:57.901876
2025-08-07,57857,2025080701010327,NBL,Oxford Securities Pvt. Ltd.,Aryatara Investment & Securities,50,286.2,14310.0,2025-08-07 12:53:57.901963
2025-08-07,57856,2025080701010328,NBL,Dynamic Money Managers Securities Pvt. Ltd.,Aryatara Investment & Securities,157,286.2,44933.4,2025-08-07 12:53:57.902057
2025-08-07,55947,2025080701010776,NBL,Dipshikha Dhitopatra Karobar Co. Pvt Ltd.,Online Securities Pvt. Ltd.,10,286.4,2864.0,2025-08-07 13:01:18.544458
2025-08-07,55946,2025080701010777,NBL,Naasa Securities Co. Ltd.,Online Securities Pvt. Ltd.,102,286.4,29212.8,2025-08-07 13:01:18.544630
2025-08-07,55686,2025080701010833,NBL,Nepal Stock House (PVT) Ltd.,Online Securities Pvt. Ltd.,38,286.4,10883.2,2025-08-07 13:02:06.153449
2025-08-07,55673,2025080701010845,NBL,Dipshikha Dhitopatra Karobar Co. Pvt Ltd.,Deevyaa Securities & Stock House Pvt. Ltd,2,286.0,572.0,2025-08-07 13:02:07.249722
2025-08-07,55669,2025080701010848,NBL,Siprabi Securities Pvt. Ltd.,Trishakti Securities Public Limited,50,286.3,14315.0,2025-08-07 13:02:08.845095
2025-08-07,55668,2025080701010849,NBL,Dynamic Money Managers Securities Pvt. Ltd.,Trishakti Securities Public Limited,150,286.2,42930.0,2025-08-07 13:02:08.845325
2025-08-07,55115,2025080701010916,NBL,Dipshikha Dhitopatra Karobar Co. Pvt Ltd.,Citizens Share Broker Limited,10,286.3,2863.0,2025-08-07 13:04:01.063696
2025-08-07,55114,2025080701010917,NBL,Dynamic Money Managers Securities Pvt. Ltd.,Citizens Share Broker Limited,190,286.2,54378.0,2025-08-07 13:04:01.063761
2025-08-07,54554,2025080701011013,NBL,Online Securities Pvt. Ltd.,Trisul Securities & Invt. Ltd.,10,286.2,2862.0,2025-08-07 13:06:21.659141
2025-08-07,53814,2025080701011198,NBL,Sewa Securities Pvt. Ltd.,Sweta Securities Private Limited,100,288.5,28850.0,2025-08-07 13:09:08.537195
2025-08-07,53763,2025080701011210,NBL,Nepal Stock House (PVT) Ltd.,Sumeru Securities Pvt. Ltd.,10,287.0,2870.0,2025-08-07 13:09:16.330889
2025-08-07,53549,2025080701011241,NBL,Nepal Investment And Securities Trading Private Limited,Linch Stock Market Ltd.,25,288.6,7215.0,2025-08-07 13:09:57.117683
2025-08-07,51810,2025080701011642,NBL,Nepal Stock House (PVT) Ltd.,Deevyaa Securities & Stock House Pvt. Ltd,90,287.0,25830.0,2025-08-07 13:15:18.201714
2025-08-07,51809,2025080701011643,NBL,Naasa Securities Co. Ltd.,Deevyaa Securities & Stock House Pvt. Ltd,10,287.0,2870.0,2025-08-07 13:15:18.201993
2025-08-07,51337,2025080701011759,NBL,Kohinoor Investment & Securities Pvt. Ltd.,Linch Stock Market Ltd.,70,288.6,20202.0,2025-08-07 13:16:39.608138
2025-08-07,51288,2025080701011769,NBL,Online Securities Pvt. Ltd.,Garima Securities Limited,200,287.0,57400.0,2025-08-07 13:16:47.859089
2025-08-07,51287,2025080701011770,NBL,Sweta Securities Private Limited,Garima Securities Limited,200,287.0,57400.0,2025-08-07 13:16:47.859501
2025-08-07,51286,2025080701011771,NBL,Online Securities Pvt. Ltd.,Garima Securities Limited,40,286.2,11448.0,2025-08-07 13:16:47.859786
2025-08-07,51285,2025080701011772,NBL,Sundhara Securities Limited,Garima Securities Limited,265,286.2,75843.0,2025-08-07 13:16:47.860075
2025-08-07,51284,2025080701011773,NBL,Sundhara Securities Limited,Garima Securities Limited,200,286.2,57240.0,2025-08-07 13:16:47.860343
2025-08-07,51283,2025080701011774,NBL,Sani Securities Company Ltd.,Garima Securities Limited,95,286.1,27179.5,2025-08-07 13:16:47.860611
2025-08-07,50779,2025080701011882,NBL,Secured Securities Ltd.,Linch Stock Market Ltd.,222,288.6,64069.2,2025-08-07 13:18:29.952624
2025-08-07,50778,2025080701011883,NBL,Secured Securities Ltd.,Sewa Securities Pvt. Ltd.,531,288.7,153299.7,2025-08-07 13:18:29.952862
2025-08-07,50777,2025080701011884,NBL,Secured Securities Ltd.,Vision Securities Pvt. Ltd,1000,288.7,288700.0,2025-08-07 13:18:29.952953
2025-08-07,50551,2025080701011918,NBL,Thrive Brokerage House Pvt. Ltd,ABC Securities Private Limited,23,288.8,6642.4,2025-08-07 13:19:22.410141
2025-08-07,50550,2025080701011919,NBL,Thrive Brokerage House Pvt. Ltd,Swarna Laxmi Securities Pvt. Ltd.,227,288.8,65557.6,2025-08-07 13:19:22.410639
2025-08-07,48796,2025080701012222,NBL,South Asian Bulls Pvt. Ltd.,Swarna Laxmi Securities Pvt. Ltd.,23,288.8,6642.4,2025-08-07 13:24:41.435780
2025-08-07,48695,2025080701012240,NBL,Sani Securities Company Ltd.,Trishakti Securities Public Limited,3,289.0,867.0,2025-08-07 13:25:01.185436
2025-08-07,48381,2025080701012301,NBL,Creative Securities Pvt Ltd,Kumari Securities Private Limited,65,289.0,18785.0,2025-08-07 13:25:56.604455
2025-08-07,48380,2025080701012302,NBL,Creative Securities Pvt Ltd,Swarna Laxmi Securities Pvt. Ltd.,58,289.0,16762.0,2025-08-07 13:25:56.604663
2025-08-07,48379,2025080701012303,NBL,Creative Securities Pvt Ltd,Himalayan Brokerage Company Limited,50,289.0,14450.0,2025-08-07 13:25:56.604801
2025-08-07,48378,2025080701012304,NBL,Creative Securities Pvt Ltd,Sani Securities Company Ltd.,100,289.0,28900.0,2025-08-07 13:25:56.604924
2025-08-07,48377,2025080701012305,NBL,Creative Securities Pvt Ltd,Sajilo Broker Limited,150,289.0,43350.0,2025-08-07 13:25:56.605012
2025-08-07,47497,2025080701012482,NBL,Miyo Securities Pvt Ltd,Nepal Stock House (PVT) Ltd.,177,289.5,51241.5,2025-08-07 13:28:27.696360
2025-08-07,47496,2025080701012483,NBL,Miyo Securities Pvt Ltd,Arun Securities (PVT) Ltd.,200,289.5,57900.0,2025-08-07 13:28:27.696467
2025-08-07,47495,2025080701012484,NBL,Miyo Securities Pvt Ltd,Oxford Securities Pvt. Ltd.,141,289.9,40875.9,2025-08-07 13:28:27.696534
2025-08-07,47494,2025080701012485,NBL,Miyo Securities Pvt Ltd,Dipshikha Dhitopatra Karobar Co. Pvt Ltd.,982,289.9,284681.8,2025-08-07 13:28:27.696620
2025-08-07,47056,2025080701012577,NBL,J.F. Securites (PVT) Ltd.,Dynamic Money Managers Securities Pvt. Ltd.,20,289.8,5796.0,2025-08-07 13:29:56.909640
2025-08-07,46663,2025080701012651,NBL,Bhrikuti Stock Broking Co. Pvt. Ltd.,Agrawal Securities (PVT) Ltd.,30,289.0,8670.0,2025-08-07 13:31:07.728715
2025-08-07,46662,2025080701012652,NBL,South Asian Bulls Pvt. Ltd.,Garima Securities Limited,977,288.8,282157.6,2025-08-07 13:31:07.847163
2025-08-07,46661,2025080701012653,NBL,South Asian Bulls Pvt. Ltd.,Garima Securities Limited,23,288.8,6642.4,2025-08-07 13:31:07.847374
2025-08-07,45824,2025080701012797,NBL,Sri Hari Securities Pvt. Ltd.,Agrawal Securities (PVT) Ltd.,30,289.0,8670.0,2025-08-07 13:33:50.898967
2025-08-07,44438,2025080701013108,NBL,South Asian Bulls Pvt. Ltd.,Sri Hari Securities Pvt. Ltd.,40,288.8,11552.0,2025-08-07 13:38:12.633205
2025-08-07,43959,2025080701013242,NBL,Trishakti Securities Public Limited,Agrawal Securities (PVT) Ltd.,50,289.0,14450.0,2025-08-07 13:39:46.711896
2025-08-07,43431,2025080701013343,NBL,South Asian Bulls Pvt. Ltd.,Agrawal Securities (PVT) Ltd.,703,288.8,203026.4,2025-08-07 13:41:41.070840
2025-08-07,43234,2025080701013378,NBL,Kumari Securities Private Limited,Aryatara Investment & Securities,100,289.0,28900.0,2025-08-07 13:42:10.771976
2025-08-07,42188,2025080701013577,NBL,Property Wiard Limited,Aryatara Investment & Securities,30,289.0,8670.0,2025-08-07 13:45:09.500919
2025-08-07,41914,2025080701013625,NBL,J.F. Securites (PVT) Ltd.,Aryatara Investment & Securities,20,289.0,5780.0,2025-08-07 13:45:50.581223
2025-08-07,41913,2025080701013626,NBL,J.F. Securites (PVT) Ltd.,Siprabi Securities Pvt. Ltd.,50,289.0,14450.0,2025-08-07 13:45:50.581455
2025-08-07,41612,2025080701013698,NBL,NIMB Stock Markets Limited,Dynamic Money Managers Securities Pvt. Ltd.,180,289.8,52164.0,2025-08-07 13:46:51.958711
2025-08-07,41611,2025080701013699,NBL,NIMB Stock Markets Limited,Dipshikha Dhitopatra Karobar Co. Pvt Ltd.,218,289.9,63198.2,2025-08-07 13:46:51.959187
2025-08-07,41610,2025080701013700,NBL,NIMB Stock Markets Limited,Dynamic Money Managers Securities Pvt. Ltd.,300,289.9,86970.0,2025-08-07 13:46:51.959493
2025-08-07,41609,2025080701013701,NBL,NIMB Stock Markets Limited,Trishakti Securities Public Limited,47,290.0,13630.0,2025-08-07 13:46:51.959797
2025-08-07,41608,2025080701013702,NBL,NIMB Stock Markets Limited,Deevyaa Securities & Stock House Pvt. Ltd,210,290.0,60900.0,2025-08-07 13:46:51.960079
2025-08-07,41607,2025080701013703,NBL,NIMB Stock Markets Limited,Kumari Securities Private Limited,45,290.0,13050.0,2025-08-07 13:46:51.960356
2025-08-07,41342,2025080701013756,NBL,J.F. Securites (PVT) Ltd.,Kumari Securities Private Limited,30,290.0,8700.0,2025-08-07 13:47:44.303210
2025-08-07,40935,2025080701013830,NBL,Naasa Securities Co. Ltd.,Kumari Securities Private Limited,16,290.0,4640.0,2025-08-07 13:49:05.679847
2025-08-07,39802,2025080701014033,NBL,Secured Securities Ltd.,Kumari Securities Private Limited,109,290.0,31610.0,2025-08-07 13:52:15.024866
2025-08-07,39801,2025080701014034,NBL,Secured Securities Ltd.,Malla & Malla Stock Broking Company Pvt. Limited,100,290.0,29000.0,2025-08-07 13:52:15.025121
2025-08-07,39800,2025080701014035,NBL,Secured Securities Ltd.,Trishakti Securities Public Limited,100,290.0,29000.0,2025-08-07 13:52:15.025216
2025-08-07,39799,2025080701014036,NBL,Secured Securities Ltd.,Sani Securities Company Ltd.,500,290.0,145000.0,2025-08-07 13:52:15.025302
2025-08-07,39798,2025080701014037,NBL,Secured Securities Ltd.,Sani Securities Company Ltd.,1018,290.0,295220.0,2025-08-07 13:52:15.025390
2025-08-07,39797,2025080701014038,NBL,Secured Securities Ltd.,Himalayan Brokerage Company Limited,274,290.0,79460.0,2025-08-07 13:52:15.025476
2025-08-07,39796,2025080701014039,NBL,Secured Securities Ltd.,Trishakti Securities Public Limited,200,290.0,58000.0,2025-08-07 13:52:15.025565
2025-08-07,39795,2025080701014040,NBL,Secured Securities Ltd.,Naasa Securities Co. Ltd.,50,290.0,14500.0,2025-08-07 13:52:15.025651
2025-08-07,39794,2025080701014041,NBL,Secured Securities Ltd.,Shree Krishna Securities Ltd.,1310,290.0,379900.0,2025-08-07 13:52:15.025757
2025-08-07,39551,2025080701014095,NBL,Creative Securities Pvt Ltd,Shree Krishna Securities Ltd.,190,290.0,55100.0,2025-08-07 13:52:52.257587
2025-08-07,39550,2025080701014096,NBL,Creative Securities Pvt Ltd,Pragyan Securities (PVT) Ltd.,50,290.0,14500.0,2025-08-07 13:52:52.257992
2025-08-07,39549,2025080701014097,NBL,Creative Securities Pvt Ltd,South Asian Bulls Pvt. Ltd.,10,290.0,2900.0,2025-08-07 13:52:52.258279
2025-08-07,39548,2025080701014098,NBL,Creative Securities Pvt Ltd,Global IME Securities Limited,20,290.0,5800.0,2025-08-07 13:52:52.258519
2025-08-07,39547,2025080701014099,NBL,Creative Securities Pvt Ltd,Dipshikha Dhitopatra Karobar Co. Pvt Ltd.,30,290.0,8700.0,2025-08-07 13:52:52.258766
2025-08-07,39251,2025080701014161,NBL,Creative Securities Pvt Ltd,Sundhara Securities Limited,277,290.0,80330.0,2025-08-07 13:53:40.260462
2025-08-07,39114,2025080701014178,NBL,Asian Securities Private Ltd.,Sundhara Securities Limited,200,290.0,58000.0,2025-08-07 13:53:57.613964
2025-08-07,38472,2025080701014268,NBL,Premier Securities Company Ltd.,Sundhara Securities Limited,118,290.0,34220.0,2025-08-07 13:55:36.674224
2025-08-07,38471,2025080701014269,NBL,Premier Securities Company Ltd.,Kumari Securities Private Limited,36,290.0,10440.0,2025-08-07 13:55:36.674457
2025-08-07,37720,2025080701014422,NBL,Capital Max Securities Ltd,Sumeru Securities Pvt. Ltd.,20,289.9,5798.0,2025-08-07 13:57:15.022284
2025-08-07,37719,2025080701014423,NBL,Capital Max Securities Ltd,Kumari Securities Private Limited,14,290.0,4060.0,2025-08-07 13:57:15.022383
2025-08-07,37718,2025080701014424,NBL,Capital Max Securities Ltd,Dynamic Money Managers Securities Pvt. Ltd.,300,290.4,87120.0,2025-08-07 13:57:15.022470
2025-08-07,37717,2025080701014425,NBL,Capital Max Securities Ltd,Deevyaa Securities & Stock House Pvt. Ltd,584,290.5,169652.0,2025-08-07 13:57:15.022543
2025-08-07,37716,2025080701014426,NBL,Capital Max Securities Ltd,Primo Securities (PVT) Ltd.,82,291.0,23862.0,2025-08-07 13:57:15.022613
2025-08-07,37489,2025080701014484,NBL,Naasa Securities Co. Ltd.,Trishakti Securities Public Limited,1,288.5,288.5,2025-08-07 13:57:43.342481
2025-08-07,37373,2025080701014498,NBL,Kohinoor Investment & Securities Pvt. Ltd.,Primo Securities (PVT) Ltd.,13,291.0,3783.0,2025-08-07 13:58:05.676262
2025-08-07,37093,2025080701014521,NBL,Dipshikha Dhitopatra Karobar Co. Pvt Ltd.,Trishakti Securities Public Limited,100,291.0,29100.0,2025-08-07 13:58:38.936358
2025-08-07,37092,2025080701014522,NBL,Dipshikha Dhitopatra Karobar Co. Pvt Ltd.,Naasa Securities Co. Ltd.,100,291.0,29100.0,2025-08-07 13:58:38.936575
2025-08-07,36210,2025080701014678,NBL,Citizens Share Broker Limited,Naasa Securities Co. Ltd.,40,291.0,11640.0,2025-08-07 14:00:59.814731
2025-08-07,36209,2025080701014679,NBL,Citizens Share Broker Limited,Kumari Securities Private Limited,50,291.0,14550.0,2025-08-07 14:00:59.815159
2025-08-07,36208,2025080701014680,NBL,Citizens Share Broker Limited,Oxford Securities Pvt. Ltd.,110,291.0,32010.0,2025-08-07 14:00:59.815417
2025-08-07,36064,2025080701014702,NBL,Imperial Securities Company Pvt. Ltd.,Sipla Securities Private Limited,5,288.0,1440.0,2025-08-07 14:01:17.656270
2025-08-07,33089,2025080701015329,NBL,Naasa Securities Co. Ltd.,Siprabi Securities Pvt. Ltd.,1,286.6,286.6,2025-08-07 14:07:59.762901
2025-08-07,32315,2025080701015469,NBL,Thrive Brokerage House Pvt. Ltd,Kumari Securities Private Limited,400,290.0,116000.0,2025-08-07 14:09:35.654612
2025-08-07,32314,2025080701015470,NBL,Thrive Brokerage House Pvt. Ltd,SUN SECURITIES PVT LTD,200,290.0,58000.0,2025-08-07 14:09:35.654824
2025-08-07,32036,2025080701015532,NBL,Dakshinkali Investment & Securities Pvt. Ltd.,Premier Securities Company Ltd.,174,289.5,50373.0,2025-08-07 14:10:09.310963
2025-08-07,32025,2025080701015535,NBL,Dakshinkali Investment & Securities Pvt. Ltd.,Primo Securities (PVT) Ltd.,100,290.0,29000.0,2025-08-07 14:10:11.160687
2025-08-07,31837,2025080701015572,NBL,Kohinoor Investment & Securities Pvt. Ltd.,Bhrikuti Stock Broking Co. Pvt. Ltd.,100,290.9,29090.0,2025-08-07 14:10:37.364494
2025-08-07,31783,2025080701015590,NBL,Secured Securities Ltd.,Bhrikuti Stock Broking Co. Pvt. Ltd.,900,290.9,261810.0,2025-08-07 14:10:49.735323
2025-08-07,31782,2025080701015591,NBL,Secured Securities Ltd.,Oxford Securities Pvt. Ltd.,10,291.0,2910.0,2025-08-07 14:10:49.735596
2025-08-07,31781,2025080701015592,NBL,Secured Securities Ltd.,Trisul Securities & Invt. Ltd.,499,291.0,145209.0,2025-08-07 14:10:49.735693
2025-08-07,31780,2025080701015593,NBL,Secured Securities Ltd.,KALASH STOCK MARKET PVT. LTD.,15,291.0,4365.0,2025-08-07 14:10:49.735786
2025-08-07,31779,2025080701015594,NBL,Secured Securities Ltd.,Kalika Securities Pvt. Ltd.,362,291.0,105342.0,2025-08-07 14:10:49.735875
2025-08-07,31778,2025080701015595,NBL,Secured Securities Ltd.,Aryatara Investment & Securities,1914,291.0,556974.0,2025-08-07 14:10:49.735973
2025-08-07,31618,2025080701015631,NBL,Dakshinkali Investment & Securities Pvt. Ltd.,Sweta Securities Private Limited,160,290.0,46400.0,2025-08-07 14:11:15.284540
2025-08-07,31154,2025080701015729,NBL,S.P.S.A. Securities Limited,Imperial Securities Company Pvt. Ltd.,10,289.0,2890.0,2025-08-07 14:12:21.818094
2025-08-07,31153,2025080701015730,NBL,SUN SECURITIES PVT LTD,Imperial Securities Company Pvt. Ltd.,10,289.0,2890.0,2025-08-07 14:12:21.818149
2025-08-07,30879,2025080701015801,NBL,Kohinoor Investment & Securities Pvt. Ltd.,Sani Securities Company Ltd.,50,290.0,14500.0,2025-08-07 14:13:06.106044
2025-08-07,29194,2025080701016093,NBL,Nagarik Stock Dealer ,Aryatara Investment & Securities,10,291.0,2910.0,2025-08-07 14:17:32.466046
2025-08-07,29048,2025080701016130,NBL,Imperial Securities Company Pvt. Ltd.,Aryatara Investment & Securities,10,291.0,2910.0,2025-08-07 14:17:58.013146
2025-08-07,28094,2025080701016306,NBL,Sani Securities Company Ltd.,KALASH STOCK MARKET PVT. LTD.,105,290.1,30460.5,2025-08-07 14:20:33.699120
2025-08-07,27957,2025080701016328,NBL,Vision Securities Pvt. Ltd,Trishakti Securities Public Limited,1,285.0,285.0,2025-08-07 14:20:56.263197
2025-08-07,27777,2025080701016377,NBL,Bhrikuti Stock Broking Co. Pvt. Ltd.,Sweta Securities Private Limited,340,290.0,98600.0,2025-08-07 14:21:32.877453
2025-08-07,27116,2025080701016522,NBL,Sani Securities Company Ltd.,Dakshinkali Investment & Securities Pvt. Ltd.,300,290.2,87060.0,2025-08-07 14:23:17.574003
2025-08-07,25815,2025080701016776,NBL,Bhrikuti Stock Broking Co. Pvt. Ltd.,Asian Securities Private Ltd.,310,290.0,89900.0,2025-08-07 14:25:40.517750
2025-08-07,25814,2025080701016777,NBL,Bhrikuti Stock Broking Co. Pvt. Ltd.,Asian Securities Private Ltd.,350,290.0,101500.0,2025-08-07 14:25:40.517985
2025-08-07,25813,2025080701016778,NBL,Imperial Securities Company Pvt. Ltd.,Asian Securities Private Ltd.,300,290.0,87000.0,2025-08-07 14:25:40.518092
2025-08-07,25812,2025080701016779,NBL,Trishakti Securities Public Limited,Asian Securities Private Ltd.,10,290.0,2900.0,2025-08-07 14:25:40.518185
2025-08-07,25319,2025080701016854,NBL,Trisul Securities & Invt. Ltd.,Asian Securities Private Ltd.,30,290.0,8700.0,2025-08-07 14:26:39.316159
2025-08-07,24257,2025080701017080,NBL,South Asian Bulls Pvt. Ltd.,Premier Securities Company Ltd.,30,290.0,8700.0,2025-08-07 14:28:42.430806
2025-08-07,23881,2025080701017161,NBL,Midas Stock Broking Company Private Limited,Premier Securities Company Ltd.,20,289.2,5784.0,2025-08-07 14:29:27.051714
2025-08-07,22567,2025080701017412,NBL,Sri Hari Securities Pvt. Ltd.,Secured Securities Ltd.,500,289.3,144650.0,2025-08-07 14:32:05.633047
2025-08-07,21356,2025080701017647,NBL,South Asian Bulls Pvt. Ltd.,Asian Securities Private Ltd.,60,290.0,17400.0,2025-08-07 14:34:37.548656
2025-08-07,19958,2025080701017932,NBL,Oxford Securities Pvt. Ltd.,Sumeru Securities Pvt. Ltd.,50,289.6,14480.0,2025-08-07 14:37:34.166541
2025-08-07,19957,2025080701017933,NBL,Sani Securities Company Ltd.,Sumeru Securities Pvt. Ltd.,150,289.5,43425.0,2025-08-07 14:37:34.166796
2025-08-07,19447,2025080701018033,NBL,Vision Securities Pvt. Ltd,Asian Securities Private Ltd.,200,289.8,57960.0,2025-08-07 14:38:32.532546
2025-08-07,19446,2025080701018034,NBL,Vision Securities Pvt. Ltd,Asian Securities Private Ltd.,200,289.8,57960.0,2025-08-07 14:38:32.532803
2025-08-07,19311,2025080701018063,NBL,Bhrikuti Stock Broking Co. Pvt. Ltd.,Asian Securities Private Ltd.,150,290.0,43500.0,2025-08-07 14:38:51.221960
2025-08-07,19290,2025080701018067,NBL,South Asian Bulls Pvt. Ltd.,Asian Securities Private Ltd.,340,290.0,98600.0,2025-08-07 14:38:53.492756
2025-08-07,19289,2025080701018068,NBL,South Asian Bulls Pvt. Ltd.,J.F. Securites (PVT) Ltd.,160,290.0,46400.0,2025-08-07 14:38:53.493222
2025-08-07,19081,2025080701018129,NBL,Sri Hari Securities Pvt. Ltd.,Asian Securities Private Ltd.,100,289.9,28990.0,2025-08-07 14:39:16.049849
2025-08-07,19080,2025080701018130,NBL,Sri Hari Securities Pvt. Ltd.,J.F. Securites (PVT) Ltd.,202,290.0,58580.0,2025-08-07 14:39:16.050296
2025-08-07,19079,2025080701018131,NBL,Sri Hari Securities Pvt. Ltd.,Premier Securities Company Ltd.,25,290.0,7250.0,2025-08-07 14:39:16.050588
2025-08-07,19078,2025080701018132,NBL,Sri Hari Securities Pvt. Ltd.,INDEX SECURITIES LIMITED,30,290.0,8700.0,2025-08-07 14:39:16.050874
2025-08-07,19077,2025080701018133,NBL,Sri Hari Securities Pvt. Ltd.,Secured Securities Ltd.,51,290.0,14790.0,2025-08-07 14:39:16.051167
2025-08-07,19076,2025080701018134,NBL,Sri Hari Securities Pvt. Ltd.,Siprabi Securities Pvt. Ltd.,59,290.0,17110.0,2025-08-07 14:39:16.051461
2025-08-07,18861,2025080701018172,NBL,Sri Hari Securities Pvt. Ltd.,Market Securities & Exchange (PVT) Ltd.,55,290.0,15950.0,2025-08-07 14:39:38.006136
2025-08-07,18492,2025080701018264,NBL,Sri Hari Securities Pvt. Ltd.,Thrive Brokerage House Pvt. Ltd,400,290.0,116000.0,2025-08-07 14:40:18.473738
2025-08-07,17719,2025080701018417,NBL,Sri Hari Securities Pvt. Ltd.,Sani Securities Company Ltd.,78,290.0,22620.0,2025-08-07 14:41:40.336351
2025-08-07,17718,2025080701018418,NBL,Sani Securities Company Ltd.,Sani Securities Company Ltd.,10,290.0,2900.0,2025-08-07 14:41:40.336638
2025-08-07,17303,2025080701018495,NBL,Vision Securities Pvt. Ltd,Dynamic Money Managers Securities Pvt. Ltd.,205,289.8,59409.0,2025-08-07 14:42:33.290071
2025-08-07,17302,2025080701018496,NBL,Agrawal Securities (PVT) Ltd.,Dynamic Money Managers Securities Pvt. Ltd.,195,289.3,56413.5,2025-08-07 14:42:33.290315
2025-08-07,17266,2025080701018502,NBL,Sani Securities Company Ltd.,Sani Securities Company Ltd.,12,290.0,3480.0,2025-08-07 14:42:38.330917
2025-08-07,17265,2025080701018503,NBL,Sani Securities Company Ltd.,Investment Management Nepal Pvt. Ltd.,200,290.0,58000.0,2025-08-07 14:42:38.331431
2025-08-07,17005,2025080701018526,NBL,Sani Securities Company Ltd.,Thrive Brokerage House Pvt. Ltd,100,290.0,29000.0,2025-08-07 14:42:55.252013
2025-08-07,16802,2025080701018569,NBL,Sani Securities Company Ltd.,Himalayan Securities Limited,50,290.0,14500.0,2025-08-07 14:43:24.931359
2025-08-07,15540,2025080701018790,NBL,Sani Securities Company Ltd.,Linch Stock Market Ltd.,40,290.0,11600.0,2025-08-07 14:45:01.470198
2025-08-07,15374,2025080701018861,NBL,Secured Securities Ltd.,Siprabi Securities Pvt. Ltd.,50,290.5,14525.0,2025-08-07 14:45:20.645163
2025-08-07,15373,2025080701018862,NBL,Secured Securities Ltd.,Asian Securities Private Ltd.,200,290.8,58160.0,2025-08-07 14:45:20.645401
2025-08-07,15372,2025080701018863,NBL,Secured Securities Ltd.,Asian Securities Private Ltd.,300,290.8,87240.0,2025-08-07 14:45:20.645493
2025-08-07,15371,2025080701018864,NBL,Secured Securities Ltd.,Bhrikuti Stock Broking Co. Pvt. Ltd.,200,290.9,58180.0,2025-08-07 14:45:20.645587
2025-08-07,15310,2025080701018881,NBL,Sani Securities Company Ltd.,Beni Securities Pvt.Ltd.,10,290.0,2900.0,2025-08-07 14:45:26.441347
2025-08-07,15251,2025080701018892,NBL,Sani Securities Company Ltd.,Asian Securities Private Ltd.,72,290.0,20880.0,2025-08-07 14:45:32.073094
2025-08-07,14540,2025080701019012,NBL,Agrawal Securities (PVT) Ltd.,Bhrikuti Stock Broking Co. Pvt. Ltd.,800,290.9,232720.0,2025-08-07 14:46:42.626737
2025-08-07,14539,2025080701019013,NBL,Agrawal Securities (PVT) Ltd.,Aryatara Investment & Securities,366,291.0,106506.0,2025-08-07 14:46:42.626855
2025-08-07,14538,2025080701019014,NBL,Agrawal Securities (PVT) Ltd.,Naasa Securities Co. Ltd.,302,291.0,87882.0,2025-08-07 14:46:42.626932
2025-08-07,14537,2025080701019015,NBL,Agrawal Securities (PVT) Ltd.,Agrawal Securities (PVT) Ltd.,32,291.0,9312.0,2025-08-07 14:46:42.627004
2025-08-07,14355,2025080701019063,NBL,South Asian Bulls Pvt. Ltd.,Agrawal Securities (PVT) Ltd.,28,291.0,8148.0,2025-08-07 14:46:58.225442
2025-08-07,14354,2025080701019064,NBL,South Asian Bulls Pvt. Ltd.,Kumari Securities Private Limited,49,291.0,14259.0,2025-08-07 14:46:58.225871
2025-08-07,14353,2025080701019065,NBL,South Asian Bulls Pvt. Ltd.,Naasa Securities Co. Ltd.,123,291.0,35793.0,2025-08-07 14:46:58.226169
2025-08-07,14269,2025080701019079,NBL,Agrawal Securities (PVT) Ltd.,Naasa Securities Co. Ltd.,352,291.0,102432.0,2025-08-07 14:47:05.923388
2025-08-07,14268,2025080701019080,NBL,Agrawal Securities (PVT) Ltd.,Dipshikha Dhitopatra Karobar Co. Pvt Ltd.,137,291.0,39867.0,2025-08-07 14:47:05.923441
2025-08-07,14267,2025080701019081,NBL,Agrawal Securities (PVT) Ltd.,Naasa Securities Co. Ltd.,88,291.0,25608.0,2025-08-07 14:47:05.923463
2025-08-07,14266,2025080701019082,NBL,Agrawal Securities (PVT) Ltd.,Siprabi Securities Pvt. Ltd.,50,291.0,14550.0,2025-08-07 14:47:05.923623
2025-08-07,14265,2025080701019083,NBL,Agrawal Securities (PVT) Ltd.,Trisul Securities & Invt. Ltd.,400,291.0,116400.0,2025-08-07 14:47:05.923644
2025-08-07,14264,2025080701019084,NBL,Agrawal Securities (PVT) Ltd.,Indira securities pvt. ltd,101,291.5,29441.5,2025-08-07 14:47:05.923670
2025-08-07,14263,2025080701019085,NBL,Agrawal Securities (PVT) Ltd.,SUN SECURITIES PVT LTD,246,291.5,71709.0,2025-08-07 14:47:05.923693
2025-08-07,14262,2025080701019086,NBL,Agrawal Securities (PVT) Ltd.,Imperial Securities Company Pvt. Ltd.,100,291.7,29170.0,2025-08-07 14:47:05.923714
2025-08-07,14261,2025080701019087,NBL,Agrawal Securities (PVT) Ltd.,J.F. Securites (PVT) Ltd.,10,291.7,2917.0,2025-08-07 14:47:05.923747
2025-08-07,14260,2025080701019088,NBL,Agrawal Securities (PVT) Ltd.,Dynamic Money Managers Securities Pvt. Ltd.,16,291.7,4667.2,2025-08-07 14:47:05.923771
2025-08-07,14187,2025080701019119,NBL,Agrawal Securities (PVT) Ltd.,Dynamic Money Managers Securities Pvt. Ltd.,100,291.7,29170.0,2025-08-07 14:47:12.068739
2025-08-07,13340,2025080701019285,NBL,Aryatara Investment & Securities,Nabil Stock Dealer Ltd.,200,291.6,58320.0,2025-08-07 14:48:38.142991
2025-08-07,12478,2025080701019493,NBL,Siprabi Securities Pvt. Ltd.,Nabil Stock Dealer Ltd.,200,291.6,58320.0,2025-08-07 14:49:46.355485
2025-08-07,12291,2025080701019525,NBL,Nagarik Stock Dealer ,Neev Securities Pvt. Ltd.,3,288.0,864.0,2025-08-07 14:50:00.373365
2025-08-07,12111,2025080701019570,NBL,Nagarik Stock Dealer ,Vision Securities Pvt. Ltd,1,288.7,288.7,2025-08-07 14:50:15.428739
2025-08-07,11841,2025080701019616,NBL,South Asian Bulls Pvt. Ltd.,Nabil Stock Dealer Ltd.,50,291.6,14580.0,2025-08-07 14:50:37.269117
2025-08-07,11809,2025080701019625,NBL,Bhrikuti Stock Broking Co. Pvt. Ltd.,Nabil Stock Dealer Ltd.,300,291.6,87480.0,2025-08-07 14:50:40.208113
2025-08-07,11563,2025080701019660,NBL,Siprabi Securities Pvt. Ltd.,Sumeru Securities Pvt. Ltd.,200,291.5,58300.0,2025-08-07 14:51:03.205359
2025-08-07,11546,2025080701019665,NBL,Siprabi Securities Pvt. Ltd.,Sumeru Securities Pvt. Ltd.,370,291.5,107855.0,2025-08-07 14:51:04.645805
2025-08-07,11518,2025080701019677,NBL,Online Securities Pvt. Ltd.,Sumeru Securities Pvt. Ltd.,230,291.5,67045.0,2025-08-07 14:51:06.648039
2025-08-07,11517,2025080701019678,NBL,Online Securities Pvt. Ltd.,Nabil Stock Dealer Ltd.,120,291.6,34992.0,2025-08-07 14:51:06.648451
2025-08-07,11300,2025080701019721,NBL,Online Securities Pvt. Ltd.,Naasa Securities Co. Ltd.,100,291.0,29100.0,2025-08-07 14:51:20.281237
2025-08-07,11299,2025080701019722,NBL,N.M.B. SECURITIES LIMITED,Naasa Securities Co. Ltd.,98,290.6,28478.8,2025-08-07 14:51:20.281465
2025-08-07,11293,2025080701019724,NBL,Nagarik Stock Dealer ,Dakshinkali Investment & Securities Pvt. Ltd.,6,290.0,1740.0,2025-08-07 14:51:20.984362
2025-08-07,11017,2025080701019804,NBL,Dipshikha Dhitopatra Karobar Co. Pvt Ltd.,Opal Securities Investment (PVT) Ltd.,135,291.0,39285.0,2025-08-07 14:51:40.993264
2025-08-07,10750,2025080701019841,NBL,Nagarik Stock Dealer ,Opal Securities Investment (PVT) Ltd.,20,291.0,5820.0,2025-08-07 14:52:00.129331
2025-08-07,10280,2025080701019959,NBL,Dipshikha Dhitopatra Karobar Co. Pvt Ltd.,Sipla Securities Private Limited,1,288.8,288.8,2025-08-07 14:52:28.657747
2025-08-07,10258,2025080701019962,NBL,Naasa Securities Co. Ltd.,Opal Securities Investment (PVT) Ltd.,10,291.0,2910.0,2025-08-07 14:52:29.780440
2025-08-07,9711,2025080701020062,NBL,Thrive Brokerage House Pvt. Ltd,Opal Securities Investment (PVT) Ltd.,250,291.0,72750.0,2025-08-07 14:53:11.526737
2025-08-07,9566,2025080701020082,NBL,Cristal Kanchanjanga Securites Pvt. Ltd.,Opal Securities Investment (PVT) Ltd.,500,291.0,145500.0,2025-08-07 14:53:19.517030
2025-08-07,9489,2025080701020093,NBL,Dipshikha Dhitopatra Karobar Co. Pvt Ltd.,Opal Securities Investment (PVT) Ltd.,13,291.0,3783.0,2025-08-07 14:53:24.625850
2025-08-07,7290,2025080701020502,NBL,Siprabi Securities Pvt. Ltd.,Capital Max Securities Ltd,10,290.7,2907.0,2025-08-07 14:55:32.670625
2025-08-07,7226,2025080701020513,NBL,Siprabi Securities Pvt. Ltd.,Aryatara Investment & Securities,10,290.7,2907.0,2025-08-07 14:55:39.604496
2025-08-07,7104,2025080701020546,NBL,Siprabi Securities Pvt. Ltd.,Deevyaa Securities & Stock House Pvt. Ltd,180,290.7,52326.0,2025-08-07 14:55:45.609289
2025-08-07,7103,2025080701020547,NBL,N.M.B. SECURITIES LIMITED,Deevyaa Securities & Stock House Pvt. Ltd,853,290.6,247881.8,2025-08-07 14:55:45.609745
2025-08-07,6941,2025080701020566,NBL,Secured Securities Ltd.,Opal Securities Investment (PVT) Ltd.,72,291.0,20952.0,2025-08-07 14:55:52.715570
2025-08-07,6940,2025080701020567,NBL,Secured Securities Ltd.,Linch Stock Market Ltd.,41,291.0,11931.0,2025-08-07 14:55:52.715998
2025-08-07,6939,2025080701020568,NBL,Secured Securities Ltd.,Imperial Securities Company Pvt. Ltd.,312,291.0,90792.0,2025-08-07 14:55:52.716300
2025-08-07,6938,2025080701020569,NBL,Secured Securities Ltd.,Nagarik Stock Dealer ,72,291.4,20980.8,2025-08-07 14:55:52.716578
2025-08-07,6937,2025080701020570,NBL,Secured Securities Ltd.,Agrawal Securities (PVT) Ltd.,53,291.5,15449.5,2025-08-07 14:55:52.716856
2025-08-07,6479,2025080701020618,NBL,N.M.B. SECURITIES LIMITED,Nabil Stock Dealer Ltd.,250,290.6,72650.0,2025-08-07 14:56:14.456511
2025-08-07,5628,2025080701020790,NBL,N.M.B. SECURITIES LIMITED,Vision Securities Pvt. Ltd,714,290.6,207488.4,2025-08-07 14:57:01.491982
2025-08-07,5480,2025080701020815,NBL,N.M.B. SECURITIES LIMITED,ABC Securities Private Limited,85,290.6,24701.0,2025-08-07 14:57:08.063381
2025-08-07,5479,2025080701020816,NBL,Trisul Securities & Invt. Ltd.,ABC Securities Private Limited,80,290.6,23248.0,2025-08-07 14:57:08.063808
2025-08-07,5204,2025080701020871,NBL,Thrive Brokerage House Pvt. Ltd,ABC Securities Private Limited,35,290.6,10171.0,2025-08-07 14:57:20.221742
2025-08-07,5203,2025080701020872,NBL,Thrive Brokerage House Pvt. Ltd,Kohinoor Investment & Securities Pvt. Ltd.,565,291.0,164415.0,2025-08-07 14:57:20.222070
2025-08-07,4965,2025080701020933,NBL,Aryatara Investment & Securities,Asian Securities Private Ltd.,50,290.2,14510.0,2025-08-07 14:57:29.884516
2025-08-07,4309,2025080701021035,NBL,Sweta Securities Private Limited,Primo Securities (PVT) Ltd.,5,291.0,1455.0,2025-08-07 14:57:56.121783
2025-08-07,4063,2025080701021065,NBL,Imperial Securities Company Pvt. Ltd.,Kohinoor Investment & Securities Pvt. Ltd.,429,291.0,124839.0,2025-08-07 14:58:02.142492
2025-08-07,4062,2025080701021066,NBL,Imperial Securities Company Pvt. Ltd.,Agrawal Securities (PVT) Ltd.,571,291.5,166446.5,2025-08-07 14:58:02.142699
2025-08-07,2605,2025080701021322,NBL,Primo Securities (PVT) Ltd.,Oxford Securities Pvt. Ltd.,200,291.5,58300.0,2025-08-07 14:58:56.338547
2025-08-07,2477,2025080701021365,NBL,Primo Securities (PVT) Ltd.,Agrawal Securities (PVT) Ltd.,86,291.5,25069.0,2025-08-07 14:59:01.142522
2025-08-07,2476,2025080701021366,NBL,Sumeru Securities Pvt. Ltd.,Agrawal Securities (PVT) Ltd.,914,291.0,265974.0,2025-08-07 14:59:01.142729
2025-08-07,1504,2025080701021587,NBL,Sumeru Securities Pvt. Ltd.,Dynamic Money Managers Securities Pvt. Ltd.,884,291.7,257862.8,2025-08-07 14:59:27.574861
2025-08-07,1503,2025080701021588,NBL,Sumeru Securities Pvt. Ltd.,Kumari Securities Private Limited,116,291.9,33860.4,2025-08-07 14:59:27.575088
2025-08-07,1379,2025080701021604,NBL,Sumeru Securities Pvt. Ltd.,Investment Management Nepal Pvt. Ltd.,86,291.0,25026.0,2025-08-07 14:59:29.814446
2025-08-07,1378,2025080701021605,NBL,Naasa Securities Co. Ltd.,Investment Management Nepal Pvt. Ltd.,170,291.0,49470.0,2025-08-07 14:59:29.814667
2025-08-07,1062,2025080701021658,NBL,Naasa Securities Co. Ltd.,Investment Management Nepal Pvt. Ltd.,10,291.0,2910.0,2025-08-07 14:59:37.146942
2025-08-07,8,2025080701021822,NBL,Sewa Securities Pvt. Ltd.,Investment Management Nepal Pvt. Ltd.,150,291.0,43650.0,2025-08-07 14:59:59.733610
