Date,S.N.,contract_id,symbol,buyer_broker,seller_broker,volume,price,amount,transaction_time
2025-08-07,95216,2025080703000065,NFS,Dakshinkali Investment & Securities Pvt. Ltd.,Dynamic Money Managers Securities Pvt. Ltd.,10,745.0,7450.0,2025-08-07 11:01:59.116738
2025-08-07,94538,2025080703000173,NFS,ABC Securities Private Limited,Capital Max Securities Ltd,200,744.5,148900.0,2025-08-07 11:04:23.460534
2025-08-07,93959,2025080703000258,NFS,Capital Max Securities Ltd,Capital Max Securities Ltd,50,744.5,37225.0,2025-08-07 11:06:31.965122
2025-08-07,93617,2025080703000303,NFS,Imperial Securities Company Pvt. Ltd.,Neev Securities Pvt. Ltd.,100,744.0,74400.0,2025-08-07 11:07:45.586748
2025-08-07,93373,2025080703000344,NFS,Imperial Securities Company Pvt. Ltd.,Vision Securities Pvt. Ltd,18,744.0,13392.0,2025-08-07 11:08:31.563916
2025-08-07,93350,2025080703000346,NFS,Imperial Securities Company Pvt. Ltd.,Kalika Securities Pvt. Ltd.,16,744.0,11904.0,2025-08-07 11:08:34.122531
2025-08-07,92684,2025080703000488,NFS,Trisul Securities & Invt. Ltd.,Midas Stock Broking Company Private Limited,100,743.0,74300.0,2025-08-07 11:10:26.682059
2025-08-07,92298,2025080703000556,NFS,Naasa Securities Co. Ltd.,Magnet Securities and Investment Company Private Limited,24,742.9,17829.6,2025-08-07 11:11:48.056640
2025-08-07,91334,2025080703000710,NFS,Opal Securities Investment (PVT) Ltd.,Midas Stock Broking Company Private Limited,60,740.0,44400.0,2025-08-07 11:14:42.648191
2025-08-07,91234,2025080703000727,NFS,Opal Securities Investment (PVT) Ltd.,Aryatara Investment & Securities,10,740.0,7400.0,2025-08-07 11:15:01.769759
2025-08-07,91207,2025080703000729,NFS,Opal Securities Investment (PVT) Ltd.,Kalika Securities Pvt. Ltd.,30,740.0,22200.0,2025-08-07 11:15:03.409786
2025-08-07,91106,2025080703000740,NFS,Aryatara Investment & Securities,ABC Securities Private Limited,50,741.5,37075.0,2025-08-07 11:15:29.246767
2025-08-07,90949,2025080703000768,NFS,Naasa Securities Co. Ltd.,Nagarik Stock Dealer ,500,735.0,367500.0,2025-08-07 11:15:59.704596
2025-08-07,90948,2025080703000769,NFS,Nepal Investment And Securities Trading Private Limited,Nagarik Stock Dealer ,200,734.0,146800.0,2025-08-07 11:15:59.704816
2025-08-07,90947,2025080703000770,NFS,ABC Securities Private Limited,Nagarik Stock Dealer ,100,734.0,73400.0,2025-08-07 11:15:59.704983
2025-08-07,90946,2025080703000771,NFS,ABC Securities Private Limited,Nagarik Stock Dealer ,100,732.0,73200.0,2025-08-07 11:15:59.705184
2025-08-07,90945,2025080703000772,NFS,South Asian Bulls Pvt. Ltd.,Nagarik Stock Dealer ,500,732.0,366000.0,2025-08-07 11:15:59.705355
2025-08-07,90944,2025080703000773,NFS,Creative Securities Pvt Ltd,Nagarik Stock Dealer ,60,731.4,43884.0,2025-08-07 11:15:59.705535
2025-08-07,90943,2025080703000774,NFS,Naasa Securities Co. Ltd.,Nagarik Stock Dealer ,40,731.4,29256.0,2025-08-07 11:15:59.705698
2025-08-07,90611,2025080703000815,NFS,Midas Stock Broking Company Private Limited,Ashutosh Brokerage & Securities (PVT) Ltd.,40,734.0,29360.0,2025-08-07 11:17:07.011186
2025-08-07,90554,2025080703000831,NFS,Aryatara Investment & Securities,Aryatara Investment & Securities,10,740.0,7400.0,2025-08-07 11:17:18.645607
2025-08-07,90062,2025080703000953,NFS,Naasa Securities Co. Ltd.,Dynamic Money Managers Securities Pvt. Ltd.,32,740.0,23680.0,2025-08-07 11:18:47.909090
2025-08-07,89628,2025080703001060,NFS,Miyo Securities Pvt Ltd,Kalika Securities Pvt. Ltd.,10,735.0,7350.0,2025-08-07 11:19:46.484751
2025-08-07,89627,2025080703001061,NFS,ABC Securities Private Limited,Kalika Securities Pvt. Ltd.,44,735.0,32340.0,2025-08-07 11:19:46.484876
2025-08-07,89084,2025080703001151,NFS,ABC Securities Private Limited,Miyo Securities Pvt Ltd,30,735.0,22050.0,2025-08-07 11:21:07.264838
2025-08-07,88958,2025080703001183,NFS,ABC Securities Private Limited,Vision Securities Pvt. Ltd,26,735.0,19110.0,2025-08-07 11:21:25.951189
2025-08-07,88957,2025080703001184,NFS,Sri Hari Securities Pvt. Ltd.,Vision Securities Pvt. Ltd,55,735.0,40425.0,2025-08-07 11:21:25.951386
2025-08-07,88956,2025080703001185,NFS,Midas Stock Broking Company Private Limited,Vision Securities Pvt. Ltd,120,734.0,88080.0,2025-08-07 11:21:25.951525
2025-08-07,88955,2025080703001186,NFS,Agrawal Securities (PVT) Ltd.,Vision Securities Pvt. Ltd,200,732.0,146400.0,2025-08-07 11:21:25.951658
2025-08-07,88954,2025080703001187,NFS,Naasa Securities Co. Ltd.,Vision Securities Pvt. Ltd,500,732.0,366000.0,2025-08-07 11:21:25.951785
2025-08-07,88602,2025080703001255,NFS,Thrive Brokerage House Pvt. Ltd,Vision Securities Pvt. Ltd,99,732.0,72468.0,2025-08-07 11:22:21.699772
2025-08-07,88062,2025080703001382,NFS,Shree Krishna Securities Ltd.,Dipshikha Dhitopatra Karobar Co. Pvt Ltd.,17,732.1,12445.7,2025-08-07 11:23:47.874932
2025-08-07,88061,2025080703001383,NFS,Thrive Brokerage House Pvt. Ltd,Dipshikha Dhitopatra Karobar Co. Pvt Ltd.,83,732.0,60756.0,2025-08-07 11:23:47.875149
2025-08-07,87705,2025080703001449,NFS,Beni Securities Pvt.Ltd.,Trishakti Securities Public Limited,200,733.0,146600.0,2025-08-07 11:24:52.285679
2025-08-07,87390,2025080703001516,NFS,Beni Securities Pvt.Ltd.,Sani Securities Company Ltd.,82,733.0,60106.0,2025-08-07 11:26:07.281699
2025-08-07,86944,2025080703001589,NFS,Siprabi Securities Pvt. Ltd.,Dipshikha Dhitopatra Karobar Co. Pvt Ltd.,10,733.1,7331.0,2025-08-07 11:27:23.391483
2025-08-07,86873,2025080703001608,NFS,Beni Securities Pvt.Ltd.,Dipshikha Dhitopatra Karobar Co. Pvt Ltd.,50,733.0,36650.0,2025-08-07 11:27:41.509388
2025-08-07,86719,2025080703001628,NFS,Beni Securities Pvt.Ltd.,Dipshikha Dhitopatra Karobar Co. Pvt Ltd.,50,733.0,36650.0,2025-08-07 11:28:12.755449
2025-08-07,85646,2025080703001755,NFS,Vision Securities Pvt. Ltd,Primo Securities (PVT) Ltd.,20,733.1,14662.0,2025-08-07 11:31:19.748283
2025-08-07,85509,2025080703001777,NFS,Online Securities Pvt. Ltd.,Aryatara Investment & Securities,15,735.0,11025.0,2025-08-07 11:31:32.603081
2025-08-07,85405,2025080703001789,NFS,Sani Securities Company Ltd.,Linch Stock Market Ltd.,13,733.1,9530.3,2025-08-07 11:31:52.827841
2025-08-07,85404,2025080703001790,NFS,Beni Securities Pvt.Ltd.,Linch Stock Market Ltd.,88,733.0,64504.0,2025-08-07 11:31:52.827951
2025-08-07,85403,2025080703001791,NFS,Thrive Brokerage House Pvt. Ltd,Linch Stock Market Ltd.,259,732.0,189588.0,2025-08-07 11:31:52.828015
2025-08-07,84517,2025080703001997,NFS,Beni Securities Pvt.Ltd.,Sani Securities Company Ltd.,10,737.0,7370.0,2025-08-07 11:34:53.584713
2025-08-07,84028,2025080703002066,NFS,Market Securities & Exchange (PVT) Ltd.,Sani Securities Company Ltd.,250,737.0,184250.0,2025-08-07 11:36:28.195826
2025-08-07,83888,2025080703002084,NFS,Primo Securities (PVT) Ltd.,Sani Securities Company Ltd.,16,733.1,11729.6,2025-08-07 11:36:56.693338
2025-08-07,83725,2025080703002117,NFS,Beni Securities Pvt.Ltd.,Sri Hari Securities Pvt. Ltd.,10,736.0,7360.0,2025-08-07 11:37:35.030145
2025-08-07,83615,2025080703002132,NFS,Primo Securities (PVT) Ltd.,Capital Max Securities Ltd,84,733.1,61580.4,2025-08-07 11:37:51.704520
2025-08-07,83614,2025080703002133,NFS,Online Securities Pvt. Ltd.,Capital Max Securities Ltd,35,733.0,25655.0,2025-08-07 11:37:51.704764
2025-08-07,83613,2025080703002134,NFS,Thrive Brokerage House Pvt. Ltd,Capital Max Securities Ltd,100,732.2,73220.0,2025-08-07 11:37:51.704920
2025-08-07,83612,2025080703002135,NFS,Online Securities Pvt. Ltd.,Capital Max Securities Ltd,35,732.1,25623.5,2025-08-07 11:37:51.705085
2025-08-07,83611,2025080703002136,NFS,Sagarmatha Securities Private Limited,Capital Max Securities Ltd,100,732.1,73210.0,2025-08-07 11:37:51.705232
2025-08-07,83610,2025080703002137,NFS,Thrive Brokerage House Pvt. Ltd,Capital Max Securities Ltd,559,732.0,409188.0,2025-08-07 11:37:51.705395
2025-08-07,83609,2025080703002138,NFS,Ashutosh Brokerage & Securities (PVT) Ltd.,Capital Max Securities Ltd,17,732.0,12444.0,2025-08-07 11:37:51.705538
2025-08-07,83608,2025080703002139,NFS,South Asian Bulls Pvt. Ltd.,Capital Max Securities Ltd,70,732.0,51240.0,2025-08-07 11:37:51.705693
2025-08-07,81880,2025080703002330,NFS,Secured Securities Ltd.,Trishakti Securities Public Limited,25,737.8,18445.0,2025-08-07 11:42:51.299277
2025-08-07,81879,2025080703002331,NFS,Secured Securities Ltd.,Sani Securities Company Ltd.,50,737.9,36895.0,2025-08-07 11:42:51.299535
2025-08-07,81878,2025080703002332,NFS,Secured Securities Ltd.,Magnet Securities and Investment Company Private Limited,220,739.7,162734.0,2025-08-07 11:42:51.299692
2025-08-07,79655,2025080703002602,NFS,Aryatara Investment & Securities,Magnet Securities and Investment Company Private Limited,200,739.7,147940.0,2025-08-07 11:49:26.375968
2025-08-07,79005,2025080703002681,NFS,Imperial Securities Company Pvt. Ltd.,Magnet Securities and Investment Company Private Limited,56,739.7,41423.2,2025-08-07 11:51:11.599002
2025-08-07,79004,2025080703002682,NFS,Imperial Securities Company Pvt. Ltd.,Dynamic Money Managers Securities Pvt. Ltd.,68,740.0,50320.0,2025-08-07 11:51:11.599322
2025-08-07,79003,2025080703002683,NFS,Imperial Securities Company Pvt. Ltd.,Vision Securities Pvt. Ltd,50,740.0,37000.0,2025-08-07 11:51:11.599494
2025-08-07,79002,2025080703002684,NFS,Imperial Securities Company Pvt. Ltd.,Sri Hari Securities Pvt. Ltd.,38,740.0,28120.0,2025-08-07 11:51:11.599655
2025-08-07,79001,2025080703002685,NFS,Imperial Securities Company Pvt. Ltd.,Linch Stock Market Ltd.,200,740.0,148000.0,2025-08-07 11:51:11.599818
2025-08-07,78494,2025080703002781,NFS,Imperial Securities Company Pvt. Ltd.,Naasa Securities Co. Ltd.,88,740.0,65120.0,2025-08-07 11:52:53.295314
2025-08-07,78493,2025080703002782,NFS,Imperial Securities Company Pvt. Ltd.,Naasa Securities Co. Ltd.,112,740.0,82880.0,2025-08-07 11:52:53.295588
2025-08-07,78485,2025080703002786,NFS,Premier Securities Company Ltd.,ABC Securities Private Limited,20,741.5,14830.0,2025-08-07 11:52:54.186287
2025-08-07,77886,2025080703002867,NFS,Imperial Securities Company Pvt. Ltd.,Arun Securities (PVT) Ltd.,130,741.0,96330.0,2025-08-07 11:54:50.994494
2025-08-07,77703,2025080703002899,NFS,Oxford Securities Pvt. Ltd.,ABC Securities Private Limited,10,741.5,7415.0,2025-08-07 11:55:25.892064
2025-08-07,77702,2025080703002900,NFS,Oxford Securities Pvt. Ltd.,Sumeru Securities Pvt. Ltd.,490,741.8,363482.0,2025-08-07 11:55:25.892199
2025-08-07,77646,2025080703002914,NFS,Imperial Securities Company Pvt. Ltd.,Sani Securities Company Ltd.,125,741.0,92625.0,2025-08-07 11:55:36.575831
2025-08-07,77527,2025080703002934,NFS,Beni Securities Pvt.Ltd.,Sumeru Securities Pvt. Ltd.,10,741.8,7418.0,2025-08-07 11:56:02.737701
2025-08-07,77526,2025080703002935,NFS,Beni Securities Pvt.Ltd.,Capital Max Securities Ltd,10,743.5,7435.0,2025-08-07 11:56:02.737801
2025-08-07,77368,2025080703002976,NFS,Beni Securities Pvt.Ltd.,Capital Max Securities Ltd,40,743.5,29740.0,2025-08-07 11:56:27.813005
2025-08-07,77367,2025080703002977,NFS,Beni Securities Pvt.Ltd.,Dynamic Money Managers Securities Pvt. Ltd.,10,744.0,7440.0,2025-08-07 11:56:27.813151
2025-08-07,77039,2025080703003028,NFS,Sani Securities Company Ltd.,Dynamic Money Managers Securities Pvt. Ltd.,10,744.0,7440.0,2025-08-07 11:57:24.194530
2025-08-07,76979,2025080703003033,NFS,Imperial Securities Company Pvt. Ltd.,Dynamic Money Managers Securities Pvt. Ltd.,70,744.0,52080.0,2025-08-07 11:57:33.278117
2025-08-07,76978,2025080703003034,NFS,Imperial Securities Company Pvt. Ltd.,Premier Securities Company Ltd.,25,744.0,18600.0,2025-08-07 11:57:33.278304
2025-08-07,76715,2025080703003077,NFS,Imperial Securities Company Pvt. Ltd.,Neev Securities Pvt. Ltd.,38,744.4,28287.2,2025-08-07 11:58:26.952914
2025-08-07,76673,2025080703003082,NFS,Beni Securities Pvt.Ltd.,Neev Securities Pvt. Ltd.,10,744.4,7444.0,2025-08-07 11:58:38.161921
2025-08-07,76357,2025080703003128,NFS,Online Securities Pvt. Ltd.,Neev Securities Pvt. Ltd.,50,744.4,37220.0,2025-08-07 11:59:43.423252
2025-08-07,76343,2025080703003129,NFS,Opal Securities Investment (PVT) Ltd.,Swarna Laxmi Securities Pvt. Ltd.,100,744.0,74400.0,2025-08-07 11:59:48.133069
2025-08-07,76162,2025080703003171,NFS,Opal Securities Investment (PVT) Ltd.,Vision Securities Pvt. Ltd,190,744.0,141360.0,2025-08-07 12:00:22.968306
2025-08-07,76116,2025080703003185,NFS,Opal Securities Investment (PVT) Ltd.,Secured Securities Ltd.,10,744.0,7440.0,2025-08-07 12:00:36.413426
2025-08-07,76114,2025080703003187,NFS,Aryatara Investment & Securities,Secured Securities Ltd.,100,744.0,74400.0,2025-08-07 12:00:36.541411
2025-08-07,74747,2025080703003431,NFS,Kohinoor Investment & Securities Pvt. Ltd.,Secured Securities Ltd.,90,744.0,66960.0,2025-08-07 12:04:17.195920
2025-08-07,74746,2025080703003432,NFS,Kohinoor Investment & Securities Pvt. Ltd.,Secured Securities Ltd.,10,744.0,7440.0,2025-08-07 12:04:17.196056
2025-08-07,74604,2025080703003451,NFS,Sewa Securities Pvt. Ltd.,Secured Securities Ltd.,290,744.0,215760.0,2025-08-07 12:04:37.289527
2025-08-07,72926,2025080703003700,NFS,Premier Securities Company Ltd.,Aryatara Investment & Securities,100,744.5,74450.0,2025-08-07 12:08:24.588659
2025-08-07,72925,2025080703003701,NFS,Premier Securities Company Ltd.,Cristal Kanchanjanga Securites Pvt. Ltd.,20,744.5,14890.0,2025-08-07 12:08:24.588757
2025-08-07,72924,2025080703003702,NFS,Premier Securities Company Ltd.,S.P.S.A. Securities Limited,300,744.5,223350.0,2025-08-07 12:08:24.588845
2025-08-07,72923,2025080703003703,NFS,Premier Securities Company Ltd.,South Asian Bulls Pvt. Ltd.,30,744.9,22347.0,2025-08-07 12:08:24.588920
2025-08-07,72922,2025080703003704,NFS,Premier Securities Company Ltd.,Linch Stock Market Ltd.,50,744.9,37245.0,2025-08-07 12:08:24.588992
2025-08-07,72921,2025080703003705,NFS,Premier Securities Company Ltd.,Aryatara Investment & Securities,100,745.0,74500.0,2025-08-07 12:08:24.589081
2025-08-07,72920,2025080703003706,NFS,Premier Securities Company Ltd.,Aryatara Investment & Securities,10,745.0,7450.0,2025-08-07 12:08:24.589152
2025-08-07,72919,2025080703003707,NFS,Premier Securities Company Ltd.,Kalika Securities Pvt. Ltd.,90,745.0,67050.0,2025-08-07 12:08:24.589224
2025-08-07,72734,2025080703003730,NFS,Cristal Kanchanjanga Securites Pvt. Ltd.,Kalika Securities Pvt. Ltd.,70,745.0,52150.0,2025-08-07 12:08:53.801440
2025-08-07,72733,2025080703003731,NFS,Cristal Kanchanjanga Securites Pvt. Ltd.,Aryatara Investment & Securities,50,745.0,37250.0,2025-08-07 12:08:53.801579
2025-08-07,72732,2025080703003732,NFS,Cristal Kanchanjanga Securites Pvt. Ltd.,Opal Securities Investment (PVT) Ltd.,10,745.0,7450.0,2025-08-07 12:08:53.801637
2025-08-07,71663,2025080703003904,NFS,Sewa Securities Pvt. Ltd.,Aryatara Investment & Securities,45,745.3,33538.5,2025-08-07 12:12:08.663011
2025-08-07,70628,2025080703004098,NFS,Online Securities Pvt. Ltd.,Vision Securities Pvt. Ltd,14,745.0,10430.0,2025-08-07 12:14:50.630633
2025-08-07,70117,2025080703004181,NFS,Online Securities Pvt. Ltd.,Imperial Securities Company Pvt. Ltd.,19,745.0,14155.0,2025-08-07 12:16:05.131104
2025-08-07,70116,2025080703004182,NFS,Aryatara Investment & Securities,Imperial Securities Company Pvt. Ltd.,10,745.0,7450.0,2025-08-07 12:16:05.131396
2025-08-07,69968,2025080703004210,NFS,Creative Securities Pvt Ltd,Imperial Securities Company Pvt. Ltd.,100,745.0,74500.0,2025-08-07 12:16:26.331156
2025-08-07,69884,2025080703004224,NFS,Bhrikuti Stock Broking Co. Pvt. Ltd.,Imperial Securities Company Pvt. Ltd.,60,745.0,44700.0,2025-08-07 12:16:37.811440
2025-08-07,69406,2025080703004322,NFS,Deevyaa Securities & Stock House Pvt. Ltd,Naasa Securities Co. Ltd.,15,745.0,11175.0,2025-08-07 12:18:03.000400
2025-08-07,69312,2025080703004338,NFS,Deevyaa Securities & Stock House Pvt. Ltd,Imperial Securities Company Pvt. Ltd.,85,745.0,63325.0,2025-08-07 12:18:19.783497
2025-08-07,69311,2025080703004339,NFS,Nepal Stock House (PVT) Ltd.,Imperial Securities Company Pvt. Ltd.,20,744.0,14880.0,2025-08-07 12:18:19.783692
2025-08-07,69310,2025080703004340,NFS,Sewa Securities Pvt. Ltd.,Imperial Securities Company Pvt. Ltd.,200,743.1,148620.0,2025-08-07 12:18:19.783756
2025-08-07,69229,2025080703004355,NFS,Premier Securities Company Ltd.,Imperial Securities Company Pvt. Ltd.,16,743.0,11888.0,2025-08-07 12:18:38.984070
2025-08-07,68738,2025080703004436,NFS,Premier Securities Company Ltd.,Imperial Securities Company Pvt. Ltd.,150,742.1,111315.0,2025-08-07 12:19:55.857906
2025-08-07,68690,2025080703004445,NFS,Nepal Stock House (PVT) Ltd.,Trisul Securities & Invt. Ltd.,200,744.0,148800.0,2025-08-07 12:20:08.568437
2025-08-07,68528,2025080703004488,NFS,Premier Securities Company Ltd.,Imperial Securities Company Pvt. Ltd.,40,742.1,29684.0,2025-08-07 12:20:35.338116
2025-08-07,67511,2025080703004631,NFS,Premier Securities Company Ltd.,Imperial Securities Company Pvt. Ltd.,10,742.1,7421.0,2025-08-07 12:23:30.701835
2025-08-07,67476,2025080703004642,NFS,Premier Securities Company Ltd.,Sani Securities Company Ltd.,34,742.1,25231.4,2025-08-07 12:23:39.176599
2025-08-07,67475,2025080703004643,NFS,Naasa Securities Co. Ltd.,Sani Securities Company Ltd.,10,742.0,7420.0,2025-08-07 12:23:39.176888
2025-08-07,67474,2025080703004644,NFS,Aryatara Investment & Securities,Sani Securities Company Ltd.,100,742.0,74200.0,2025-08-07 12:23:39.177082
2025-08-07,67390,2025080703004657,NFS,Midas Stock Broking Company Private Limited,Market Securities & Exchange (PVT) Ltd.,5,735.0,3675.0,2025-08-07 12:23:57.074848
2025-08-07,67278,2025080703004672,NFS,Kohinoor Investment & Securities Pvt. Ltd.,Sani Securities Company Ltd.,90,741.5,66735.0,2025-08-07 12:24:22.674516
2025-08-07,67239,2025080703004682,NFS,Kohinoor Investment & Securities Pvt. Ltd.,Trisul Securities & Invt. Ltd.,10,741.5,7415.0,2025-08-07 12:24:31.771730
2025-08-07,67037,2025080703004734,NFS,Premier Securities Company Ltd.,Trisul Securities & Invt. Ltd.,300,741.0,222300.0,2025-08-07 12:25:06.980685
2025-08-07,67036,2025080703004735,NFS,Nepal Stock House (PVT) Ltd.,Trisul Securities & Invt. Ltd.,100,741.0,74100.0,2025-08-07 12:25:06.980962
2025-08-07,66747,2025080703004766,NFS,Siprabi Securities Pvt. Ltd.,Sani Securities Company Ltd.,300,740.0,222000.0,2025-08-07 12:25:54.939847
2025-08-07,66746,2025080703004767,NFS,Oxford Securities Pvt. Ltd.,Sani Securities Company Ltd.,50,740.0,37000.0,2025-08-07 12:25:54.940209
2025-08-07,66745,2025080703004768,NFS,Imperial Securities Company Pvt. Ltd.,Sani Securities Company Ltd.,27,740.0,19980.0,2025-08-07 12:25:54.940388
2025-08-07,66744,2025080703004769,NFS,Naasa Securities Co. Ltd.,Sani Securities Company Ltd.,293,740.0,216820.0,2025-08-07 12:25:54.940600
2025-08-07,65800,2025080703004948,NFS,Naasa Securities Co. Ltd.,Dipshikha Dhitopatra Karobar Co. Pvt Ltd.,40,743.9,29756.0,2025-08-07 12:28:30.973306
2025-08-07,64688,2025080703005157,NFS,Online Securities Pvt. Ltd.,Trisul Securities & Invt. Ltd.,25,744.0,18600.0,2025-08-07 12:31:24.013338
2025-08-07,63389,2025080703005370,NFS,Aryatara Investment & Securities,Neev Securities Pvt. Ltd.,100,740.1,74010.0,2025-08-07 12:34:48.200613
2025-08-07,63388,2025080703005371,NFS,Naasa Securities Co. Ltd.,Neev Securities Pvt. Ltd.,207,740.0,153180.0,2025-08-07 12:34:48.200706
2025-08-07,63387,2025080703005372,NFS,Naasa Securities Co. Ltd.,Neev Securities Pvt. Ltd.,500,739.0,369500.0,2025-08-07 12:34:48.200777
2025-08-07,63386,2025080703005373,NFS,Naasa Securities Co. Ltd.,Neev Securities Pvt. Ltd.,193,736.5,142144.5,2025-08-07 12:34:48.200843
2025-08-07,63153,2025080703005402,NFS,Naasa Securities Co. Ltd.,Online Securities Pvt. Ltd.,100,736.5,73650.0,2025-08-07 12:35:30.596846
2025-08-07,62594,2025080703005512,NFS,Naasa Securities Co. Ltd.,Sri Hari Securities Pvt. Ltd.,207,736.5,152455.5,2025-08-07 12:37:09.152177
2025-08-07,62476,2025080703005548,NFS,Aryatara Investment & Securities,Sri Hari Securities Pvt. Ltd.,200,736.0,147200.0,2025-08-07 12:37:29.643641
2025-08-07,62401,2025080703005570,NFS,Aryatara Investment & Securities,Sri Hari Securities Pvt. Ltd.,93,735.0,68355.0,2025-08-07 12:37:44.899144
2025-08-07,59142,2025080703006197,NFS,Beni Securities Pvt.Ltd.,Sweta Securities Private Limited,10,741.0,7410.0,2025-08-07 12:49:16.079409
2025-08-07,58954,2025080703006230,NFS,Thrive Brokerage House Pvt. Ltd,Sweta Securities Private Limited,50,741.0,37050.0,2025-08-07 12:49:59.737462
2025-08-07,58812,2025080703006251,NFS,Oxford Securities Pvt. Ltd.,Sweta Securities Private Limited,50,741.0,37050.0,2025-08-07 12:50:28.107396
2025-08-07,58811,2025080703006252,NFS,Oxford Securities Pvt. Ltd.,Neev Securities Pvt. Ltd.,70,742.0,51940.0,2025-08-07 12:50:28.107724
2025-08-07,58810,2025080703006253,NFS,Oxford Securities Pvt. Ltd.,ABC Securities Private Limited,100,742.0,74200.0,2025-08-07 12:50:28.107933
2025-08-07,58809,2025080703006254,NFS,Oxford Securities Pvt. Ltd.,Linch Stock Market Ltd.,54,742.9,40116.6,2025-08-07 12:50:28.108157
2025-08-07,58808,2025080703006255,NFS,Oxford Securities Pvt. Ltd.,Vision Securities Pvt. Ltd,76,743.0,56468.0,2025-08-07 12:50:28.108369
2025-08-07,57498,2025080703006496,NFS,Dipshikha Dhitopatra Karobar Co. Pvt Ltd.,Vision Securities Pvt. Ltd,24,740.0,17760.0,2025-08-07 12:55:14.103147
2025-08-07,57280,2025080703006530,NFS,Dipshikha Dhitopatra Karobar Co. Pvt Ltd.,Vision Securities Pvt. Ltd,76,740.0,56240.0,2025-08-07 12:56:06.883616
2025-08-07,57258,2025080703006540,NFS,Secured Securities Ltd.,Secured Securities Ltd.,20,737.0,14740.0,2025-08-07 12:56:09.002533
2025-08-07,57257,2025080703006541,NFS,Naasa Securities Co. Ltd.,Secured Securities Ltd.,65,737.0,47905.0,2025-08-07 12:56:09.002756
2025-08-07,57256,2025080703006542,NFS,Aryatara Investment & Securities,Secured Securities Ltd.,100,737.0,73700.0,2025-08-07 12:56:09.002880
2025-08-07,57255,2025080703006543,NFS,Trishakti Securities Public Limited,Secured Securities Ltd.,200,736.3,147260.0,2025-08-07 12:56:09.003002
2025-08-07,57254,2025080703006544,NFS,Aryatara Investment & Securities,Secured Securities Ltd.,115,736.2,84663.0,2025-08-07 12:56:09.003149
2025-08-07,57002,2025080703006578,NFS,Aryatara Investment & Securities,Secured Securities Ltd.,235,736.2,173007.0,2025-08-07 12:57:10.797476
2025-08-07,57001,2025080703006579,NFS,Aryatara Investment & Securities,Secured Securities Ltd.,100,736.1,73610.0,2025-08-07 12:57:10.797707
2025-08-07,57000,2025080703006580,NFS,ABC Securities Private Limited,Secured Securities Ltd.,100,736.1,73610.0,2025-08-07 12:57:10.797779
2025-08-07,56999,2025080703006581,NFS,South Asian Bulls Pvt. Ltd.,Secured Securities Ltd.,65,736.0,47840.0,2025-08-07 12:57:10.797899
2025-08-07,56952,2025080703006588,NFS,Nepal Stock House (PVT) Ltd.,Vision Securities Pvt. Ltd,100,740.0,74000.0,2025-08-07 12:57:27.507742
2025-08-07,56897,2025080703006604,NFS,Premier Securities Company Ltd.,Naasa Securities Co. Ltd.,10,736.1,7361.0,2025-08-07 12:57:46.472121
2025-08-07,56837,2025080703006612,NFS,Naasa Securities Co. Ltd.,Secured Securities Ltd.,10,736.3,7363.0,2025-08-07 12:58:00.788341
2025-08-07,56706,2025080703006630,NFS,Premier Securities Company Ltd.,Dipshikha Dhitopatra Karobar Co. Pvt Ltd.,10,736.1,7361.0,2025-08-07 12:58:34.001730
2025-08-07,56701,2025080703006632,NFS,Investment Management Nepal Pvt. Ltd.,Secured Securities Ltd.,490,736.3,360787.0,2025-08-07 12:58:35.034993
2025-08-07,56530,2025080703006672,NFS,Investment Management Nepal Pvt. Ltd.,Secured Securities Ltd.,10,737.0,7370.0,2025-08-07 12:59:26.636294
2025-08-07,56529,2025080703006673,NFS,Vision Securities Pvt. Ltd,Secured Securities Ltd.,105,736.3,77311.5,2025-08-07 12:59:26.636633
2025-08-07,55105,2025080703006889,NFS,Nepal Stock House (PVT) Ltd.,Vision Securities Pvt. Ltd,50,740.0,37000.0,2025-08-07 13:04:03.522704
2025-08-07,53840,2025080703007137,NFS,ABC Securities Private Limited,Vision Securities Pvt. Ltd,100,739.9,73990.0,2025-08-07 13:09:02.716993
2025-08-07,53502,2025080703007175,NFS,Aryatara Investment & Securities,Market Securities & Exchange (PVT) Ltd.,50,737.2,36860.0,2025-08-07 13:10:04.394609
2025-08-07,53488,2025080703007176,NFS,South Asian Bulls Pvt. Ltd.,Vision Securities Pvt. Ltd,10,740.0,7400.0,2025-08-07 13:10:07.052181
2025-08-07,53199,2025080703007211,NFS,Aryatara Investment & Securities,Sumeru Securities Pvt. Ltd.,50,737.2,36860.0,2025-08-07 13:10:58.834308
2025-08-07,53198,2025080703007212,NFS,Premier Securities Company Ltd.,Sumeru Securities Pvt. Ltd.,50,737.1,36855.0,2025-08-07 13:10:58.834662
2025-08-07,51954,2025080703007372,NFS,K.B.L. Securities Limited ,Dipshikha Dhitopatra Karobar Co. Pvt Ltd.,30,739.5,22185.0,2025-08-07 13:14:55.669608
2025-08-07,51269,2025080703007469,NFS,Capital Max Securities Ltd,Vision Securities Pvt. Ltd,200,739.7,147940.0,2025-08-07 13:16:51.789167
2025-08-07,51146,2025080703007487,NFS,Capital Max Securities Ltd,Bhrikuti Stock Broking Co. Pvt. Ltd.,50,739.7,36985.0,2025-08-07 13:17:16.028130
2025-08-07,51009,2025080703007513,NFS,Agrawal Securities (PVT) Ltd.,Sundhara Securities Limited,10,739.9,7399.0,2025-08-07 13:17:43.595584
2025-08-07,50736,2025080703007561,NFS,Aryatara Investment & Securities,Sundhara Securities Limited,100,739.9,73990.0,2025-08-07 13:18:38.398596
2025-08-07,50646,2025080703007570,NFS,Siprabi Securities Pvt. Ltd.,Sundhara Securities Limited,25,739.9,18497.5,2025-08-07 13:19:02.289512
2025-08-07,50625,2025080703007581,NFS,Aryatara Investment & Securities,Sundhara Securities Limited,100,739.9,73990.0,2025-08-07 13:19:07.818420
2025-08-07,50606,2025080703007584,NFS,Vision Securities Pvt. Ltd,Sundhara Securities Limited,65,739.9,48093.5,2025-08-07 13:19:13.100656
2025-08-07,50297,2025080703007648,NFS,Vision Securities Pvt. Ltd,Vision Securities Pvt. Ltd,85,740.0,62900.0,2025-08-07 13:20:05.684765
2025-08-07,49989,2025080703007722,NFS,Aryatara Investment & Securities,Sewa Securities Pvt. Ltd.,30,739.8,22194.0,2025-08-07 13:21:02.271914
2025-08-07,49610,2025080703007789,NFS,Agrawal Securities (PVT) Ltd.,Vision Securities Pvt. Ltd,30,740.0,22200.0,2025-08-07 13:22:01.391726
2025-08-07,49364,2025080703007823,NFS,Aryatara Investment & Securities,Vision Securities Pvt. Ltd,149,740.0,110260.0,2025-08-07 13:22:50.550440
2025-08-07,49363,2025080703007824,NFS,Aryatara Investment & Securities,Roadshow securities limited,651,740.0,481740.0,2025-08-07 13:22:50.550644
2025-08-07,49277,2025080703007832,NFS,Market Securities & Exchange (PVT) Ltd.,Roadshow securities limited,250,740.0,185000.0,2025-08-07 13:23:07.630822
2025-08-07,49175,2025080703007852,NFS,Trisul Securities & Invt. Ltd.,Roadshow securities limited,50,740.0,37000.0,2025-08-07 13:23:30.350257
2025-08-07,48604,2025080703007967,NFS,Aryatara Investment & Securities,Bhrikuti Stock Broking Co. Pvt. Ltd.,70,739.8,51786.0,2025-08-07 13:25:12.428555
2025-08-07,48472,2025080703007997,NFS,ABC Securities Private Limited,Roadshow securities limited,100,740.0,74000.0,2025-08-07 13:25:35.311233
2025-08-07,48314,2025080703008031,NFS,Dynamic Money Managers Securities Pvt. Ltd.,Roadshow securities limited,16,740.0,11840.0,2025-08-07 13:26:10.843439
2025-08-07,46571,2025080703008268,NFS,Naasa Securities Co. Ltd.,Vision Securities Pvt. Ltd,50,739.9,36995.0,2025-08-07 13:31:26.511548
2025-08-07,46570,2025080703008269,NFS,Naasa Securities Co. Ltd.,Roadshow securities limited,13,740.0,9620.0,2025-08-07 13:31:26.511940
2025-08-07,46569,2025080703008270,NFS,Naasa Securities Co. Ltd.,Secured Securities Ltd.,60,740.0,44400.0,2025-08-07 13:31:26.512204
2025-08-07,46568,2025080703008271,NFS,Naasa Securities Co. Ltd.,Sewa Securities Pvt. Ltd.,20,740.0,14800.0,2025-08-07 13:31:26.512416
2025-08-07,43858,2025080703008719,NFS,Agrawal Securities (PVT) Ltd.,Naasa Securities Co. Ltd.,20,742.0,14840.0,2025-08-07 13:40:03.063809
2025-08-07,43857,2025080703008720,NFS,Agrawal Securities (PVT) Ltd.,Sundhara Securities Limited,60,742.5,44550.0,2025-08-07 13:40:03.064037
2025-08-07,43691,2025080703008753,NFS,Sani Securities Company Ltd.,Bhrikuti Stock Broking Co. Pvt. Ltd.,25,742.0,18550.0,2025-08-07 13:40:39.383953
2025-08-07,42418,2025080703009008,NFS,Imperial Securities Company Pvt. Ltd.,Asian Securities Private Ltd.,15,742.0,11130.0,2025-08-07 13:44:25.953123
2025-08-07,42057,2025080703009096,NFS,Imperial Securities Company Pvt. Ltd.,Imperial Securities Company Pvt. Ltd.,50,742.5,37125.0,2025-08-07 13:45:28.468377
2025-08-07,42056,2025080703009097,NFS,Imperial Securities Company Pvt. Ltd.,Neev Securities Pvt. Ltd.,35,743.0,26005.0,2025-08-07 13:45:28.468581
2025-08-07,41921,2025080703009124,NFS,Sri Hari Securities Pvt. Ltd.,Neev Securities Pvt. Ltd.,165,743.0,122595.0,2025-08-07 13:45:49.196311
2025-08-07,41663,2025080703009153,NFS,Sri Hari Securities Pvt. Ltd.,Bhrikuti Stock Broking Co. Pvt. Ltd.,35,743.5,26022.5,2025-08-07 13:46:48.035918
2025-08-07,41518,2025080703009210,NFS,Premier Securities Company Ltd.,Dipshikha Dhitopatra Karobar Co. Pvt Ltd.,10,743.8,7438.0,2025-08-07 13:47:15.092883
2025-08-07,41517,2025080703009211,NFS,Premier Securities Company Ltd.,Primo Securities (PVT) Ltd.,90,743.9,66951.0,2025-08-07 13:47:15.093284
2025-08-07,41516,2025080703009212,NFS,Premier Securities Company Ltd.,Trisul Securities & Invt. Ltd.,65,744.0,48360.0,2025-08-07 13:47:15.093520
2025-08-07,41515,2025080703009213,NFS,Premier Securities Company Ltd.,Secured Securities Ltd.,265,744.0,197160.0,2025-08-07 13:47:15.093742
2025-08-07,41441,2025080703009244,NFS,Naasa Securities Co. Ltd.,Siprabi Securities Pvt. Ltd.,2,735.0,1470.0,2025-08-07 13:47:25.578267
2025-08-07,40846,2025080703009405,NFS,Online Securities Pvt. Ltd.,Secured Securities Ltd.,35,744.0,26040.0,2025-08-07 13:49:25.550934
2025-08-07,40845,2025080703009406,NFS,Online Securities Pvt. Ltd.,Sagarmatha Securities Private Limited,50,744.0,37200.0,2025-08-07 13:49:25.551200
2025-08-07,40844,2025080703009407,NFS,Online Securities Pvt. Ltd.,Sani Securities Company Ltd.,10,744.0,7440.0,2025-08-07 13:49:25.551291
2025-08-07,40843,2025080703009408,NFS,Online Securities Pvt. Ltd.,Premier Securities Company Ltd.,45,744.0,33480.0,2025-08-07 13:49:25.551371
2025-08-07,40842,2025080703009409,NFS,Online Securities Pvt. Ltd.,Naasa Securities Co. Ltd.,59,744.0,43896.0,2025-08-07 13:49:25.551449
2025-08-07,39244,2025080703009672,NFS,Imperial Securities Company Pvt. Ltd.,Siprabi Securities Pvt. Ltd.,35,742.5,25987.5,2025-08-07 13:53:42.593131
2025-08-07,39243,2025080703009673,NFS,Capital Max Securities Ltd,Siprabi Securities Pvt. Ltd.,65,742.1,48236.5,2025-08-07 13:53:42.593550
2025-08-07,38405,2025080703009746,NFS,Capital Max Securities Ltd,Dipshikha Dhitopatra Karobar Co. Pvt Ltd.,60,742.1,44526.0,2025-08-07 13:55:43.583713
2025-08-07,38384,2025080703009748,NFS,Capital Max Securities Ltd,Dakshinkali Investment & Securities Pvt. Ltd.,35,742.1,25973.5,2025-08-07 13:55:46.740900
2025-08-07,38051,2025080703009801,NFS,Midas Stock Broking Company Private Limited,Dakshinkali Investment & Securities Pvt. Ltd.,50,742.0,37100.0,2025-08-07 13:56:23.921822
2025-08-07,37331,2025080703009865,NFS,Sweta Securities Private Limited,Online Securities Pvt. Ltd.,10,741.0,7410.0,2025-08-07 13:58:15.405706
2025-08-07,37321,2025080703009867,NFS,Sweta Securities Private Limited,Agrawal Securities (PVT) Ltd.,140,741.0,103740.0,2025-08-07 13:58:17.119173
2025-08-07,37320,2025080703009868,NFS,Trishakti Securities Public Limited,Agrawal Securities (PVT) Ltd.,100,740.5,74050.0,2025-08-07 13:58:17.119438
2025-08-07,37319,2025080703009869,NFS,Midas Stock Broking Company Private Limited,Agrawal Securities (PVT) Ltd.,100,740.3,74030.0,2025-08-07 13:58:17.119519
2025-08-07,37318,2025080703009870,NFS,Aryatara Investment & Securities,Agrawal Securities (PVT) Ltd.,10,740.1,7401.0,2025-08-07 13:58:17.119598
2025-08-07,37317,2025080703009871,NFS,Naasa Securities Co. Ltd.,Agrawal Securities (PVT) Ltd.,507,740.0,375180.0,2025-08-07 13:58:17.119674
2025-08-07,37316,2025080703009872,NFS,Online Securities Pvt. Ltd.,Agrawal Securities (PVT) Ltd.,50,740.0,37000.0,2025-08-07 13:58:17.119754
2025-08-07,37315,2025080703009873,NFS,Agrawal Securities (PVT) Ltd.,Agrawal Securities (PVT) Ltd.,75,740.0,55500.0,2025-08-07 13:58:17.119830
2025-08-07,37314,2025080703009874,NFS,Sri Hari Securities Pvt. Ltd.,Agrawal Securities (PVT) Ltd.,18,740.0,13320.0,2025-08-07 13:58:17.119907
2025-08-07,36961,2025080703009912,NFS,Sri Hari Securities Pvt. Ltd.,Online Securities Pvt. Ltd.,82,740.0,60680.0,2025-08-07 13:58:55.922390
2025-08-07,36577,2025080703009966,NFS,K.B.L. Securities Limited ,Bhrikuti Stock Broking Co. Pvt. Ltd.,20,739.5,14790.0,2025-08-07 13:59:58.783266
2025-08-07,35505,2025080703010142,NFS,Dynamic Money Managers Securities Pvt. Ltd.,Agrawal Securities (PVT) Ltd.,15,739.0,11085.0,2025-08-07 14:02:40.943475
2025-08-07,34558,2025080703010352,NFS,Oxford Securities Pvt. Ltd.,Online Securities Pvt. Ltd.,10,740.0,7400.0,2025-08-07 14:04:40.658622
2025-08-07,34023,2025080703010445,NFS,Kumari Securities Private Limited,Online Securities Pvt. Ltd.,58,740.0,42920.0,2025-08-07 14:05:53.522038
2025-08-07,33275,2025080703010597,NFS,Beni Securities Pvt.Ltd.,Bhrikuti Stock Broking Co. Pvt. Ltd.,10,741.9,7419.0,2025-08-07 14:07:37.175500
2025-08-07,33244,2025080703010603,NFS,Dynamic Money Managers Securities Pvt. Ltd.,Dynamic Money Managers Securities Pvt. Ltd.,185,739.0,136715.0,2025-08-07 14:07:40.755718
2025-08-07,33243,2025080703010604,NFS,Sani Securities Company Ltd.,Dynamic Money Managers Securities Pvt. Ltd.,15,739.0,11085.0,2025-08-07 14:07:40.755916
2025-08-07,33092,2025080703010628,NFS,Sani Securities Company Ltd.,Kumari Securities Private Limited,12,739.0,8868.0,2025-08-07 14:07:59.732295
2025-08-07,33091,2025080703010629,NFS,ABC Securities Private Limited,Kumari Securities Private Limited,100,738.1,73810.0,2025-08-07 14:07:59.732674
2025-08-07,33090,2025080703010630,NFS,Ashutosh Brokerage & Securities (PVT) Ltd.,Kumari Securities Private Limited,188,738.0,138744.0,2025-08-07 14:07:59.732918
2025-08-07,32533,2025080703010735,NFS,Ashutosh Brokerage & Securities (PVT) Ltd.,Nepal Stock House (PVT) Ltd.,62,738.0,45756.0,2025-08-07 14:09:08.949765
2025-08-07,32328,2025080703010769,NFS,Aryatara Investment & Securities,Nepal Stock House (PVT) Ltd.,100,737.3,73730.0,2025-08-07 14:09:35.026105
2025-08-07,32327,2025080703010770,NFS,Nepal Stock House (PVT) Ltd.,Nepal Stock House (PVT) Ltd.,10,737.2,7372.0,2025-08-07 14:09:35.026500
2025-08-07,32326,2025080703010771,NFS,Aryatara Investment & Securities,Nepal Stock House (PVT) Ltd.,100,737.1,73710.0,2025-08-07 14:09:35.026732
2025-08-07,32325,2025080703010772,NFS,Kalika Securities Pvt. Ltd.,Nepal Stock House (PVT) Ltd.,100,737.1,73710.0,2025-08-07 14:09:35.026950
2025-08-07,32324,2025080703010773,NFS,Creative Securities Pvt Ltd,Nepal Stock House (PVT) Ltd.,100,737.0,73700.0,2025-08-07 14:09:35.027173
2025-08-07,32323,2025080703010774,NFS,Naasa Securities Co. Ltd.,Nepal Stock House (PVT) Ltd.,100,737.0,73700.0,2025-08-07 14:09:35.027382
2025-08-07,32322,2025080703010775,NFS,Ashutosh Brokerage & Securities (PVT) Ltd.,Nepal Stock House (PVT) Ltd.,40,737.0,29480.0,2025-08-07 14:09:35.027603
2025-08-07,32321,2025080703010776,NFS,Sani Securities Company Ltd.,Nepal Stock House (PVT) Ltd.,388,737.0,285956.0,2025-08-07 14:09:35.027909
2025-08-07,32170,2025080703010802,NFS,Sani Securities Company Ltd.,BHOLE GANESH SECURITIES LTD,500,737.0,368500.0,2025-08-07 14:09:52.421774
2025-08-07,30995,2025080703011066,NFS,Kumari Securities Private Limited,Aakashbhairab Securities Ltd.,70,738.0,51660.0,2025-08-07 14:12:51.277452
2025-08-07,30994,2025080703011067,NFS,Sweta Securities Private Limited,Aakashbhairab Securities Ltd.,150,737.1,110565.0,2025-08-07 14:12:51.277669
2025-08-07,30993,2025080703011068,NFS,Sani Securities Company Ltd.,Aakashbhairab Securities Ltd.,62,737.0,45694.0,2025-08-07 14:12:51.277767
2025-08-07,30992,2025080703011069,NFS,Aryatara Investment & Securities,Aakashbhairab Securities Ltd.,18,736.6,13258.8,2025-08-07 14:12:51.277865
2025-08-07,30217,2025080703011252,NFS,Himalayan Brokerage Company Limited,Bhrikuti Stock Broking Co. Pvt. Ltd.,25,738.1,18452.5,2025-08-07 14:14:57.454800
2025-08-07,30174,2025080703011257,NFS,Beni Securities Pvt.Ltd.,Indira securities pvt. ltd,10,740.0,7400.0,2025-08-07 14:15:06.290755
2025-08-07,29028,2025080703011461,NFS,Premier Securities Company Ltd.,Indira securities pvt. ltd,20,740.0,14800.0,2025-08-07 14:18:02.921133
2025-08-07,28884,2025080703011487,NFS,Creative Securities Pvt Ltd,BHOLE GANESH SECURITIES LTD,40,738.2,29528.0,2025-08-07 14:18:29.785685
2025-08-07,28883,2025080703011488,NFS,Himalayan Brokerage Company Limited,BHOLE GANESH SECURITIES LTD,475,738.1,350597.5,2025-08-07 14:18:29.785807
2025-08-07,28882,2025080703011489,NFS,Sani Securities Company Ltd.,BHOLE GANESH SECURITIES LTD,150,738.0,110700.0,2025-08-07 14:18:29.785896
2025-08-07,28881,2025080703011490,NFS,Himalayan Brokerage Company Limited,BHOLE GANESH SECURITIES LTD,335,738.0,247230.0,2025-08-07 14:18:29.786000
2025-08-07,27763,2025080703011682,NFS,Himalayan Brokerage Company Limited,Nepal Investment And Securities Trading Private Limited,165,738.0,121770.0,2025-08-07 14:21:37.484617
2025-08-07,27762,2025080703011683,NFS,Sundhara Securities Limited,Nepal Investment And Securities Trading Private Limited,14,738.0,10332.0,2025-08-07 14:21:37.484846
2025-08-07,27761,2025080703011684,NFS,Naasa Securities Co. Ltd.,Nepal Investment And Securities Trading Private Limited,20,737.0,14740.0,2025-08-07 14:21:37.484926
2025-08-07,27760,2025080703011685,NFS,J.F. Securites (PVT) Ltd.,Nepal Investment And Securities Trading Private Limited,100,737.0,73700.0,2025-08-07 14:21:37.485002
2025-08-07,27759,2025080703011686,NFS,Himalayan Brokerage Company Limited,Nepal Investment And Securities Trading Private Limited,201,736.9,148116.9,2025-08-07 14:21:37.485089
2025-08-07,26810,2025080703011854,NFS,Himalayan Brokerage Company Limited,Oxford Securities Pvt. Ltd.,100,736.9,73690.0,2025-08-07 14:23:54.913675
2025-08-07,26074,2025080703011977,NFS,Beni Securities Pvt.Ltd.,Agrawal Securities (PVT) Ltd.,20,738.0,14760.0,2025-08-07 14:25:15.884690
2025-08-07,25623,2025080703012050,NFS,Imperial Securities Company Pvt. Ltd.,Agrawal Securities (PVT) Ltd.,180,737.0,132660.0,2025-08-07 14:26:04.252941
2025-08-07,25513,2025080703012077,NFS,Imperial Securities Company Pvt. Ltd.,Aryatara Investment & Securities,354,737.0,260898.0,2025-08-07 14:26:19.825898
2025-08-07,25052,2025080703012171,NFS,Ashutosh Brokerage & Securities (PVT) Ltd.,Dakshinkali Investment & Securities Pvt. Ltd.,10,738.0,7380.0,2025-08-07 14:27:15.740736
2025-08-07,25045,2025080703012172,NFS,Trishakti Securities Public Limited,Dakshinkali Investment & Securities Pvt. Ltd.,270,738.0,199260.0,2025-08-07 14:27:17.462228
2025-08-07,24479,2025080703012287,NFS,Premier Securities Company Ltd.,Dakshinkali Investment & Securities Pvt. Ltd.,500,738.0,369000.0,2025-08-07 14:28:22.588009
2025-08-07,23765,2025080703012425,NFS,Sri Hari Securities Pvt. Ltd.,Dakshinkali Investment & Securities Pvt. Ltd.,135,738.0,99630.0,2025-08-07 14:29:41.297950
2025-08-07,23214,2025080703012519,NFS,Oxford Securities Pvt. Ltd.,BHOLE GANESH SECURITIES LTD,25,738.0,18450.0,2025-08-07 14:30:40.760917
2025-08-07,23213,2025080703012520,NFS,Imperial Securities Company Pvt. Ltd.,BHOLE GANESH SECURITIES LTD,40,737.2,29488.0,2025-08-07 14:30:40.760978
2025-08-07,23212,2025080703012521,NFS,Vision Securities Pvt. Ltd,BHOLE GANESH SECURITIES LTD,300,737.2,221160.0,2025-08-07 14:30:40.761001
2025-08-07,23211,2025080703012522,NFS,Asian Securities Private Ltd.,BHOLE GANESH SECURITIES LTD,935,737.1,689188.5,2025-08-07 14:30:40.761034
2025-08-07,22521,2025080703012641,NFS,Asian Securities Private Ltd.,Dynamic Money Managers Securities Pvt. Ltd.,65,737.1,47911.5,2025-08-07 14:32:12.052899
2025-08-07,22453,2025080703012652,NFS,Malla & Malla Stock Broking Company Pvt. Limited,Dynamic Money Managers Securities Pvt. Ltd.,10,737.1,7371.0,2025-08-07 14:32:20.612998
2025-08-07,22372,2025080703012671,NFS,Imperial Securities Company Pvt. Ltd.,Bhrikuti Stock Broking Co. Pvt. Ltd.,50,737.0,36850.0,2025-08-07 14:32:32.004931
2025-08-07,22161,2025080703012710,NFS,Imperial Securities Company Pvt. Ltd.,Bhrikuti Stock Broking Co. Pvt. Ltd.,65,737.0,47905.0,2025-08-07 14:33:05.239539
2025-08-07,21889,2025080703012741,NFS,South Asian Bulls Pvt. Ltd.,Dynamic Money Managers Securities Pvt. Ltd.,25,737.1,18427.5,2025-08-07 14:33:42.237966
2025-08-07,21767,2025080703012757,NFS,Beni Securities Pvt.Ltd.,Agrawal Securities (PVT) Ltd.,10,739.0,7390.0,2025-08-07 14:34:04.387687
2025-08-07,21766,2025080703012758,NFS,Beni Securities Pvt.Ltd.,Sundhara Securities Limited,10,739.9,7399.0,2025-08-07 14:34:04.387753
2025-08-07,20572,2025080703012992,NFS,Nepal Investment And Securities Trading Private Limited,Naasa Securities Co. Ltd.,100,737.0,73700.0,2025-08-07 14:36:15.392697
2025-08-07,20571,2025080703012993,NFS,Asian Securities Private Ltd.,Naasa Securities Co. Ltd.,15,737.0,11055.0,2025-08-07 14:36:15.392737
2025-08-07,20570,2025080703012994,NFS,Sri Hari Securities Pvt. Ltd.,Naasa Securities Co. Ltd.,25,737.0,18425.0,2025-08-07 14:36:15.392759
2025-08-07,20569,2025080703012995,NFS,Imperial Securities Company Pvt. Ltd.,Naasa Securities Co. Ltd.,10,737.0,7370.0,2025-08-07 14:36:15.392790
2025-08-07,20568,2025080703012996,NFS,Himalayan Brokerage Company Limited,Naasa Securities Co. Ltd.,50,736.9,36845.0,2025-08-07 14:36:15.392814
2025-08-07,20567,2025080703012997,NFS,Aryatara Investment & Securities,Naasa Securities Co. Ltd.,82,736.6,60401.2,2025-08-07 14:36:15.392837
2025-08-07,20566,2025080703012998,NFS,Imperial Securities Company Pvt. Ltd.,Naasa Securities Co. Ltd.,18,736.5,13257.0,2025-08-07 14:36:15.392859
2025-08-07,20393,2025080703013030,NFS,Sri Hari Securities Pvt. Ltd.,Indira securities pvt. ltd,20,738.0,14760.0,2025-08-07 14:36:42.902919
2025-08-07,20392,2025080703013031,NFS,Sri Hari Securities Pvt. Ltd.,Creative Securities Pvt Ltd,1040,738.0,767520.0,2025-08-07 14:36:42.903335
2025-08-07,20236,2025080703013052,NFS,Sewa Securities Pvt. Ltd.,Aryatara Investment & Securities,100,739.0,73900.0,2025-08-07 14:36:59.911531
2025-08-07,20078,2025080703013081,NFS,Online Securities Pvt. Ltd.,BHOLE GANESH SECURITIES LTD,10,736.6,7366.0,2025-08-07 14:37:21.302760
2025-08-07,20077,2025080703013082,NFS,Imperial Securities Company Pvt. Ltd.,BHOLE GANESH SECURITIES LTD,282,736.5,207693.0,2025-08-07 14:37:21.302886
2025-08-07,20076,2025080703013083,NFS,Naasa Securities Co. Ltd.,BHOLE GANESH SECURITIES LTD,500,736.5,368250.0,2025-08-07 14:37:21.302964
2025-08-07,20075,2025080703013084,NFS,Aryatara Investment & Securities,BHOLE GANESH SECURITIES LTD,100,736.4,73640.0,2025-08-07 14:37:21.303050
2025-08-07,20074,2025080703013085,NFS,Vision Securities Pvt. Ltd,BHOLE GANESH SECURITIES LTD,95,736.3,69948.5,2025-08-07 14:37:21.303128
2025-08-07,20073,2025080703013086,NFS,Dakshinkali Investment & Securities Pvt. Ltd.,BHOLE GANESH SECURITIES LTD,100,736.3,73630.0,2025-08-07 14:37:21.303202
2025-08-07,20072,2025080703013087,NFS,Dipshikha Dhitopatra Karobar Co. Pvt Ltd.,BHOLE GANESH SECURITIES LTD,420,736.3,309246.0,2025-08-07 14:37:21.303275
2025-08-07,20071,2025080703013088,NFS,Aryatara Investment & Securities,BHOLE GANESH SECURITIES LTD,158,736.1,116303.8,2025-08-07 14:37:21.303357
2025-08-07,20070,2025080703013089,NFS,Dipshikha Dhitopatra Karobar Co. Pvt Ltd.,BHOLE GANESH SECURITIES LTD,200,736.0,147200.0,2025-08-07 14:37:21.303442
2025-08-07,20069,2025080703013090,NFS,Dipshikha Dhitopatra Karobar Co. Pvt Ltd.,BHOLE GANESH SECURITIES LTD,135,736.0,99360.0,2025-08-07 14:37:21.303512
2025-08-07,18813,2025080703013328,NFS,Primo Securities (PVT) Ltd.,BHOLE GANESH SECURITIES LTD,55,736.5,40507.5,2025-08-07 14:39:43.886240
2025-08-07,18812,2025080703013329,NFS,Dipshikha Dhitopatra Karobar Co. Pvt Ltd.,BHOLE GANESH SECURITIES LTD,365,736.0,268640.0,2025-08-07 14:39:43.886286
2025-08-07,18811,2025080703013330,NFS,Vision Securities Pvt. Ltd,BHOLE GANESH SECURITIES LTD,50,736.0,36800.0,2025-08-07 14:39:43.886313
2025-08-07,18810,2025080703013331,NFS,Dipshikha Dhitopatra Karobar Co. Pvt Ltd.,BHOLE GANESH SECURITIES LTD,30,735.3,22059.0,2025-08-07 14:39:43.886337
2025-08-07,18805,2025080703013332,NFS,Dipshikha Dhitopatra Karobar Co. Pvt Ltd.,Kohinoor Investment & Securities Pvt. Ltd.,20,735.3,14706.0,2025-08-07 14:39:45.303405
2025-08-07,18804,2025080703013333,NFS,Sewa Securities Pvt. Ltd.,Kohinoor Investment & Securities Pvt. Ltd.,224,735.1,164662.4,2025-08-07 14:39:45.303453
2025-08-07,18803,2025080703013334,NFS,Malla & Malla Stock Broking Company Pvt. Limited,Kohinoor Investment & Securities Pvt. Ltd.,10,735.0,7350.0,2025-08-07 14:39:45.303482
2025-08-07,18802,2025080703013335,NFS,Imperial Securities Company Pvt. Ltd.,Kohinoor Investment & Securities Pvt. Ltd.,30,735.0,22050.0,2025-08-07 14:39:45.303504
2025-08-07,18801,2025080703013336,NFS,Sani Securities Company Ltd.,Kohinoor Investment & Securities Pvt. Ltd.,30,735.0,22050.0,2025-08-07 14:39:45.303529
2025-08-07,18800,2025080703013337,NFS,Opal Securities Investment (PVT) Ltd.,Kohinoor Investment & Securities Pvt. Ltd.,46,735.0,33810.0,2025-08-07 14:39:45.303581
2025-08-07,18675,2025080703013359,NFS,Sani Securities Company Ltd.,APPLE SECURITIES PRIVATE LIMITED,10,738.0,7380.0,2025-08-07 14:39:59.124935
2025-08-07,18435,2025080703013414,NFS,Opal Securities Investment (PVT) Ltd.,Bhrikuti Stock Broking Co. Pvt. Ltd.,200,735.0,147000.0,2025-08-07 14:40:23.959606
2025-08-07,17436,2025080703013611,NFS,Beni Securities Pvt.Ltd.,Bhrikuti Stock Broking Co. Pvt. Ltd.,10,737.5,7375.0,2025-08-07 14:42:14.905844
2025-08-07,17353,2025080703013633,NFS,Thrive Brokerage House Pvt. Ltd,Bhrikuti Stock Broking Co. Pvt. Ltd.,40,737.5,29500.0,2025-08-07 14:42:27.077173
2025-08-07,17352,2025080703013634,NFS,Thrive Brokerage House Pvt. Ltd,Imperial Securities Company Pvt. Ltd.,150,737.9,110685.0,2025-08-07 14:42:27.077533
2025-08-07,17351,2025080703013635,NFS,Thrive Brokerage House Pvt. Ltd,APPLE SECURITIES PRIVATE LIMITED,90,738.0,66420.0,2025-08-07 14:42:27.077767
2025-08-07,17350,2025080703013636,NFS,Thrive Brokerage House Pvt. Ltd,SUN SECURITIES PVT LTD,100,738.0,73800.0,2025-08-07 14:42:27.077996
2025-08-07,16329,2025080703013978,NFS,Nepal Investment And Securities Trading Private Limited,Nepal Stock House (PVT) Ltd.,20,739.0,14780.0,2025-08-07 14:43:57.104257
2025-08-07,16119,2025080703014019,NFS,Nepal Investment And Securities Trading Private Limited,Bhrikuti Stock Broking Co. Pvt. Ltd.,20,738.5,14770.0,2025-08-07 14:44:16.058950
2025-08-07,15468,2025080703014092,NFS,Thrive Brokerage House Pvt. Ltd,Agrawal Securities (PVT) Ltd.,50,738.0,36900.0,2025-08-07 14:45:10.244916
2025-08-07,15095,2025080703014234,NFS,Oxford Securities Pvt. Ltd.,Nepal Stock House (PVT) Ltd.,20,739.0,14780.0,2025-08-07 14:45:38.255956
2025-08-07,14870,2025080703014287,NFS,Thrive Brokerage House Pvt. Ltd,Bhrikuti Stock Broking Co. Pvt. Ltd.,50,738.0,36900.0,2025-08-07 14:46:04.194650
2025-08-07,14668,2025080703014334,NFS,Thrive Brokerage House Pvt. Ltd,Bhrikuti Stock Broking Co. Pvt. Ltd.,50,738.5,36925.0,2025-08-07 14:46:26.468636
2025-08-07,14578,2025080703014350,NFS,Thrive Brokerage House Pvt. Ltd,Aryatara Investment & Securities,200,738.5,147700.0,2025-08-07 14:46:38.699244
2025-08-07,14417,2025080703014374,NFS,Trisul Securities & Invt. Ltd.,Nepal Stock House (PVT) Ltd.,160,739.0,118240.0,2025-08-07 14:46:53.480306
2025-08-07,14416,2025080703014375,NFS,Trisul Securities & Invt. Ltd.,Sundhara Securities Limited,233,739.9,172396.7,2025-08-07 14:46:53.480546
2025-08-07,14415,2025080703014376,NFS,Trisul Securities & Invt. Ltd.,South Asian Bulls Pvt. Ltd.,607,739.9,449119.3,2025-08-07 14:46:53.480632
2025-08-07,14161,2025080703014439,NFS,Creative Securities Pvt Ltd,Agrawal Securities (PVT) Ltd.,20,738.5,14770.0,2025-08-07 14:47:17.278805
2025-08-07,14159,2025080703014440,NFS,Beni Securities Pvt.Ltd.,South Asian Bulls Pvt. Ltd.,28,739.9,20717.2,2025-08-07 14:47:17.733963
2025-08-07,14158,2025080703014441,NFS,Beni Securities Pvt.Ltd.,Sumeru Securities Pvt. Ltd.,32,740.0,23680.0,2025-08-07 14:47:17.734053
2025-08-07,13646,2025080703014560,NFS,Aryatara Investment & Securities,Bhrikuti Stock Broking Co. Pvt. Ltd.,60,739.0,44340.0,2025-08-07 14:48:14.457886
2025-08-07,13339,2025080703014618,NFS,Kohinoor Investment & Securities Pvt. Ltd.,Naasa Securities Co. Ltd.,20,740.0,14800.0,2025-08-07 14:48:39.021291
2025-08-07,13338,2025080703014619,NFS,Kohinoor Investment & Securities Pvt. Ltd.,Cristal Kanchanjanga Securites Pvt. Ltd.,50,740.0,37000.0,2025-08-07 14:48:39.021509
2025-08-07,13337,2025080703014620,NFS,Kohinoor Investment & Securities Pvt. Ltd.,Sani Securities Company Ltd.,60,740.0,44400.0,2025-08-07 14:48:39.021595
2025-08-07,13336,2025080703014621,NFS,Kohinoor Investment & Securities Pvt. Ltd.,Nepal Stock House (PVT) Ltd.,70,740.0,51800.0,2025-08-07 14:48:39.021674
2025-08-07,13322,2025080703014623,NFS,Midas Stock Broking Company Private Limited,Nepal Stock House (PVT) Ltd.,15,740.0,11100.0,2025-08-07 14:48:40.901771
2025-08-07,11759,2025080703014955,NFS,South Asian Bulls Pvt. Ltd.,Nepal Stock House (PVT) Ltd.,15,740.0,11100.0,2025-08-07 14:50:45.329060
2025-08-07,11758,2025080703014956,NFS,South Asian Bulls Pvt. Ltd.,Cristal Kanchanjanga Securites Pvt. Ltd.,25,740.0,18500.0,2025-08-07 14:50:45.329452
2025-08-07,11640,2025080703014983,NFS,Thrive Brokerage House Pvt. Ltd,South Asian Bulls Pvt. Ltd.,520,738.0,383760.0,2025-08-07 14:50:56.390133
2025-08-07,11639,2025080703014984,NFS,Online Securities Pvt. Ltd.,South Asian Bulls Pvt. Ltd.,77,738.0,56826.0,2025-08-07 14:50:56.390547
2025-08-07,11638,2025080703014985,NFS,Imperial Securities Company Pvt. Ltd.,South Asian Bulls Pvt. Ltd.,300,738.0,221400.0,2025-08-07 14:50:56.390792
2025-08-07,11637,2025080703014986,NFS,Imperial Securities Company Pvt. Ltd.,South Asian Bulls Pvt. Ltd.,100,738.0,73800.0,2025-08-07 14:50:56.391125
2025-08-07,10841,2025080703015139,NFS,Beni Securities Pvt.Ltd.,Sewa Securities Pvt. Ltd.,10,739.9,7399.0,2025-08-07 14:51:56.392996
2025-08-07,10751,2025080703015164,NFS,Naasa Securities Co. Ltd.,Aryatara Investment & Securities,30,739.0,22170.0,2025-08-07 14:52:00.023945
2025-08-07,9562,2025080703015408,NFS,Sani Securities Company Ltd.,Capital Max Securities Ltd,30,736.0,22080.0,2025-08-07 14:53:19.709627
2025-08-07,8926,2025080703015561,NFS,Premier Securities Company Ltd.,Dakshinkali Investment & Securities Pvt. Ltd.,10,738.0,7380.0,2025-08-07 14:54:01.561795
2025-08-07,8480,2025080703015661,NFS,Kumari Securities Private Limited,Aryatara Investment & Securities,10,737.0,7370.0,2025-08-07 14:54:27.202633
2025-08-07,8479,2025080703015662,NFS,Naasa Securities Co. Ltd.,Aryatara Investment & Securities,10,736.5,7365.0,2025-08-07 14:54:27.202820
2025-08-07,8478,2025080703015663,NFS,ABC Securities Private Limited,Aryatara Investment & Securities,15,736.1,11041.5,2025-08-07 14:54:27.202907
2025-08-07,8477,2025080703015664,NFS,Sani Securities Company Ltd.,Aryatara Investment & Securities,170,736.0,125120.0,2025-08-07 14:54:27.202987
2025-08-07,8476,2025080703015665,NFS,Dipshikha Dhitopatra Karobar Co. Pvt Ltd.,Aryatara Investment & Securities,65,736.0,47840.0,2025-08-07 14:54:27.203090
2025-08-07,8292,2025080703015697,NFS,Dipshikha Dhitopatra Karobar Co. Pvt Ltd.,Neev Securities Pvt. Ltd.,100,736.0,73600.0,2025-08-07 14:54:39.880840
2025-08-07,6076,2025080703016100,NFS,Naasa Securities Co. Ltd.,Dakshinkali Investment & Securities Pvt. Ltd.,300,738.0,221400.0,2025-08-07 14:56:36.639045
2025-08-07,6011,2025080703016115,NFS,Aakashbhairab Securities Ltd.,Cristal Kanchanjanga Securites Pvt. Ltd.,75,737.0,55275.0,2025-08-07 14:56:40.135363
2025-08-07,5348,2025080703016228,NFS,Aakashbhairab Securities Ltd.,Sewa Securities Pvt. Ltd.,90,737.0,66330.0,2025-08-07 14:57:13.632187
2025-08-07,5290,2025080703016239,NFS,Linch Stock Market Ltd.,Aryatara Investment & Securities,50,737.5,36875.0,2025-08-07 14:57:15.942381
2025-08-07,5272,2025080703016243,NFS,Aakashbhairab Securities Ltd.,Dakshinkali Investment & Securities Pvt. Ltd.,190,737.0,140030.0,2025-08-07 14:57:16.707140
2025-08-07,4985,2025080703016295,NFS,Creative Securities Pvt Ltd,Aryatara Investment & Securities,15,737.5,11062.5,2025-08-07 14:57:28.884314
2025-08-07,4960,2025080703016298,NFS,Aakashbhairab Securities Ltd.,Swarna Laxmi Securities Pvt. Ltd.,25,737.0,18425.0,2025-08-07 14:57:30.208086
2025-08-07,4959,2025080703016299,NFS,Sani Securities Company Ltd.,Swarna Laxmi Securities Pvt. Ltd.,150,737.0,110550.0,2025-08-07 14:57:30.208282
2025-08-07,4693,2025080703016345,NFS,Naasa Securities Co. Ltd.,Thrive Brokerage House Pvt. Ltd,25,736.5,18412.5,2025-08-07 14:57:43.419654
2025-08-07,4692,2025080703016346,NFS,Bhrikuti Stock Broking Co. Pvt. Ltd.,Thrive Brokerage House Pvt. Ltd,100,736.5,73650.0,2025-08-07 14:57:43.419895
2025-08-07,4691,2025080703016347,NFS,Dynamic Money Managers Securities Pvt. Ltd.,Thrive Brokerage House Pvt. Ltd,100,736.2,73620.0,2025-08-07 14:57:43.419984
2025-08-07,4690,2025080703016348,NFS,Siprabi Securities Pvt. Ltd.,Thrive Brokerage House Pvt. Ltd,20,736.1,14722.0,2025-08-07 14:57:43.420072
2025-08-07,4689,2025080703016349,NFS,Asian Securities Private Ltd.,Thrive Brokerage House Pvt. Ltd,255,736.0,187680.0,2025-08-07 14:57:43.420156
2025-08-07,4639,2025080703016355,NFS,Sani Securities Company Ltd.,Swarna Laxmi Securities Pvt. Ltd.,25,737.0,18425.0,2025-08-07 14:57:46.377116
2025-08-07,4628,2025080703016356,NFS,Sani Securities Company Ltd.,Dakshinkali Investment & Securities Pvt. Ltd.,625,737.0,460625.0,2025-08-07 14:57:47.564777
2025-08-07,4382,2025080703016392,NFS,Kohinoor Investment & Securities Pvt. Ltd.,Dakshinkali Investment & Securities Pvt. Ltd.,10,737.0,7370.0,2025-08-07 14:57:52.680780
2025-08-07,4366,2025080703016399,NFS,Kohinoor Investment & Securities Pvt. Ltd.,Dakshinkali Investment & Securities Pvt. Ltd.,165,737.0,121605.0,2025-08-07 14:57:53.696847
2025-08-07,4365,2025080703016400,NFS,Kohinoor Investment & Securities Pvt. Ltd.,Vision Securities Pvt. Ltd,50,737.4,36870.0,2025-08-07 14:57:53.697043
2025-08-07,4364,2025080703016401,NFS,Kohinoor Investment & Securities Pvt. Ltd.,Aryatara Investment & Securities,35,737.5,25812.5,2025-08-07 14:57:53.697127
2025-08-07,4254,2025080703016410,NFS,Kohinoor Investment & Securities Pvt. Ltd.,Siprabi Securities Pvt. Ltd.,120,738.0,88560.0,2025-08-07 14:57:58.358810
2025-08-07,3943,2025080703016454,NFS,Beni Securities Pvt.Ltd.,Agrawal Securities (PVT) Ltd.,10,738.5,7385.0,2025-08-07 14:58:08.305034
2025-08-07,3363,2025080703016590,NFS,Naasa Securities Co. Ltd.,Imperial Securities Company Pvt. Ltd.,27,738.1,19928.7,2025-08-07 14:58:30.085019
2025-08-07,3362,2025080703016591,NFS,Kohinoor Investment & Securities Pvt. Ltd.,Imperial Securities Company Pvt. Ltd.,23,738.0,16974.0,2025-08-07 14:58:30.085216
2025-08-07,3319,2025080703016612,NFS,Asian Securities Private Ltd.,Agrawal Securities (PVT) Ltd.,90,738.5,66465.0,2025-08-07 14:58:31.517544
2025-08-07,3313,2025080703016614,NFS,Asian Securities Private Ltd.,Online Securities Pvt. Ltd.,10,738.5,7385.0,2025-08-07 14:58:32.057733
2025-08-07,3089,2025080703016659,NFS,Primo Securities (PVT) Ltd.,Aryatara Investment & Securities,61,738.5,45048.5,2025-08-07 14:58:39.742778
2025-08-07,3088,2025080703016660,NFS,Kohinoor Investment & Securities Pvt. Ltd.,Aryatara Investment & Securities,13,738.0,9594.0,2025-08-07 14:58:39.742828
2025-08-07,3087,2025080703016661,NFS,Aryatara Investment & Securities,Aryatara Investment & Securities,26,736.6,19151.6,2025-08-07 14:58:39.742871
2025-08-07,2818,2025080703016729,NFS,Beni Securities Pvt.Ltd.,Malla & Malla Stock Broking Company Pvt. Limited,10,738.8,7388.0,2025-08-07 14:58:48.407528
2025-08-07,1656,2025080703016970,NFS,Aryatara Investment & Securities,ABC Securities Private Limited,74,736.6,54508.4,2025-08-07 14:59:24.047191
2025-08-07,1655,2025080703016971,NFS,Online Securities Pvt. Ltd.,ABC Securities Private Limited,50,736.2,36810.0,2025-08-07 14:59:24.047386
2025-08-07,1654,2025080703016972,NFS,Neev Securities Pvt. Ltd.,ABC Securities Private Limited,50,736.1,36805.0,2025-08-07 14:59:24.047468
2025-08-07,1653,2025080703016973,NFS,Ashutosh Brokerage & Securities (PVT) Ltd.,ABC Securities Private Limited,76,736.1,55943.6,2025-08-07 14:59:24.047545
2025-08-07,1007,2025080703017130,NFS,Beni Securities Pvt.Ltd.,Aryatara Investment & Securities,10,737.0,7370.0,2025-08-07 14:59:38.564056
2025-08-07,993,2025080703017133,NFS,Linch Stock Market Ltd.,Aryatara Investment & Securities,10,737.0,7370.0,2025-08-07 14:59:39.246091
2025-08-07,760,2025080703017173,NFS,Ashutosh Brokerage & Securities (PVT) Ltd.,Kohinoor Investment & Securities Pvt. Ltd.,149,736.1,109678.9,2025-08-07 14:59:43.874552
2025-08-07,759,2025080703017174,NFS,Bhrikuti Stock Broking Co. Pvt. Ltd.,Kohinoor Investment & Securities Pvt. Ltd.,100,736.1,73610.0,2025-08-07 14:59:43.874734
2025-08-07,758,2025080703017175,NFS,Asian Securities Private Ltd.,Kohinoor Investment & Securities Pvt. Ltd.,601,736.0,442336.0,2025-08-07 14:59:43.874822
2025-08-07,730,2025080703017182,NFS,Asian Securities Private Ltd.,Aryatara Investment & Securities,80,736.0,58880.0,2025-08-07 14:59:44.668414
2025-08-07,210,2025080703017286,NFS,Beni Securities Pvt.Ltd.,Sundhara Securities Limited,10,736.1,7361.0,2025-08-07 14:59:55.624634
2025-08-07,176,2025080703017289,NFS,Kohinoor Investment & Securities Pvt. Ltd.,Sundhara Securities Limited,13,736.1,9569.3,2025-08-07 14:59:56.008792
