Date,S.N.,contract_id,symbol,buyer_broker,seller_broker,volume,price,amount,transaction_time
2025-08-07,92735,2025080704000453,RADHI,Trishakti Securities Public Limited,Bhrikuti Stock Broking Co. Pvt. Ltd.,10,800.0,8000.0,2025-08-07 11:10:16.617939
2025-08-07,92425,2025080704000518,RADHI,ABC Securities Private Limited,Bhrikuti Stock Broking Co. Pvt. Ltd.,190,800.0,152000.0,2025-08-07 11:11:19.968596
2025-08-07,92424,2025080704000519,RADHI,ABC Securities Private Limited,Cristal Kanchanjanga Securites Pvt. Ltd.,310,800.0,248000.0,2025-08-07 11:11:19.968690
2025-08-07,92244,2025080704000560,RADHI,Sumeru Securities Pvt. Ltd.,Cristal Kanchanjanga Securites Pvt. Ltd.,690,800.0,552000.0,2025-08-07 11:12:01.172398
2025-08-07,92243,2025080704000561,RADHI,Sumeru Securities Pvt. Ltd.,Aryatara Investment & Securities,10,800.0,8000.0,2025-08-07 11:12:01.172580
2025-08-07,92242,2025080704000562,RADHI,Sumeru Securities Pvt. Ltd.,Online Securities Pvt. Ltd.,12,800.0,9600.0,2025-08-07 11:12:01.172689
2025-08-07,92181,2025080704000574,RADHI,Thrive Brokerage House Pvt. Ltd,Linch Stock Market Ltd.,42,797.5,33495.0,2025-08-07 11:12:13.144203
2025-08-07,91819,2025080704000642,RADHI,Sumeru Securities Pvt. Ltd.,Himalayan Brokerage Company Limited,50,802.0,40100.0,2025-08-07 11:13:26.582145
2025-08-07,91477,2025080704000711,RADHI,Thrive Brokerage House Pvt. Ltd,Ashutosh Brokerage & Securities (PVT) Ltd.,458,800.1,366445.8,2025-08-07 11:14:25.693163
2025-08-07,91476,2025080704000712,RADHI,Neev Securities Pvt. Ltd.,Ashutosh Brokerage & Securities (PVT) Ltd.,67,800.0,53600.0,2025-08-07 11:14:25.693263
2025-08-07,91442,2025080704000725,RADHI,Neev Securities Pvt. Ltd.,Ashutosh Brokerage & Securities (PVT) Ltd.,333,800.0,266400.0,2025-08-07 11:14:33.734306
2025-08-07,91441,2025080704000726,RADHI,Neev Securities Pvt. Ltd.,Ashutosh Brokerage & Securities (PVT) Ltd.,167,800.0,133600.0,2025-08-07 11:14:33.734540
2025-08-07,91339,2025080704000743,RADHI,Neev Securities Pvt. Ltd.,Machhapuchchhre Securities Limited,133,800.0,106400.0,2025-08-07 11:14:41.799072
2025-08-07,91338,2025080704000744,RADHI,Kumari Securities Private Limited,Machhapuchchhre Securities Limited,25,800.0,20000.0,2025-08-07 11:14:41.799191
2025-08-07,91337,2025080704000745,RADHI,Nagarik Stock Dealer ,Machhapuchchhre Securities Limited,100,800.0,80000.0,2025-08-07 11:14:41.799237
2025-08-07,90984,2025080704000794,RADHI,Linch Stock Market Ltd.,Ashutosh Brokerage & Securities (PVT) Ltd.,100,799.0,79900.0,2025-08-07 11:15:55.282215
2025-08-07,90351,2025080704000880,RADHI,Linch Stock Market Ltd.,Machhapuchchhre Securities Limited,26,798.0,20748.0,2025-08-07 11:17:49.114195
2025-08-07,90040,2025080704000934,RADHI,Linch Stock Market Ltd.,Bhrikuti Stock Broking Co. Pvt. Ltd.,374,798.0,298452.0,2025-08-07 11:18:52.921949
2025-08-07,90039,2025080704000935,RADHI,Sumeru Securities Pvt. Ltd.,Bhrikuti Stock Broking Co. Pvt. Ltd.,1000,797.7,797700.0,2025-08-07 11:18:52.922116
2025-08-07,90038,2025080704000936,RADHI,Sumeru Securities Pvt. Ltd.,Bhrikuti Stock Broking Co. Pvt. Ltd.,726,797.6,579057.6,2025-08-07 11:18:52.922217
2025-08-07,89562,2025080704001042,RADHI,Sumeru Securities Pvt. Ltd.,Deevyaa Securities & Stock House Pvt. Ltd,500,799.8,399900.0,2025-08-07 11:19:56.305984
2025-08-07,89561,2025080704001043,RADHI,Sumeru Securities Pvt. Ltd.,SHUBHAKAMANA SECURITIES PVT. LTD,2000,799.9,1599800.0,2025-08-07 11:19:56.306232
2025-08-07,89560,2025080704001044,RADHI,Sumeru Securities Pvt. Ltd.,Cristal Kanchanjanga Securites Pvt. Ltd.,1000,800.0,800000.0,2025-08-07 11:19:56.306410
2025-08-07,89559,2025080704001045,RADHI,Sumeru Securities Pvt. Ltd.,Kohinoor Investment & Securities Pvt. Ltd.,500,800.0,400000.0,2025-08-07 11:19:56.306568
2025-08-07,89558,2025080704001046,RADHI,Sumeru Securities Pvt. Ltd.,Citizens Share Broker Limited,2500,800.0,2000000.0,2025-08-07 11:19:56.306718
2025-08-07,89212,2025080704001127,RADHI,Deevyaa Securities & Stock House Pvt. Ltd,Nagarik Stock Dealer ,500,797.7,398850.0,2025-08-07 11:20:47.554302
2025-08-07,89211,2025080704001128,RADHI,Sumeru Securities Pvt. Ltd.,Nagarik Stock Dealer ,274,797.6,218542.4,2025-08-07 11:20:47.554382
2025-08-07,89210,2025080704001129,RADHI,Sani Securities Company Ltd.,Nagarik Stock Dealer ,245,797.2,195314.0,2025-08-07 11:20:47.554412
2025-08-07,89209,2025080704001130,RADHI,Sumeru Securities Pvt. Ltd.,Nagarik Stock Dealer ,1000,797.2,797200.0,2025-08-07 11:20:47.554442
2025-08-07,89208,2025080704001131,RADHI,Dakshinkali Investment & Securities Pvt. Ltd.,Nagarik Stock Dealer ,81,797.1,64565.1,2025-08-07 11:20:47.554483
2025-08-07,89129,2025080704001164,RADHI,Dakshinkali Investment & Securities Pvt. Ltd.,Ashutosh Brokerage & Securities (PVT) Ltd.,169,797.1,134709.9,2025-08-07 11:20:58.843173
2025-08-07,88968,2025080704001198,RADHI,Sumeru Securities Pvt. Ltd.,Vision Securities Pvt. Ltd,100,794.4,79440.0,2025-08-07 11:21:23.927585
2025-08-07,88967,2025080704001199,RADHI,Sri Hari Securities Pvt. Ltd.,Vision Securities Pvt. Ltd,100,794.0,79400.0,2025-08-07 11:21:23.927744
2025-08-07,88733,2025080704001246,RADHI,Sajilo Broker Limited,Capital Max Securities Ltd,120,796.9,95628.0,2025-08-07 11:22:00.604034
2025-08-07,87706,2025080704001455,RADHI,Sumeru Securities Pvt. Ltd.,Nepal Investment And Securities Trading Private Limited,87,794.2,69095.4,2025-08-07 11:24:52.271765
2025-08-07,87458,2025080704001502,RADHI,Sajilo Broker Limited,Dynamic Money Managers Securities Pvt. Ltd.,103,799.8,82379.4,2025-08-07 11:25:49.270193
2025-08-07,86509,2025080704001654,RADHI,Naasa Securities Co. Ltd.,Ashutosh Brokerage & Securities (PVT) Ltd.,64,799.8,51187.2,2025-08-07 11:28:55.885114
2025-08-07,86165,2025080704001708,RADHI,Neev Securities Pvt. Ltd.,Ashutosh Brokerage & Securities (PVT) Ltd.,436,799.8,348712.8,2025-08-07 11:29:55.999502
2025-08-07,86164,2025080704001709,RADHI,Neev Securities Pvt. Ltd.,Kumari Securities Private Limited,14,799.9,11198.6,2025-08-07 11:29:55.999850
2025-08-07,84355,2025080704002112,RADHI,Neev Securities Pvt. Ltd.,Sharepro Securities Private Limited,100,799.5,79950.0,2025-08-07 11:35:28.941620
2025-08-07,84354,2025080704002113,RADHI,Neev Securities Pvt. Ltd.,Infinity Securities Limited,200,799.8,159960.0,2025-08-07 11:35:28.941822
2025-08-07,84353,2025080704002114,RADHI,Neev Securities Pvt. Ltd.,Kumari Securities Private Limited,154,799.9,123184.6,2025-08-07 11:35:28.941890
2025-08-07,82660,2025080704002494,RADHI,Dipshikha Dhitopatra Karobar Co. Pvt Ltd.,Sani Securities Company Ltd.,5,790.0,3950.0,2025-08-07 11:40:21.891823
2025-08-07,82377,2025080704002533,RADHI,Global IME Securities Limited,Sharepro Securities Private Limited,260,798.0,207480.0,2025-08-07 11:41:22.332424
2025-08-07,82217,2025080704002544,RADHI,Global IME Securities Limited,Bhrikuti Stock Broking Co. Pvt. Ltd.,240,798.0,191520.0,2025-08-07 11:41:42.120022
2025-08-07,81661,2025080704002677,RADHI,Dipshikha Dhitopatra Karobar Co. Pvt Ltd.,Trisul Securities & Invt. Ltd.,2,792.0,1584.0,2025-08-07 11:43:32.064166
2025-08-07,81153,2025080704002764,RADHI,Capital Hub P. Ltd,Vision Securities Pvt. Ltd,10,797.1,7971.0,2025-08-07 11:45:11.227595
2025-08-07,81152,2025080704002765,RADHI,Deevyaa Securities & Stock House Pvt. Ltd,Vision Securities Pvt. Ltd,61,797.1,48623.1,2025-08-07 11:45:11.227967
2025-08-07,81141,2025080704002770,RADHI,Neev Securities Pvt. Ltd.,Sundhara Securities Limited,243,799.0,194157.0,2025-08-07 11:45:15.091700
2025-08-07,81140,2025080704002771,RADHI,Neev Securities Pvt. Ltd.,Neev Securities Pvt. Ltd.,377,799.8,301524.6,2025-08-07 11:45:15.091855
2025-08-07,80828,2025080704002826,RADHI,Neev Securities Pvt. Ltd.,Neev Securities Pvt. Ltd.,20,799.8,15996.0,2025-08-07 11:46:08.410332
2025-08-07,80462,2025080704002897,RADHI,Linch Stock Market Ltd.,Neev Securities Pvt. Ltd.,100,799.8,79980.0,2025-08-07 11:47:10.599595
2025-08-07,80369,2025080704002912,RADHI,Nagarik Stock Dealer ,Sharepro Securities Private Limited,100,797.2,79720.0,2025-08-07 11:47:29.228405
2025-08-07,80209,2025080704002948,RADHI,Kohinoor Investment & Securities Pvt. Ltd.,Neev Securities Pvt. Ltd.,503,799.8,402299.4,2025-08-07 11:47:48.130128
2025-08-07,80208,2025080704002949,RADHI,Kohinoor Investment & Securities Pvt. Ltd.,Citizens Share Broker Limited,100,799.9,79990.0,2025-08-07 11:47:48.130474
2025-08-07,80207,2025080704002950,RADHI,Kohinoor Investment & Securities Pvt. Ltd.,Kohinoor Investment & Securities Pvt. Ltd.,122,799.9,97587.8,2025-08-07 11:47:48.130685
2025-08-07,80125,2025080704002956,RADHI,Siprabi Securities Pvt. Ltd.,Cristal Kanchanjanga Securites Pvt. Ltd.,60,799.0,47940.0,2025-08-07 11:48:01.400941
2025-08-07,78252,2025080704003403,RADHI,Nagarik Stock Dealer ,Cristal Kanchanjanga Securites Pvt. Ltd.,40,799.0,31960.0,2025-08-07 11:53:35.131484
2025-08-07,78251,2025080704003404,RADHI,Nagarik Stock Dealer ,Kohinoor Investment & Securities Pvt. Ltd.,360,799.9,287964.0,2025-08-07 11:53:35.131660
2025-08-07,77993,2025080704003465,RADHI,Sharepro Securities Private Limited,Kohinoor Investment & Securities Pvt. Ltd.,518,799.9,414348.2,2025-08-07 11:54:26.696591
2025-08-07,77992,2025080704003466,RADHI,Sharepro Securities Private Limited,Bhrikuti Stock Broking Co. Pvt. Ltd.,300,799.9,239970.0,2025-08-07 11:54:26.696772
2025-08-07,77991,2025080704003467,RADHI,Sharepro Securities Private Limited,Citizens Share Broker Limited,182,800.0,145600.0,2025-08-07 11:54:26.696844
2025-08-07,77820,2025080704003510,RADHI,Infinity Securities Limited,Citizens Share Broker Limited,10,800.0,8000.0,2025-08-07 11:55:02.965641
2025-08-07,77676,2025080704003540,RADHI,Sharepro Securities Private Limited,Imperial Securities Company Pvt. Ltd.,100,798.0,79800.0,2025-08-07 11:55:30.771835
2025-08-07,77556,2025080704003579,RADHI,Imperial Securities Company Pvt. Ltd.,Malla & Malla Stock Broking Company Pvt. Limited,6,784.0,4704.0,2025-08-07 11:55:56.045944
2025-08-07,77447,2025080704003593,RADHI,Ashutosh Brokerage & Securities (PVT) Ltd.,Citizens Share Broker Limited,10,800.0,8000.0,2025-08-07 11:56:15.730677
2025-08-07,76685,2025080704003804,RADHI,Nagarik Stock Dealer ,Capital Max Securities Ltd,500,798.1,399050.0,2025-08-07 11:58:32.267751
2025-08-07,76684,2025080704003805,RADHI,Sharepro Securities Private Limited,Capital Max Securities Ltd,400,798.0,319200.0,2025-08-07 11:58:32.267928
2025-08-07,76468,2025080704003876,RADHI,Dipshikha Dhitopatra Karobar Co. Pvt Ltd.,Kohinoor Investment & Securities Pvt. Ltd.,1,800.0,800.0,2025-08-07 11:59:20.747544
2025-08-07,76163,2025080704003935,RADHI,Neev Securities Pvt. Ltd.,Capital Max Securities Ltd,300,798.0,239400.0,2025-08-07 12:00:22.237072
2025-08-07,76074,2025080704003951,RADHI,Deevyaa Securities & Stock House Pvt. Ltd,Oxford Securities Pvt. Ltd.,500,797.8,398900.0,2025-08-07 12:00:44.421813
2025-08-07,76073,2025080704003952,RADHI,K.B.L. Securities Limited ,Oxford Securities Pvt. Ltd.,370,797.7,295149.0,2025-08-07 12:00:44.422163
2025-08-07,76072,2025080704003953,RADHI,Deevyaa Securities & Stock House Pvt. Ltd,Oxford Securities Pvt. Ltd.,130,797.1,103623.0,2025-08-07 12:00:44.422407
2025-08-07,75996,2025080704003971,RADHI,Neev Securities Pvt. Ltd.,Capital Max Securities Ltd,100,798.0,79800.0,2025-08-07 12:01:02.445258
2025-08-07,75597,2025080704004086,RADHI,NIMB Stock Markets Limited,Capital Max Securities Ltd,200,798.0,159600.0,2025-08-07 12:02:09.097988
2025-08-07,75310,2025080704004160,RADHI,Ashutosh Brokerage & Securities (PVT) Ltd.,Malla & Malla Stock Broking Company Pvt. Limited,2,785.0,1570.0,2025-08-07 12:02:53.352027
2025-08-07,75287,2025080704004163,RADHI,Sajilo Broker Limited,Capital Max Securities Ltd,50,798.0,39900.0,2025-08-07 12:02:54.674269
2025-08-07,75255,2025080704004172,RADHI,Deevyaa Securities & Stock House Pvt. Ltd,Bhrikuti Stock Broking Co. Pvt. Ltd.,128,797.1,102028.8,2025-08-07 12:03:01.381742
2025-08-07,75030,2025080704004234,RADHI,Kohinoor Investment & Securities Pvt. Ltd.,Capital Max Securities Ltd,1450,798.0,1157100.0,2025-08-07 12:03:34.852108
2025-08-07,74563,2025080704004399,RADHI,Sri Hari Securities Pvt. Ltd.,Oxford Securities Pvt. Ltd.,14,799.5,11193.0,2025-08-07 12:04:40.973877
2025-08-07,74562,2025080704004400,RADHI,Sri Hari Securities Pvt. Ltd.,Naasa Securities Co. Ltd.,100,799.9,79990.0,2025-08-07 12:04:40.974068
2025-08-07,74561,2025080704004401,RADHI,Sri Hari Securities Pvt. Ltd.,Citizens Share Broker Limited,298,800.0,238400.0,2025-08-07 12:04:40.974140
2025-08-07,74560,2025080704004402,RADHI,Sri Hari Securities Pvt. Ltd.,Himalayan Brokerage Company Limited,100,800.0,80000.0,2025-08-07 12:04:40.974253
2025-08-07,74559,2025080704004403,RADHI,Sri Hari Securities Pvt. Ltd.,Cristal Kanchanjanga Securites Pvt. Ltd.,200,800.0,160000.0,2025-08-07 12:04:40.974332
2025-08-07,74558,2025080704004404,RADHI,Sri Hari Securities Pvt. Ltd.,Nepal Stock House (PVT) Ltd.,200,800.0,160000.0,2025-08-07 12:04:40.974401
2025-08-07,74557,2025080704004405,RADHI,Sri Hari Securities Pvt. Ltd.,Secured Securities Ltd.,500,800.0,400000.0,2025-08-07 12:04:40.974470
2025-08-07,74556,2025080704004406,RADHI,Sri Hari Securities Pvt. Ltd.,Kumari Securities Private Limited,500,800.0,400000.0,2025-08-07 12:04:40.974535
2025-08-07,74555,2025080704004407,RADHI,Sri Hari Securities Pvt. Ltd.,Sajilo Broker Limited,88,800.0,70400.0,2025-08-07 12:04:40.974603
2025-08-07,72812,2025080704005015,RADHI,Deevyaa Securities & Stock House Pvt. Ltd,Blue Chip Securities Ltd,100,799.0,79900.0,2025-08-07 12:08:45.540586
2025-08-07,72423,2025080704005137,RADHI,Deevyaa Securities & Stock House Pvt. Ltd,Sajilo Broker Limited,81,800.0,64800.0,2025-08-07 12:09:41.983351
2025-08-07,72259,2025080704005190,RADHI,Neev Securities Pvt. Ltd.,Sajilo Broker Limited,31,800.0,24800.0,2025-08-07 12:10:13.533249
2025-08-07,72258,2025080704005191,RADHI,Neev Securities Pvt. Ltd.,Kohinoor Investment & Securities Pvt. Ltd.,369,800.0,295200.0,2025-08-07 12:10:13.533408
2025-08-07,72023,2025080704005289,RADHI,Imperial Securities Company Pvt. Ltd.,Kohinoor Investment & Securities Pvt. Ltd.,131,800.0,104800.0,2025-08-07 12:11:00.437367
2025-08-07,72022,2025080704005290,RADHI,Imperial Securities Company Pvt. Ltd.,KALASH STOCK MARKET PVT. LTD.,25,800.0,20000.0,2025-08-07 12:11:00.437699
2025-08-07,72021,2025080704005291,RADHI,Imperial Securities Company Pvt. Ltd.,Aakashbhairab Securities Ltd.,100,800.0,80000.0,2025-08-07 12:11:00.437908
2025-08-07,72020,2025080704005292,RADHI,Imperial Securities Company Pvt. Ltd.,Naasa Securities Co. Ltd.,104,800.0,83200.0,2025-08-07 12:11:00.438176
2025-08-07,72019,2025080704005293,RADHI,Imperial Securities Company Pvt. Ltd.,Deevyaa Securities & Stock House Pvt. Ltd,39,800.0,31200.0,2025-08-07 12:11:00.438481
2025-08-07,72018,2025080704005294,RADHI,Imperial Securities Company Pvt. Ltd.,INDEX SECURITIES LIMITED,13,800.0,10400.0,2025-08-07 12:11:00.438715
2025-08-07,72017,2025080704005295,RADHI,Imperial Securities Company Pvt. Ltd.,Dakshinkali Investment & Securities Pvt. Ltd.,25,800.0,20000.0,2025-08-07 12:11:00.438955
2025-08-07,72016,2025080704005296,RADHI,Imperial Securities Company Pvt. Ltd.,Agrawal Securities (PVT) Ltd.,500,800.0,400000.0,2025-08-07 12:11:00.439153
2025-08-07,72015,2025080704005297,RADHI,Imperial Securities Company Pvt. Ltd.,Sewa Securities Pvt. Ltd.,63,800.0,50400.0,2025-08-07 12:11:00.439379
2025-08-07,71884,2025080704005343,RADHI,Sajilo Broker Limited,Sewa Securities Pvt. Ltd.,50,800.0,40000.0,2025-08-07 12:11:30.176045
2025-08-07,71621,2025080704005417,RADHI,Neev Securities Pvt. Ltd.,Sewa Securities Pvt. Ltd.,387,800.0,309600.0,2025-08-07 12:12:15.404218
2025-08-07,71620,2025080704005418,RADHI,Neev Securities Pvt. Ltd.,Nepal Stock House (PVT) Ltd.,80,800.0,64000.0,2025-08-07 12:12:15.404576
2025-08-07,70790,2025080704005617,RADHI,Sharepro Securities Private Limited,Bhrikuti Stock Broking Co. Pvt. Ltd.,10,800.5,8005.0,2025-08-07 12:14:27.039606
2025-08-07,70581,2025080704005666,RADHI,Neev Securities Pvt. Ltd.,Trishakti Securities Public Limited,33,800.0,26400.0,2025-08-07 12:14:57.972161
2025-08-07,70580,2025080704005667,RADHI,Linch Stock Market Ltd.,Trishakti Securities Public Limited,42,800.0,33600.0,2025-08-07 12:14:57.972504
2025-08-07,70579,2025080704005668,RADHI,Nabil Stock Dealer Ltd.,Trishakti Securities Public Limited,225,800.0,180000.0,2025-08-07 12:14:57.972705
2025-08-07,70194,2025080704005762,RADHI,Imperial Securities Company Pvt. Ltd.,Nepal Investment And Securities Trading Private Limited,6,784.0,4704.0,2025-08-07 12:15:58.060827
2025-08-07,70032,2025080704005802,RADHI,Neev Securities Pvt. Ltd.,Beni Securities Pvt.Ltd.,500,800.1,400050.0,2025-08-07 12:16:18.764166
2025-08-07,69224,2025080704005984,RADHI,Nepal Stock House (PVT) Ltd.,Midas Stock Broking Company Private Limited,50,800.2,40010.0,2025-08-07 12:18:39.535796
2025-08-07,69033,2025080704006044,RADHI,Nepal Stock House (PVT) Ltd.,Sumeru Securities Pvt. Ltd.,50,800.2,40010.0,2025-08-07 12:19:12.632039
2025-08-07,69032,2025080704006045,RADHI,Neev Securities Pvt. Ltd.,Sumeru Securities Pvt. Ltd.,20,800.1,16002.0,2025-08-07 12:19:12.632235
2025-08-07,69031,2025080704006046,RADHI,Neev Securities Pvt. Ltd.,Sumeru Securities Pvt. Ltd.,450,800.1,360045.0,2025-08-07 12:19:12.632335
2025-08-07,69030,2025080704006047,RADHI,Neev Securities Pvt. Ltd.,Sumeru Securities Pvt. Ltd.,450,800.1,360045.0,2025-08-07 12:19:12.632407
2025-08-07,68602,2025080704006153,RADHI,Nabil Stock Dealer Ltd.,Sumeru Securities Pvt. Ltd.,500,800.0,400000.0,2025-08-07 12:20:22.893062
2025-08-07,68548,2025080704006168,RADHI,Nabil Stock Dealer Ltd.,SHUBHAKAMANA SECURITIES PVT. LTD,75,800.0,60000.0,2025-08-07 12:20:31.083031
2025-08-07,67757,2025080704006408,RADHI,SHUBHAKAMANA SECURITIES PVT. LTD,Thrive Brokerage House Pvt. Ltd,32,796.3,25481.6,2025-08-07 12:22:46.534801
2025-08-07,67411,2025080704006521,RADHI,Neev Securities Pvt. Ltd.,Asian Securities Private Ltd.,250,799.9,199975.0,2025-08-07 12:23:52.660266
2025-08-07,67289,2025080704006561,RADHI,Trisul Securities & Invt. Ltd.,Asian Securities Private Ltd.,16,799.9,12798.4,2025-08-07 12:24:21.728712
2025-08-07,66698,2025080704006690,RADHI,Kumari Securities Private Limited,Machhapuchchhre Securities Limited,20,796.5,15930.0,2025-08-07 12:26:01.882893
2025-08-07,66655,2025080704006694,RADHI,Imperial Securities Company Pvt. Ltd.,Agrawal Securities (PVT) Ltd.,6,794.2,4765.2,2025-08-07 12:26:10.944383
2025-08-07,66491,2025080704006728,RADHI,SHUBHAKAMANA SECURITIES PVT. LTD,Asian Securities Private Ltd.,58,796.3,46185.4,2025-08-07 12:26:35.565909
2025-08-07,66490,2025080704006729,RADHI,Creative Securities Pvt Ltd,Asian Securities Private Ltd.,50,796.2,39810.0,2025-08-07 12:26:35.566102
2025-08-07,66489,2025080704006730,RADHI,Creative Securities Pvt Ltd,Asian Securities Private Ltd.,226,796.1,179918.6,2025-08-07 12:26:35.566173
2025-08-07,66343,2025080704006768,RADHI,Neev Securities Pvt. Ltd.,Machhapuchchhre Securities Limited,220,796.5,175230.0,2025-08-07 12:27:00.116971
2025-08-07,66113,2025080704006827,RADHI,Sri Hari Securities Pvt. Ltd.,Machhapuchchhre Securities Limited,65,796.5,51772.5,2025-08-07 12:27:38.728079
2025-08-07,65852,2025080704006875,RADHI,Sumeru Securities Pvt. Ltd.,Online Securities Pvt. Ltd.,1,781.0,781.0,2025-08-07 12:28:23.685418
2025-08-07,64418,2025080704007218,RADHI,Neev Securities Pvt. Ltd.,SHUBHAKAMANA SECURITIES PVT. LTD,15,800.0,12000.0,2025-08-07 12:32:07.228324
2025-08-07,64417,2025080704007219,RADHI,Neev Securities Pvt. Ltd.,Sani Securities Company Ltd.,105,800.0,84000.0,2025-08-07 12:32:07.228533
2025-08-07,63927,2025080704007337,RADHI,Sri Hari Securities Pvt. Ltd.,Naasa Securities Co. Ltd.,10,796.5,7965.0,2025-08-07 12:33:23.864470
2025-08-07,62510,2025080704007676,RADHI,Trishakti Securities Public Limited,Capital Max Securities Ltd,42,797.5,33495.0,2025-08-07 12:37:22.254211
2025-08-07,62473,2025080704007681,RADHI,Deevyaa Securities & Stock House Pvt. Ltd,J.F. Securites (PVT) Ltd.,12,797.1,9565.2,2025-08-07 12:37:31.750210
2025-08-07,61956,2025080704007849,RADHI,Neev Securities Pvt. Ltd.,Dynamic Money Managers Securities Pvt. Ltd.,150,799.9,119985.0,2025-08-07 12:39:09.735212
2025-08-07,61955,2025080704007850,RADHI,Neev Securities Pvt. Ltd.,Sani Securities Company Ltd.,121,800.0,96800.0,2025-08-07 12:39:09.735647
2025-08-07,61954,2025080704007851,RADHI,Neev Securities Pvt. Ltd.,Market Securities & Exchange (PVT) Ltd.,36,800.0,28800.0,2025-08-07 12:39:09.735891
2025-08-07,61810,2025080704007893,RADHI,Neev Securities Pvt. Ltd.,Aryatara Investment & Securities,193,800.0,154400.0,2025-08-07 12:39:35.795884
2025-08-07,61641,2025080704007933,RADHI,Neev Securities Pvt. Ltd.,Sumeru Securities Pvt. Ltd.,30,800.1,24003.0,2025-08-07 12:40:16.124033
2025-08-07,61640,2025080704007934,RADHI,Neev Securities Pvt. Ltd.,Naasa Securities Co. Ltd.,30,801.0,24030.0,2025-08-07 12:40:16.124497
2025-08-07,61639,2025080704007935,RADHI,Neev Securities Pvt. Ltd.,Trishakti Securities Public Limited,80,801.0,64080.0,2025-08-07 12:40:16.124762
2025-08-07,61612,2025080704007939,RADHI,Neev Securities Pvt. Ltd.,Cristal Kanchanjanga Securites Pvt. Ltd.,50,801.0,40050.0,2025-08-07 12:40:20.719593
2025-08-07,61610,2025080704007940,RADHI,Sumeru Securities Pvt. Ltd.,Nepal Investment And Securities Trading Private Limited,30,802.0,24060.0,2025-08-07 12:40:21.964123
2025-08-07,61609,2025080704007941,RADHI,Sumeru Securities Pvt. Ltd.,Cristal Kanchanjanga Securites Pvt. Ltd.,170,802.0,136340.0,2025-08-07 12:40:21.964562
2025-08-07,61567,2025080704007947,RADHI,Neev Securities Pvt. Ltd.,Property Wiard Limited,310,801.0,248310.0,2025-08-07 12:40:31.906857
2025-08-07,61566,2025080704007948,RADHI,Neev Securities Pvt. Ltd.,Property Wiard Limited,90,800.0,72000.0,2025-08-07 12:40:31.907093
2025-08-07,61187,2025080704008049,RADHI,Neev Securities Pvt. Ltd.,Deevyaa Securities & Stock House Pvt. Ltd,200,801.5,160300.0,2025-08-07 12:41:49.632370
2025-08-07,61185,2025080704008050,RADHI,Neev Securities Pvt. Ltd.,Naasa Securities Co. Ltd.,20,800.0,16000.0,2025-08-07 12:41:49.876624
2025-08-07,60666,2025080704008161,RADHI,Neev Securities Pvt. Ltd.,Bhrikuti Stock Broking Co. Pvt. Ltd.,10,800.0,8000.0,2025-08-07 12:43:53.377460
2025-08-07,60271,2025080704008246,RADHI,Neev Securities Pvt. Ltd.,Dipshikha Dhitopatra Karobar Co. Pvt Ltd.,330,800.0,264000.0,2025-08-07 12:45:22.251945
2025-08-07,60270,2025080704008247,RADHI,Neev Securities Pvt. Ltd.,Dipshikha Dhitopatra Karobar Co. Pvt Ltd.,170,800.0,136000.0,2025-08-07 12:45:22.252301
2025-08-07,59926,2025080704008326,RADHI,Neev Securities Pvt. Ltd.,ABC Securities Private Limited,100,800.0,80000.0,2025-08-07 12:46:31.777363
2025-08-07,59626,2025080704008397,RADHI,Neev Securities Pvt. Ltd.,Siprabi Securities Pvt. Ltd.,30,800.0,24000.0,2025-08-07 12:47:38.694180
2025-08-07,59098,2025080704008505,RADHI,Neev Securities Pvt. Ltd.,Kumari Securities Private Limited,150,800.0,120000.0,2025-08-07 12:49:18.086587
2025-08-07,59097,2025080704008506,RADHI,Neev Securities Pvt. Ltd.,Kumari Securities Private Limited,90,800.0,72000.0,2025-08-07 12:49:18.086831
2025-08-07,58715,2025080704008610,RADHI,Deevyaa Securities & Stock House Pvt. Ltd,Miyo Securities Pvt Ltd,91,798.2,72636.2,2025-08-07 12:50:41.457602
2025-08-07,58518,2025080704008678,RADHI,Midas Stock Broking Company Private Limited,Kalika Securities Pvt. Ltd.,2,799.0,1598.0,2025-08-07 12:51:25.103803
2025-08-07,57928,2025080704008850,RADHI,Sharepro Securities Private Limited,Kumari Securities Private Limited,210,800.0,168000.0,2025-08-07 12:53:39.682027
2025-08-07,57927,2025080704008851,RADHI,Sharepro Securities Private Limited,Kumari Securities Private Limited,114,800.0,91200.0,2025-08-07 12:53:39.682287
2025-08-07,57926,2025080704008852,RADHI,Sharepro Securities Private Limited,Trisul Securities & Invt. Ltd.,20,800.0,16000.0,2025-08-07 12:53:39.682381
2025-08-07,57894,2025080704008856,RADHI,Sharepro Securities Private Limited,Cristal Kanchanjanga Securites Pvt. Ltd.,256,800.0,204800.0,2025-08-07 12:53:44.257014
2025-08-07,57840,2025080704008869,RADHI,Sharepro Securities Private Limited,Linch Stock Market Ltd.,20,799.0,15980.0,2025-08-07 12:54:02.071533
2025-08-07,57839,2025080704008870,RADHI,Sharepro Securities Private Limited,Cristal Kanchanjanga Securites Pvt. Ltd.,180,800.0,144000.0,2025-08-07 12:54:02.071939
2025-08-07,57418,2025080704008942,RADHI,Premier Securities Company Ltd.,Sagarmatha Securities Private Limited,550,799.9,439945.0,2025-08-07 12:55:35.568717
2025-08-07,57417,2025080704008943,RADHI,Premier Securities Company Ltd.,Cristal Kanchanjanga Securites Pvt. Ltd.,450,800.0,360000.0,2025-08-07 12:55:35.569197
2025-08-07,56976,2025080704009037,RADHI,Opal Securities Investment (PVT) Ltd.,Vision Securities Pvt. Ltd,200,798.3,159660.0,2025-08-07 12:57:17.776976
2025-08-07,56600,2025080704009117,RADHI,Trishakti Securities Public Limited,Investment Management Nepal Pvt. Ltd.,8,799.9,6399.2,2025-08-07 12:59:09.191771
2025-08-07,56512,2025080704009137,RADHI,Neev Securities Pvt. Ltd.,Cristal Kanchanjanga Securites Pvt. Ltd.,114,800.0,91200.0,2025-08-07 12:59:33.578878
2025-08-07,56511,2025080704009138,RADHI,Neev Securities Pvt. Ltd.,Bhrikuti Stock Broking Co. Pvt. Ltd.,186,800.0,148800.0,2025-08-07 12:59:33.579381
2025-08-07,55921,2025080704009305,RADHI,Dipshikha Dhitopatra Karobar Co. Pvt Ltd.,Bhrikuti Stock Broking Co. Pvt. Ltd.,10,800.0,8000.0,2025-08-07 13:01:22.747078
2025-08-07,55825,2025080704009318,RADHI,Opal Securities Investment (PVT) Ltd.,Primo Securities (PVT) Ltd.,12,798.3,9579.6,2025-08-07 13:01:47.110515
2025-08-07,55591,2025080704009450,RADHI,Neev Securities Pvt. Ltd.,Sani Securities Company Ltd.,500,800.0,400000.0,2025-08-07 13:02:23.402418
2025-08-07,55590,2025080704009451,RADHI,Neev Securities Pvt. Ltd.,Bhrikuti Stock Broking Co. Pvt. Ltd.,10,800.0,8000.0,2025-08-07 13:02:23.402976
2025-08-07,55012,2025080704009642,RADHI,Linch Stock Market Ltd.,Bhrikuti Stock Broking Co. Pvt. Ltd.,290,800.0,232000.0,2025-08-07 13:04:23.987269
2025-08-07,54666,2025080704009708,RADHI,Sweta Securities Private Limited,Dipshikha Dhitopatra Karobar Co. Pvt Ltd.,800,800.0,640000.0,2025-08-07 13:05:50.553672
2025-08-07,54580,2025080704009727,RADHI,Linch Stock Market Ltd.,Trisul Securities & Invt. Ltd.,22,800.2,17604.4,2025-08-07 13:06:13.845622
2025-08-07,54533,2025080704009739,RADHI,Linch Stock Market Ltd.,Trisul Securities & Invt. Ltd.,25,800.4,20010.0,2025-08-07 13:06:27.930241
2025-08-07,54524,2025080704009740,RADHI,Sweta Securities Private Limited,Naasa Securities Co. Ltd.,90,800.0,72000.0,2025-08-07 13:06:29.323873
2025-08-07,54350,2025080704009784,RADHI,Linch Stock Market Ltd.,Siprabi Securities Pvt. Ltd.,50,801.0,40050.0,2025-08-07 13:07:16.300003
2025-08-07,54068,2025080704009851,RADHI,Linch Stock Market Ltd.,Midas Stock Broking Company Private Limited,35,801.5,28052.5,2025-08-07 13:08:16.841233
2025-08-07,53940,2025080704009890,RADHI,Sweta Securities Private Limited,Nepal Investment And Securities Trading Private Limited,11,800.0,8800.0,2025-08-07 13:08:38.772742
2025-08-07,53723,2025080704009952,RADHI,Neev Securities Pvt. Ltd.,Midas Stock Broking Company Private Limited,400,801.5,320600.0,2025-08-07 13:09:24.754585
2025-08-07,53425,2025080704010058,RADHI,Trisul Securities & Invt. Ltd.,Dipshikha Dhitopatra Karobar Co. Pvt Ltd.,100,801.0,80100.0,2025-08-07 13:10:23.896836
2025-08-07,53147,2025080704010171,RADHI,Deevyaa Securities & Stock House Pvt. Ltd,Naasa Securities Co. Ltd.,11,801.0,8811.0,2025-08-07 13:11:04.977577
2025-08-07,53146,2025080704010172,RADHI,Deevyaa Securities & Stock House Pvt. Ltd,Midas Stock Broking Company Private Limited,100,801.5,80150.0,2025-08-07 13:11:04.978023
2025-08-07,53145,2025080704010173,RADHI,Deevyaa Securities & Stock House Pvt. Ltd,Aryatara Investment & Securities,100,801.5,80150.0,2025-08-07 13:11:04.978308
2025-08-07,53144,2025080704010174,RADHI,Deevyaa Securities & Stock House Pvt. Ltd,Cristal Kanchanjanga Securites Pvt. Ltd.,1000,801.5,801500.0,2025-08-07 13:11:04.978614
2025-08-07,53143,2025080704010175,RADHI,Deevyaa Securities & Stock House Pvt. Ltd,Deevyaa Securities & Stock House Pvt. Ltd,300,801.8,240540.0,2025-08-07 13:11:04.978889
2025-08-07,53142,2025080704010176,RADHI,Deevyaa Securities & Stock House Pvt. Ltd,Cristal Kanchanjanga Securites Pvt. Ltd.,50,801.8,40090.0,2025-08-07 13:11:04.979155
2025-08-07,53141,2025080704010177,RADHI,Deevyaa Securities & Stock House Pvt. Ltd,Himalayan Securities Limited,80,801.9,64152.0,2025-08-07 13:11:04.979444
2025-08-07,53140,2025080704010178,RADHI,Deevyaa Securities & Stock House Pvt. Ltd,Cristal Kanchanjanga Securites Pvt. Ltd.,330,802.0,264660.0,2025-08-07 13:11:04.979710
2025-08-07,53139,2025080704010179,RADHI,Deevyaa Securities & Stock House Pvt. Ltd,ABC Securities Private Limited,50,802.0,40100.0,2025-08-07 13:11:04.979983
2025-08-07,53138,2025080704010180,RADHI,Deevyaa Securities & Stock House Pvt. Ltd,Sharepro Securities Private Limited,200,802.0,160400.0,2025-08-07 13:11:04.980255
2025-08-07,53137,2025080704010181,RADHI,Deevyaa Securities & Stock House Pvt. Ltd,Naasa Securities Co. Ltd.,10,802.0,8020.0,2025-08-07 13:11:04.980539
2025-08-07,53136,2025080704010182,RADHI,Deevyaa Securities & Stock House Pvt. Ltd,Sajilo Broker Limited,100,802.0,80200.0,2025-08-07 13:11:04.980837
2025-08-07,53135,2025080704010183,RADHI,Deevyaa Securities & Stock House Pvt. Ltd,Dipshikha Dhitopatra Karobar Co. Pvt Ltd.,50,802.0,40100.0,2025-08-07 13:11:04.981108
2025-08-07,53134,2025080704010184,RADHI,Deevyaa Securities & Stock House Pvt. Ltd,Vision Securities Pvt. Ltd,77,802.0,61754.0,2025-08-07 13:11:04.981387
2025-08-07,53133,2025080704010185,RADHI,Deevyaa Securities & Stock House Pvt. Ltd,Agrawal Securities (PVT) Ltd.,500,802.0,401000.0,2025-08-07 13:11:04.981679
2025-08-07,53132,2025080704010186,RADHI,Deevyaa Securities & Stock House Pvt. Ltd,Online Securities Pvt. Ltd.,22,802.0,17644.0,2025-08-07 13:11:04.981938
2025-08-07,53131,2025080704010187,RADHI,Deevyaa Securities & Stock House Pvt. Ltd,Opal Securities Investment (PVT) Ltd.,20,802.0,16040.0,2025-08-07 13:11:04.982196
2025-08-07,52630,2025080704010387,RADHI,Dynamic Money Managers Securities Pvt. Ltd.,Opal Securities Investment (PVT) Ltd.,63,802.0,50526.0,2025-08-07 13:12:43.689744
2025-08-07,52629,2025080704010388,RADHI,Dynamic Money Managers Securities Pvt. Ltd.,Sumeru Securities Pvt. Ltd.,100,802.0,80200.0,2025-08-07 13:12:43.689832
2025-08-07,52628,2025080704010389,RADHI,Dynamic Money Managers Securities Pvt. Ltd.,Citizens Share Broker Limited,87,802.7,69834.9,2025-08-07 13:12:43.689860
2025-08-07,52353,2025080704010508,RADHI,Capital Max Securities Ltd,Nabil Stock Dealer Ltd.,50,801.0,40050.0,2025-08-07 13:13:34.389061
2025-08-07,52352,2025080704010509,RADHI,Neev Securities Pvt. Ltd.,Nabil Stock Dealer Ltd.,50,800.1,40005.0,2025-08-07 13:13:34.389560
2025-08-07,52028,2025080704010632,RADHI,Neev Securities Pvt. Ltd.,Sharepro Securities Private Limited,20,800.1,16002.0,2025-08-07 13:14:40.219228
2025-08-07,51920,2025080704010666,RADHI,Neev Securities Pvt. Ltd.,R.B.B. Securities Company Ltd,22,800.1,17602.2,2025-08-07 13:15:03.145939
2025-08-07,51788,2025080704010723,RADHI,Neev Securities Pvt. Ltd.,Sumeru Securities Pvt. Ltd.,103,800.1,82410.3,2025-08-07 13:15:21.232699
2025-08-07,51221,2025080704010938,RADHI,Neev Securities Pvt. Ltd.,Online Securities Pvt. Ltd.,12,800.1,9601.2,2025-08-07 13:16:56.822249
2025-08-07,50810,2025080704011047,RADHI,Sharepro Securities Private Limited,Trisul Securities & Invt. Ltd.,100,802.0,80200.0,2025-08-07 13:18:24.421934
2025-08-07,50809,2025080704011048,RADHI,Sharepro Securities Private Limited,Sumeru Securities Pvt. Ltd.,100,802.6,80260.0,2025-08-07 13:18:24.422261
2025-08-07,50808,2025080704011049,RADHI,Sharepro Securities Private Limited,Citizens Share Broker Limited,350,802.7,280945.0,2025-08-07 13:18:24.422394
2025-08-07,50735,2025080704011062,RADHI,Sharepro Securities Private Limited,Citizens Share Broker Limited,300,802.7,240810.0,2025-08-07 13:18:38.457866
2025-08-07,50387,2025080704011171,RADHI,Neev Securities Pvt. Ltd.,Sumeru Securities Pvt. Ltd.,143,800.1,114414.3,2025-08-07 13:19:47.449668
2025-08-07,50386,2025080704011172,RADHI,Deevyaa Securities & Stock House Pvt. Ltd,Sumeru Securities Pvt. Ltd.,357,800.1,285635.7,2025-08-07 13:19:47.449901
2025-08-07,50222,2025080704011240,RADHI,Deevyaa Securities & Stock House Pvt. Ltd,Imperial Securities Company Pvt. Ltd.,150,800.1,120015.0,2025-08-07 13:20:12.073986
2025-08-07,50167,2025080704011256,RADHI,Neev Securities Pvt. Ltd.,Property Wiard Limited,200,800.2,160040.0,2025-08-07 13:20:26.424580
2025-08-07,50027,2025080704011293,RADHI,Neev Securities Pvt. Ltd.,Sharepro Securities Private Limited,50,800.2,40010.0,2025-08-07 13:20:49.238697
2025-08-07,50026,2025080704011294,RADHI,Deevyaa Securities & Stock House Pvt. Ltd,Sharepro Securities Private Limited,50,800.1,40005.0,2025-08-07 13:20:49.239019
2025-08-07,49717,2025080704011437,RADHI,Asian Securities Private Ltd.,Sumeru Securities Pvt. Ltd.,100,800.2,80020.0,2025-08-07 13:21:40.906779
2025-08-07,49562,2025080704011474,RADHI,Deevyaa Securities & Stock House Pvt. Ltd,Miyo Securities Pvt Ltd,100,800.1,80010.0,2025-08-07 13:22:18.176848
2025-08-07,49487,2025080704011491,RADHI,Deevyaa Securities & Stock House Pvt. Ltd,Miyo Securities Pvt Ltd,343,800.1,274434.3,2025-08-07 13:22:28.223802
2025-08-07,49486,2025080704011492,RADHI,KALASH STOCK MARKET PVT. LTD.,Miyo Securities Pvt Ltd,300,800.1,240030.0,2025-08-07 13:22:28.223864
2025-08-07,49436,2025080704011498,RADHI,Sweta Securities Private Limited,Miyo Securities Pvt Ltd,599,800.0,479200.0,2025-08-07 13:22:39.280499
2025-08-07,49435,2025080704011499,RADHI,Sumeru Securities Pvt. Ltd.,Miyo Securities Pvt Ltd,100,800.0,80000.0,2025-08-07 13:22:39.280624
2025-08-07,49170,2025080704011555,RADHI,Sharepro Securities Private Limited,Miyo Securities Pvt Ltd,308,800.9,246677.2,2025-08-07 13:23:31.453871
2025-08-07,49169,2025080704011556,RADHI,Sharepro Securities Private Limited,Dipshikha Dhitopatra Karobar Co. Pvt Ltd.,100,801.0,80100.0,2025-08-07 13:23:31.454113
2025-08-07,49168,2025080704011557,RADHI,Sharepro Securities Private Limited,Neev Securities Pvt. Ltd.,92,801.0,73692.0,2025-08-07 13:23:31.454211
2025-08-07,49141,2025080704011574,RADHI,Sharepro Securities Private Limited,Neev Securities Pvt. Ltd.,408,801.0,326808.0,2025-08-07 13:23:36.502546
2025-08-07,49140,2025080704011575,RADHI,Sharepro Securities Private Limited,Sumeru Securities Pvt. Ltd.,92,801.4,73728.8,2025-08-07 13:23:36.502786
2025-08-07,48979,2025080704011618,RADHI,Sumeru Securities Pvt. Ltd.,Dipshikha Dhitopatra Karobar Co. Pvt Ltd.,10,799.8,7998.0,2025-08-07 13:24:08.434523
2025-08-07,48978,2025080704011619,RADHI,Sumeru Securities Pvt. Ltd.,Dipshikha Dhitopatra Karobar Co. Pvt Ltd.,10,799.7,7997.0,2025-08-07 13:24:08.434761
2025-08-07,48977,2025080704011620,RADHI,Sumeru Securities Pvt. Ltd.,Dipshikha Dhitopatra Karobar Co. Pvt Ltd.,10,799.6,7996.0,2025-08-07 13:24:08.434871
2025-08-07,48976,2025080704011621,RADHI,Midas Stock Broking Company Private Limited,Dipshikha Dhitopatra Karobar Co. Pvt Ltd.,470,799.0,375530.0,2025-08-07 13:24:08.434975
2025-08-07,48867,2025080704011652,RADHI,Midas Stock Broking Company Private Limited,Nagarik Stock Dealer ,30,799.0,23970.0,2025-08-07 13:24:26.468839
2025-08-07,48866,2025080704011653,RADHI,Deevyaa Securities & Stock House Pvt. Ltd,Nagarik Stock Dealer ,70,799.0,55930.0,2025-08-07 13:24:26.468943
2025-08-07,48608,2025080704011729,RADHI,Citizens Share Broker Limited,Capital Max Securities Ltd,200,800.0,160000.0,2025-08-07 13:25:10.932854
2025-08-07,48386,2025080704011771,RADHI,Citizens Share Broker Limited,J.F. Securites (PVT) Ltd.,15,800.0,12000.0,2025-08-07 13:25:55.448555
2025-08-07,48197,2025080704011823,RADHI,Citizens Share Broker Limited,BHOLE GANESH SECURITIES LTD,10,800.0,8000.0,2025-08-07 13:26:31.686332
2025-08-07,48196,2025080704011824,RADHI,Citizens Share Broker Limited,ABC Securities Private Limited,775,800.0,620000.0,2025-08-07 13:26:31.844286
2025-08-07,48195,2025080704011825,RADHI,Online Securities Pvt. Ltd.,ABC Securities Private Limited,246,800.0,196800.0,2025-08-07 13:26:31.844526
2025-08-07,48194,2025080704011826,RADHI,Aakashbhairab Securities Ltd.,ABC Securities Private Limited,500,800.0,400000.0,2025-08-07 13:26:31.844618
2025-08-07,48193,2025080704011827,RADHI,Deevyaa Securities & Stock House Pvt. Ltd,ABC Securities Private Limited,30,799.0,23970.0,2025-08-07 13:26:31.844748
2025-08-07,48192,2025080704011828,RADHI,Sumeru Securities Pvt. Ltd.,ABC Securities Private Limited,70,799.0,55930.0,2025-08-07 13:26:31.844878
2025-08-07,48191,2025080704011829,RADHI,Sumeru Securities Pvt. Ltd.,ABC Securities Private Limited,100,799.0,79900.0,2025-08-07 13:26:31.845000
2025-08-07,48190,2025080704011830,RADHI,Deevyaa Securities & Stock House Pvt. Ltd,ABC Securities Private Limited,500,798.4,399200.0,2025-08-07 13:26:31.845139
2025-08-07,48189,2025080704011831,RADHI,Opal Securities Investment (PVT) Ltd.,ABC Securities Private Limited,2288,798.3,1826510.4,2025-08-07 13:26:31.845271
2025-08-07,48188,2025080704011832,RADHI,Dipshikha Dhitopatra Karobar Co. Pvt Ltd.,ABC Securities Private Limited,50,798.3,39915.0,2025-08-07 13:26:31.845413
2025-08-07,48187,2025080704011833,RADHI,Deevyaa Securities & Stock House Pvt. Ltd,ABC Securities Private Limited,397,798.2,316885.4,2025-08-07 13:26:31.845530
2025-08-07,48186,2025080704011834,RADHI,NIMB Stock Markets Limited,ABC Securities Private Limited,44,798.0,35112.0,2025-08-07 13:26:31.845657
2025-08-07,48127,2025080704011845,RADHI,Sewa Securities Pvt. Ltd.,ABC Securities Private Limited,500,799.0,399500.0,2025-08-07 13:26:42.939433
2025-08-07,48126,2025080704011846,RADHI,NIMB Stock Markets Limited,ABC Securities Private Limited,1456,798.0,1161888.0,2025-08-07 13:26:42.939723
2025-08-07,48125,2025080704011847,RADHI,Agrawal Securities (PVT) Ltd.,ABC Securities Private Limited,250,798.0,199500.0,2025-08-07 13:26:42.939838
2025-08-07,48124,2025080704011848,RADHI,J.F. Securites (PVT) Ltd.,ABC Securities Private Limited,794,798.0,633612.0,2025-08-07 13:26:42.939928
2025-08-07,47734,2025080704011969,RADHI,J.F. Securites (PVT) Ltd.,Trishakti Securities Public Limited,43,798.0,34314.0,2025-08-07 13:27:47.526372
2025-08-07,47289,2025080704012146,RADHI,Neev Securities Pvt. Ltd.,Sumeru Securities Pvt. Ltd.,110,800.0,88000.0,2025-08-07 13:29:11.853207
2025-08-07,47111,2025080704012200,RADHI,Imperial Securities Company Pvt. Ltd.,Linch Stock Market Ltd.,4,790.0,3160.0,2025-08-07 13:29:47.977378
2025-08-07,46319,2025080704012456,RADHI,Neev Securities Pvt. Ltd.,Sharepro Securities Private Limited,100,800.0,80000.0,2025-08-07 13:32:10.720208
2025-08-07,45891,2025080704012578,RADHI,Neev Securities Pvt. Ltd.,Nabil Stock Dealer Ltd.,40,800.0,32000.0,2025-08-07 13:33:36.763352
2025-08-07,45751,2025080704012600,RADHI,Linch Stock Market Ltd.,Nabil Stock Dealer Ltd.,15,800.0,12000.0,2025-08-07 13:34:06.954396
2025-08-07,45665,2025080704012620,RADHI,Market Securities & Exchange (PVT) Ltd.,Kumari Securities Private Limited,350,801.0,280350.0,2025-08-07 13:34:20.616123
2025-08-07,45664,2025080704012621,RADHI,Market Securities & Exchange (PVT) Ltd.,Kumari Securities Private Limited,150,801.0,120150.0,2025-08-07 13:34:20.616616
2025-08-07,45221,2025080704012690,RADHI,Neev Securities Pvt. Ltd.,Sumeru Securities Pvt. Ltd.,100,800.0,80000.0,2025-08-07 13:35:44.766928
2025-08-07,44989,2025080704012758,RADHI,Linch Stock Market Ltd.,Kumari Securities Private Limited,200,801.0,160200.0,2025-08-07 13:36:25.302457
2025-08-07,44885,2025080704012776,RADHI,Sumeru Securities Pvt. Ltd.,Kumari Securities Private Limited,150,801.0,120150.0,2025-08-07 13:36:42.035687
2025-08-07,44884,2025080704012777,RADHI,Sumeru Securities Pvt. Ltd.,Dipshikha Dhitopatra Karobar Co. Pvt Ltd.,100,801.0,80100.0,2025-08-07 13:36:42.036139
2025-08-07,44883,2025080704012778,RADHI,Sumeru Securities Pvt. Ltd.,Aryatara Investment & Securities,100,801.0,80100.0,2025-08-07 13:36:42.036436
2025-08-07,44787,2025080704012799,RADHI,Sumeru Securities Pvt. Ltd.,ABC Securities Private Limited,150,801.0,120150.0,2025-08-07 13:36:58.483591
2025-08-07,44704,2025080704012818,RADHI,Linch Stock Market Ltd.,ABC Securities Private Limited,23,801.0,18423.0,2025-08-07 13:37:12.651454
2025-08-07,44698,2025080704012819,RADHI,Neev Securities Pvt. Ltd.,Sumeru Securities Pvt. Ltd.,50,800.0,40000.0,2025-08-07 13:37:13.168167
2025-08-07,44643,2025080704012831,RADHI,Dipshikha Dhitopatra Karobar Co. Pvt Ltd.,ABC Securities Private Limited,50,801.0,40050.0,2025-08-07 13:37:25.396476
2025-08-07,44547,2025080704012856,RADHI,Naasa Securities Co. Ltd.,Sumeru Securities Pvt. Ltd.,100,800.0,80000.0,2025-08-07 13:37:49.381409
2025-08-07,44546,2025080704012857,RADHI,Neev Securities Pvt. Ltd.,Sumeru Securities Pvt. Ltd.,100,800.0,80000.0,2025-08-07 13:37:49.381866
2025-08-07,44539,2025080704012859,RADHI,Linch Stock Market Ltd.,ABC Securities Private Limited,10,801.0,8010.0,2025-08-07 13:37:52.036296
2025-08-07,44522,2025080704012862,RADHI,Aryatara Investment & Securities,ABC Securities Private Limited,767,801.0,614367.0,2025-08-07 13:37:55.341675
2025-08-07,44521,2025080704012863,RADHI,Aryatara Investment & Securities,ABC Securities Private Limited,23,801.3,18429.9,2025-08-07 13:37:55.341929
2025-08-07,44520,2025080704012864,RADHI,Aryatara Investment & Securities,Sumeru Securities Pvt. Ltd.,100,801.4,80140.0,2025-08-07 13:37:55.342026
2025-08-07,44519,2025080704012865,RADHI,Aryatara Investment & Securities,Cristal Kanchanjanga Securites Pvt. Ltd.,110,801.5,88165.0,2025-08-07 13:37:55.342120
2025-08-07,44312,2025080704012920,RADHI,Neev Securities Pvt. Ltd.,ABC Securities Private Limited,800,800.0,640000.0,2025-08-07 13:38:42.703300
2025-08-07,44173,2025080704012942,RADHI,Neev Securities Pvt. Ltd.,ABC Securities Private Limited,200,800.0,160000.0,2025-08-07 13:38:59.559119
2025-08-07,44035,2025080704012973,RADHI,Neev Securities Pvt. Ltd.,Sumeru Securities Pvt. Ltd.,200,800.0,160000.0,2025-08-07 13:39:26.763885
2025-08-07,43653,2025080704013101,RADHI,Neev Securities Pvt. Ltd.,Sumeru Securities Pvt. Ltd.,300,800.0,240000.0,2025-08-07 13:40:51.207208
2025-08-07,43445,2025080704013164,RADHI,Neev Securities Pvt. Ltd.,Sharepro Securities Private Limited,60,800.0,48000.0,2025-08-07 13:41:37.699011
2025-08-07,43060,2025080704013273,RADHI,Neev Securities Pvt. Ltd.,Imperial Securities Company Pvt. Ltd.,20,800.0,16000.0,2025-08-07 13:42:42.750637
2025-08-07,43059,2025080704013274,RADHI,Neev Securities Pvt. Ltd.,Imperial Securities Company Pvt. Ltd.,260,800.0,208000.0,2025-08-07 13:42:42.750941
2025-08-07,42765,2025080704013363,RADHI,J.F. Securites (PVT) Ltd.,Sumeru Securities Pvt. Ltd.,163,798.0,130074.0,2025-08-07 13:43:31.370323
2025-08-07,42764,2025080704013364,RADHI,Dipshikha Dhitopatra Karobar Co. Pvt Ltd.,Sumeru Securities Pvt. Ltd.,10,798.0,7980.0,2025-08-07 13:43:31.370640
2025-08-07,42763,2025080704013365,RADHI,Agrawal Securities (PVT) Ltd.,Sumeru Securities Pvt. Ltd.,27,798.0,21546.0,2025-08-07 13:43:31.370752
2025-08-07,42336,2025080704013470,RADHI,Agrawal Securities (PVT) Ltd.,ABC Securities Private Limited,973,798.0,776454.0,2025-08-07 13:44:42.140136
2025-08-07,42335,2025080704013471,RADHI,Sani Securities Company Ltd.,ABC Securities Private Limited,4027,798.0,3213546.0,2025-08-07 13:44:42.140432
2025-08-07,42321,2025080704013473,RADHI,Sani Securities Company Ltd.,ABC Securities Private Limited,100,798.0,79800.0,2025-08-07 13:44:45.169874
2025-08-07,41939,2025080704013544,RADHI,Neev Securities Pvt. Ltd.,Sharepro Securities Private Limited,200,799.0,159800.0,2025-08-07 13:45:44.709051
2025-08-07,41938,2025080704013545,RADHI,Neev Securities Pvt. Ltd.,Imperial Securities Company Pvt. Ltd.,220,800.0,176000.0,2025-08-07 13:45:44.709331
2025-08-07,41937,2025080704013546,RADHI,Neev Securities Pvt. Ltd.,Creative Securities Pvt Ltd,600,800.0,480000.0,2025-08-07 13:45:44.709432
2025-08-07,41936,2025080704013547,RADHI,Neev Securities Pvt. Ltd.,Naasa Securities Co. Ltd.,10,800.0,8000.0,2025-08-07 13:45:44.709538
2025-08-07,41196,2025080704013702,RADHI,Neev Securities Pvt. Ltd.,Sumeru Securities Pvt. Ltd.,120,800.0,96000.0,2025-08-07 13:48:16.613644
2025-08-07,41131,2025080704013722,RADHI,Dynamic Money Managers Securities Pvt. Ltd.,Sumeru Securities Pvt. Ltd.,100,800.7,80070.0,2025-08-07 13:48:26.783398
2025-08-07,40877,2025080704013775,RADHI,Opal Securities Investment (PVT) Ltd.,Trishakti Securities Public Limited,100,801.0,80100.0,2025-08-07 13:49:18.493675
2025-08-07,40472,2025080704013873,RADHI,Siprabi Securities Pvt. Ltd.,Trishakti Securities Public Limited,200,801.0,160200.0,2025-08-07 13:50:43.425206
2025-08-07,40047,2025080704013964,RADHI,Neev Securities Pvt. Ltd.,Trishakti Securities Public Limited,95,801.0,76095.0,2025-08-07 13:51:32.549258
2025-08-07,39765,2025080704014036,RADHI,Imperial Securities Company Pvt. Ltd.,Online Securities Pvt. Ltd.,4,785.0,3140.0,2025-08-07 13:52:20.929143
2025-08-07,39503,2025080704014109,RADHI,Neev Securities Pvt. Ltd.,Trishakti Securities Public Limited,105,801.0,84105.0,2025-08-07 13:53:00.287400
2025-08-07,39502,2025080704014110,RADHI,Neev Securities Pvt. Ltd.,Sri Hari Securities Pvt. Ltd.,115,801.4,92161.0,2025-08-07 13:53:00.287640
2025-08-07,39424,2025080704014133,RADHI,Neev Securities Pvt. Ltd.,Miyo Securities Pvt Ltd,20,801.0,16020.0,2025-08-07 13:53:13.517962
2025-08-07,39280,2025080704014196,RADHI,Neev Securities Pvt. Ltd.,Sajilo Broker Limited,50,801.0,40050.0,2025-08-07 13:53:34.440299
2025-08-07,39260,2025080704014199,RADHI,Neev Securities Pvt. Ltd.,Sumeru Securities Pvt. Ltd.,100,801.0,80100.0,2025-08-07 13:53:38.137084
2025-08-07,39256,2025080704014202,RADHI,Ashutosh Brokerage & Securities (PVT) Ltd.,Sri Hari Securities Pvt. Ltd.,10,801.4,8014.0,2025-08-07 13:53:39.056655
2025-08-07,39131,2025080704014233,RADHI,Ashutosh Brokerage & Securities (PVT) Ltd.,Sri Hari Securities Pvt. Ltd.,10,801.4,8014.0,2025-08-07 13:53:55.125653
2025-08-07,39051,2025080704014265,RADHI,Ashutosh Brokerage & Securities (PVT) Ltd.,Sri Hari Securities Pvt. Ltd.,10,801.4,8014.0,2025-08-07 13:54:08.227325
2025-08-07,39050,2025080704014266,RADHI,Neev Securities Pvt. Ltd.,Sumeru Securities Pvt. Ltd.,20,801.0,16020.0,2025-08-07 13:54:08.308521
2025-08-07,38996,2025080704014299,RADHI,Ashutosh Brokerage & Securities (PVT) Ltd.,Sri Hari Securities Pvt. Ltd.,10,801.4,8014.0,2025-08-07 13:54:18.298641
2025-08-07,38037,2025080704014683,RADHI,Neev Securities Pvt. Ltd.,Sri Hari Securities Pvt. Ltd.,345,801.4,276483.0,2025-08-07 13:56:26.571775
2025-08-07,38036,2025080704014684,RADHI,Neev Securities Pvt. Ltd.,Sumeru Securities Pvt. Ltd.,100,801.4,80140.0,2025-08-07 13:56:26.571830
2025-08-07,38035,2025080704014685,RADHI,Neev Securities Pvt. Ltd.,Cristal Kanchanjanga Securites Pvt. Ltd.,55,801.5,44082.5,2025-08-07 13:56:26.571865
2025-08-07,38017,2025080704014696,RADHI,Kumari Securities Private Limited,South Asian Bulls Pvt. Ltd.,30,801.1,24033.0,2025-08-07 13:56:30.236166
2025-08-07,37851,2025080704014745,RADHI,Kumari Securities Private Limited,Cristal Kanchanjanga Securites Pvt. Ltd.,830,801.5,665245.0,2025-08-07 13:56:57.719124
2025-08-07,37747,2025080704014766,RADHI,Neev Securities Pvt. Ltd.,Sumeru Securities Pvt. Ltd.,10,801.0,8010.0,2025-08-07 13:57:12.248512
2025-08-07,37558,2025080704014858,RADHI,Imperial Securities Company Pvt. Ltd.,Online Securities Pvt. Ltd.,4,786.0,3144.0,2025-08-07 13:57:36.312965
2025-08-07,37486,2025080704014885,RADHI,Naasa Securities Co. Ltd.,Sumeru Securities Pvt. Ltd.,100,801.0,80100.0,2025-08-07 13:57:43.386415
2025-08-07,37257,2025080704014971,RADHI,Online Securities Pvt. Ltd.,Cristal Kanchanjanga Securites Pvt. Ltd.,500,802.0,401000.0,2025-08-07 13:58:24.516298
2025-08-07,37256,2025080704014972,RADHI,Online Securities Pvt. Ltd.,Agrawal Securities (PVT) Ltd.,500,802.0,401000.0,2025-08-07 13:58:24.516829
2025-08-07,37255,2025080704014973,RADHI,Online Securities Pvt. Ltd.,Cristal Kanchanjanga Securites Pvt. Ltd.,1000,802.0,802000.0,2025-08-07 13:58:24.517147
2025-08-07,37254,2025080704014974,RADHI,Online Securities Pvt. Ltd.,Himalayan Securities Limited,500,802.0,401000.0,2025-08-07 13:58:24.517471
2025-08-07,36669,2025080704015123,RADHI,Linch Stock Market Ltd.,Sundhara Securities Limited,10,802.0,8020.0,2025-08-07 13:59:43.456855
2025-08-07,36668,2025080704015124,RADHI,Linch Stock Market Ltd.,Sumeru Securities Pvt. Ltd.,90,802.6,72234.0,2025-08-07 13:59:43.457140
2025-08-07,36510,2025080704015162,RADHI,Online Securities Pvt. Ltd.,Sumeru Securities Pvt. Ltd.,10,802.6,8026.0,2025-08-07 14:00:07.871792
2025-08-07,36509,2025080704015163,RADHI,Online Securities Pvt. Ltd.,Siprabi Securities Pvt. Ltd.,20,802.8,16056.0,2025-08-07 14:00:07.872081
2025-08-07,36508,2025080704015164,RADHI,Online Securities Pvt. Ltd.,Cristal Kanchanjanga Securites Pvt. Ltd.,1000,803.0,803000.0,2025-08-07 14:00:07.872191
2025-08-07,36507,2025080704015165,RADHI,Online Securities Pvt. Ltd.,Trisul Securities & Invt. Ltd.,222,803.0,178266.0,2025-08-07 14:00:07.872296
2025-08-07,36506,2025080704015166,RADHI,Online Securities Pvt. Ltd.,Cristal Kanchanjanga Securites Pvt. Ltd.,500,803.0,401500.0,2025-08-07 14:00:07.872425
2025-08-07,36505,2025080704015167,RADHI,Online Securities Pvt. Ltd.,Cristal Kanchanjanga Securites Pvt. Ltd.,1000,803.0,803000.0,2025-08-07 14:00:07.872614
2025-08-07,36504,2025080704015168,RADHI,Online Securities Pvt. Ltd.,Cristal Kanchanjanga Securites Pvt. Ltd.,500,803.0,401500.0,2025-08-07 14:00:07.872741
2025-08-07,36437,2025080704015185,RADHI,Online Securities Pvt. Ltd.,Sumeru Securities Pvt. Ltd.,100,803.0,80300.0,2025-08-07 14:00:19.075725
2025-08-07,36406,2025080704015190,RADHI,Online Securities Pvt. Ltd.,Sumeru Securities Pvt. Ltd.,48,803.0,38544.0,2025-08-07 14:00:25.118566
2025-08-07,36276,2025080704015225,RADHI,Neev Securities Pvt. Ltd.,Sumeru Securities Pvt. Ltd.,75,803.0,60225.0,2025-08-07 14:00:50.502124
2025-08-07,36275,2025080704015226,RADHI,Neev Securities Pvt. Ltd.,Deevyaa Securities & Stock House Pvt. Ltd,425,804.0,341700.0,2025-08-07 14:00:50.502418
2025-08-07,36158,2025080704015252,RADHI,Naasa Securities Co. Ltd.,Deevyaa Securities & Stock House Pvt. Ltd,400,804.0,321600.0,2025-08-07 14:01:05.803456
2025-08-07,35892,2025080704015309,RADHI,Bhrikuti Stock Broking Co. Pvt. Ltd.,Deevyaa Securities & Stock House Pvt. Ltd,50,804.0,40200.0,2025-08-07 14:01:40.626803
2025-08-07,35481,2025080704015443,RADHI,Online Securities Pvt. Ltd.,Online Securities Pvt. Ltd.,82,803.0,65846.0,2025-08-07 14:02:45.692627
2025-08-07,35422,2025080704015461,RADHI,Imperial Securities Company Pvt. Ltd.,Online Securities Pvt. Ltd.,4,788.0,3152.0,2025-08-07 14:02:55.047493
2025-08-07,34898,2025080704015585,RADHI,Naasa Securities Co. Ltd.,Online Securities Pvt. Ltd.,19,803.0,15257.0,2025-08-07 14:04:03.332470
2025-08-07,34897,2025080704015586,RADHI,Naasa Securities Co. Ltd.,Aakashbhairab Securities Ltd.,181,803.0,145343.0,2025-08-07 14:04:03.332743
2025-08-07,34285,2025080704015752,RADHI,Dakshinkali Investment & Securities Pvt. Ltd.,Vision Securities Pvt. Ltd,288,802.1,231004.8,2025-08-07 14:05:20.487412
2025-08-07,34234,2025080704015775,RADHI,Dakshinkali Investment & Securities Pvt. Ltd.,Sumeru Securities Pvt. Ltd.,15,802.1,12031.5,2025-08-07 14:05:28.012948
2025-08-07,33996,2025080704015824,RADHI,Dakshinkali Investment & Securities Pvt. Ltd.,Trisul Securities & Invt. Ltd.,24,802.1,19250.4,2025-08-07 14:05:57.694182
2025-08-07,33959,2025080704015840,RADHI,Dakshinkali Investment & Securities Pvt. Ltd.,Sweta Securities Private Limited,100,802.1,80210.0,2025-08-07 14:06:04.082045
2025-08-07,33252,2025080704016020,RADHI,Asian Securities Private Ltd.,Sri Hari Securities Pvt. Ltd.,50,802.2,40110.0,2025-08-07 14:07:39.531686
2025-08-07,33251,2025080704016021,RADHI,Dakshinkali Investment & Securities Pvt. Ltd.,Sri Hari Securities Pvt. Ltd.,50,802.1,40105.0,2025-08-07 14:07:39.531974
2025-08-07,32992,2025080704016070,RADHI,Sipla Securities Private Limited,Arun Securities (PVT) Ltd.,50,802.6,40130.0,2025-08-07 14:08:18.504063
2025-08-07,32672,2025080704016146,RADHI,Aryatara Investment & Securities,Agrawal Securities (PVT) Ltd.,100,803.0,80300.0,2025-08-07 14:08:54.763378
2025-08-07,32594,2025080704016176,RADHI,Aryatara Investment & Securities,Aakashbhairab Securities Ltd.,450,803.0,361350.0,2025-08-07 14:09:01.584121
2025-08-07,32593,2025080704016177,RADHI,Sipla Securities Private Limited,Aakashbhairab Securities Ltd.,282,802.6,226333.2,2025-08-07 14:09:01.584229
2025-08-07,32592,2025080704016178,RADHI,Dakshinkali Investment & Securities Pvt. Ltd.,Aakashbhairab Securities Ltd.,23,802.1,18448.3,2025-08-07 14:09:01.584326
2025-08-07,32591,2025080704016179,RADHI,J.F. Securites (PVT) Ltd.,Aakashbhairab Securities Ltd.,64,801.2,51276.8,2025-08-07 14:09:01.584415
2025-08-07,32081,2025080704016298,RADHI,J.F. Securites (PVT) Ltd.,Nepal Stock House (PVT) Ltd.,550,801.2,440660.0,2025-08-07 14:10:02.786893
2025-08-07,31876,2025080704016346,RADHI,Neev Securities Pvt. Ltd.,Sharepro Securities Private Limited,100,802.0,80200.0,2025-08-07 14:10:32.055584
2025-08-07,31696,2025080704016385,RADHI,J.F. Securites (PVT) Ltd.,Asian Securities Private Ltd.,56,801.2,44867.2,2025-08-07 14:11:03.424825
2025-08-07,31409,2025080704016485,RADHI,Neev Securities Pvt. Ltd.,Cristal Kanchanjanga Securites Pvt. Ltd.,450,802.0,360900.0,2025-08-07 14:11:46.402629
2025-08-07,31048,2025080704016595,RADHI,Sharepro Securities Private Limited,Cristal Kanchanjanga Securites Pvt. Ltd.,50,802.0,40100.0,2025-08-07 14:12:40.688249
2025-08-07,30813,2025080704016643,RADHI,J.F. Securites (PVT) Ltd.,R.B.B. Securities Company Ltd,330,801.2,264396.0,2025-08-07 14:13:19.260723
2025-08-07,30812,2025080704016644,RADHI,Kumari Securities Private Limited,R.B.B. Securities Company Ltd,141,801.1,112955.1,2025-08-07 14:13:19.260873
2025-08-07,30811,2025080704016645,RADHI,Kohinoor Investment & Securities Pvt. Ltd.,R.B.B. Securities Company Ltd,500,801.0,400500.0,2025-08-07 14:13:19.260965
2025-08-07,30810,2025080704016646,RADHI,J.F. Securites (PVT) Ltd.,R.B.B. Securities Company Ltd,529,801.0,423729.0,2025-08-07 14:13:19.261035
2025-08-07,30734,2025080704016653,RADHI,Asian Securities Private Ltd.,Agrawal Securities (PVT) Ltd.,188,803.0,150964.0,2025-08-07 14:13:33.149001
2025-08-07,30604,2025080704016682,RADHI,Imperial Securities Company Pvt. Ltd.,Midas Stock Broking Company Private Limited,7,793.0,5551.0,2025-08-07 14:13:50.523043
2025-08-07,30173,2025080704016803,RADHI,Neev Securities Pvt. Ltd.,Sani Securities Company Ltd.,50,801.2,40060.0,2025-08-07 14:15:06.453942
2025-08-07,30172,2025080704016804,RADHI,Neev Securities Pvt. Ltd.,Sani Securities Company Ltd.,200,802.9,160580.0,2025-08-07 14:15:06.454015
2025-08-07,30171,2025080704016805,RADHI,Neev Securities Pvt. Ltd.,Agrawal Securities (PVT) Ltd.,250,803.0,200750.0,2025-08-07 14:15:06.454043
2025-08-07,30048,2025080704016840,RADHI,Neev Securities Pvt. Ltd.,Agrawal Securities (PVT) Ltd.,62,803.0,49786.0,2025-08-07 14:15:31.611199
2025-08-07,30047,2025080704016841,RADHI,Neev Securities Pvt. Ltd.,Miyo Securities Pvt Ltd,438,803.0,351714.0,2025-08-07 14:15:31.611263
2025-08-07,28726,2025080704017288,RADHI,Imperial Securities Company Pvt. Ltd.,Online Securities Pvt. Ltd.,5,787.0,3935.0,2025-08-07 14:18:49.900655
2025-08-07,28711,2025080704017300,RADHI,Neev Securities Pvt. Ltd.,Miyo Securities Pvt Ltd,500,802.7,401350.0,2025-08-07 14:18:53.106028
2025-08-07,28677,2025080704017308,RADHI,Neev Securities Pvt. Ltd.,Miyo Securities Pvt Ltd,200,802.7,160540.0,2025-08-07 14:18:58.150629
2025-08-07,28676,2025080704017309,RADHI,Neev Securities Pvt. Ltd.,Roadshow securities limited,150,802.7,120405.0,2025-08-07 14:18:58.151090
2025-08-07,28675,2025080704017310,RADHI,Neev Securities Pvt. Ltd.,Sumeru Securities Pvt. Ltd.,50,802.8,40140.0,2025-08-07 14:18:58.151427
2025-08-07,28674,2025080704017311,RADHI,Neev Securities Pvt. Ltd.,Miyo Securities Pvt Ltd,100,803.0,80300.0,2025-08-07 14:18:58.151834
2025-08-07,28624,2025080704017334,RADHI,Neev Securities Pvt. Ltd.,Miyo Securities Pvt Ltd,500,803.0,401500.0,2025-08-07 14:19:04.193535
2025-08-07,28276,2025080704017437,RADHI,Nabil Stock Dealer Ltd.,Miyo Securities Pvt Ltd,1000,803.0,803000.0,2025-08-07 14:20:06.368709
2025-08-07,28272,2025080704017438,RADHI,N.M.B. SECURITIES LIMITED,Dipshikha Dhitopatra Karobar Co. Pvt Ltd.,10,802.0,8020.0,2025-08-07 14:20:06.727303
2025-08-07,28271,2025080704017439,RADHI,N.M.B. SECURITIES LIMITED,Dipshikha Dhitopatra Karobar Co. Pvt Ltd.,10,802.0,8020.0,2025-08-07 14:20:06.727770
2025-08-07,28097,2025080704017489,RADHI,Aryatara Investment & Securities,Dipshikha Dhitopatra Karobar Co. Pvt Ltd.,180,802.0,144360.0,2025-08-07 14:20:32.182102
2025-08-07,28047,2025080704017504,RADHI,Neev Securities Pvt. Ltd.,Miyo Securities Pvt Ltd,500,803.0,401500.0,2025-08-07 14:20:39.888998
2025-08-07,27955,2025080704017538,RADHI,Aryatara Investment & Securities,Ashutosh Brokerage & Securities (PVT) Ltd.,20,802.0,16040.0,2025-08-07 14:20:56.689094
2025-08-07,27947,2025080704017539,RADHI,Ashutosh Brokerage & Securities (PVT) Ltd.,Ashutosh Brokerage & Securities (PVT) Ltd.,500,802.0,401000.0,2025-08-07 14:20:58.714263
2025-08-07,27931,2025080704017541,RADHI,Neev Securities Pvt. Ltd.,Ashutosh Brokerage & Securities (PVT) Ltd.,188,802.0,150776.0,2025-08-07 14:21:03.042643
2025-08-07,27544,2025080704017635,RADHI,Neev Securities Pvt. Ltd.,Kumari Securities Private Limited,312,802.0,250224.0,2025-08-07 14:22:13.806334
2025-08-07,27543,2025080704017636,RADHI,Cristal Kanchanjanga Securites Pvt. Ltd.,Kumari Securities Private Limited,648,802.0,519696.0,2025-08-07 14:22:13.806592
2025-08-07,27189,2025080704017735,RADHI,Cristal Kanchanjanga Securites Pvt. Ltd.,Deevyaa Securities & Stock House Pvt. Ltd,20,802.0,16040.0,2025-08-07 14:23:09.457590
2025-08-07,26947,2025080704017810,RADHI,Cristal Kanchanjanga Securites Pvt. Ltd.,Online Securities Pvt. Ltd.,80,802.0,64160.0,2025-08-07 14:23:37.813014
2025-08-07,26762,2025080704017868,RADHI,Cristal Kanchanjanga Securites Pvt. Ltd.,R.B.B. Securities Company Ltd,200,802.0,160400.0,2025-08-07 14:24:01.883855
2025-08-07,26637,2025080704017916,RADHI,Cristal Kanchanjanga Securites Pvt. Ltd.,Sumeru Securities Pvt. Ltd.,50,802.0,40100.0,2025-08-07 14:24:11.491344
2025-08-07,26374,2025080704017980,RADHI,Stoxkarts Securities Limited,Trisul Securities & Invt. Ltd.,100,802.0,80200.0,2025-08-07 14:24:38.610826
2025-08-07,26057,2025080704018058,RADHI,J.F. Securites (PVT) Ltd.,Sri Hari Securities Pvt. Ltd.,471,801.0,377271.0,2025-08-07 14:25:17.556674
2025-08-07,26056,2025080704018059,RADHI,MILKY WAY SHARE BROKER COMPANY LTD ,Sri Hari Securities Pvt. Ltd.,300,801.0,240300.0,2025-08-07 14:25:17.556800
2025-08-07,26055,2025080704018060,RADHI,Stoxkarts Securities Limited,Sri Hari Securities Pvt. Ltd.,100,800.8,80080.0,2025-08-07 14:25:17.556873
2025-08-07,26054,2025080704018061,RADHI,Dynamic Money Managers Securities Pvt. Ltd.,Sri Hari Securities Pvt. Ltd.,30,800.7,24021.0,2025-08-07 14:25:17.556948
2025-08-07,26053,2025080704018062,RADHI,Citizens Share Broker Limited,Sri Hari Securities Pvt. Ltd.,98,800.2,78419.6,2025-08-07 14:25:17.557014
2025-08-07,25858,2025080704018116,RADHI,Citizens Share Broker Limited,Sani Securities Company Ltd.,200,800.2,160040.0,2025-08-07 14:25:36.926150
2025-08-07,25755,2025080704018174,RADHI,Citizens Share Broker Limited,Aryatara Investment & Securities,200,800.2,160040.0,2025-08-07 14:25:45.422267
2025-08-07,25659,2025080704018195,RADHI,Citizens Share Broker Limited,Primo Securities (PVT) Ltd.,50,800.2,40010.0,2025-08-07 14:25:59.703710
2025-08-07,25439,2025080704018245,RADHI,Citizens Share Broker Limited,Naasa Securities Co. Ltd.,452,800.2,361690.4,2025-08-07 14:26:26.181147
2025-08-07,25438,2025080704018246,RADHI,Kohinoor Investment & Securities Pvt. Ltd.,Naasa Securities Co. Ltd.,500,800.1,400050.0,2025-08-07 14:26:26.181472
2025-08-07,25437,2025080704018247,RADHI,Sweta Securities Private Limited,Naasa Securities Co. Ltd.,500,800.1,400050.0,2025-08-07 14:26:26.181585
2025-08-07,25436,2025080704018248,RADHI,Sweta Securities Private Limited,Naasa Securities Co. Ltd.,500,800.1,400050.0,2025-08-07 14:26:26.181686
2025-08-07,25435,2025080704018249,RADHI,Sweta Securities Private Limited,Naasa Securities Co. Ltd.,248,800.1,198424.8,2025-08-07 14:26:26.181783
2025-08-07,25342,2025080704018273,RADHI,Sweta Securities Private Limited,Naasa Securities Co. Ltd.,252,800.1,201625.2,2025-08-07 14:26:36.466767
2025-08-07,25341,2025080704018274,RADHI,Sweta Securities Private Limited,Naasa Securities Co. Ltd.,500,800.1,400050.0,2025-08-07 14:26:36.467260
2025-08-07,25340,2025080704018275,RADHI,Sweta Securities Private Limited,Naasa Securities Co. Ltd.,500,800.1,400050.0,2025-08-07 14:26:36.467646
2025-08-07,25339,2025080704018276,RADHI,Sweta Securities Private Limited,Naasa Securities Co. Ltd.,500,800.1,400050.0,2025-08-07 14:26:36.468030
2025-08-07,25338,2025080704018277,RADHI,Aryatara Investment & Securities,Naasa Securities Co. Ltd.,200,800.0,160000.0,2025-08-07 14:26:36.468143
2025-08-07,25337,2025080704018278,RADHI,Nepal Investment And Securities Trading Private Limited,Naasa Securities Co. Ltd.,48,800.0,38400.0,2025-08-07 14:26:36.468246
2025-08-07,25260,2025080704018292,RADHI,Nepal Investment And Securities Trading Private Limited,Trisul Securities & Invt. Ltd.,328,800.0,262400.0,2025-08-07 14:26:48.386527
2025-08-07,25232,2025080704018301,RADHI,Nepal Investment And Securities Trading Private Limited,Thrive Brokerage House Pvt. Ltd,14,800.0,11200.0,2025-08-07 14:26:51.593632
2025-08-07,25213,2025080704018305,RADHI,Nepal Investment And Securities Trading Private Limited,Oxford Securities Pvt. Ltd.,110,800.0,88000.0,2025-08-07 14:26:53.829405
2025-08-07,25212,2025080704018306,RADHI,Sundhara Securities Limited,Oxford Securities Pvt. Ltd.,40,800.0,32000.0,2025-08-07 14:26:53.829675
2025-08-07,25211,2025080704018307,RADHI,Naasa Securities Co. Ltd.,Oxford Securities Pvt. Ltd.,10,800.0,8000.0,2025-08-07 14:26:53.829776
2025-08-07,25210,2025080704018308,RADHI,Dipshikha Dhitopatra Karobar Co. Pvt Ltd.,Oxford Securities Pvt. Ltd.,10,800.0,8000.0,2025-08-07 14:26:53.829870
2025-08-07,25209,2025080704018309,RADHI,MILKY WAY SHARE BROKER COMPANY LTD ,Oxford Securities Pvt. Ltd.,38,800.0,30400.0,2025-08-07 14:26:53.829965
2025-08-07,25013,2025080704018348,RADHI,Secured Securities Ltd.,Oxford Securities Pvt. Ltd.,150,800.0,120000.0,2025-08-07 14:27:21.711105
2025-08-07,24901,2025080704018398,RADHI,Neev Securities Pvt. Ltd.,Sharepro Securities Private Limited,100,799.0,79900.0,2025-08-07 14:27:35.177525
2025-08-07,24777,2025080704018434,RADHI,Neev Securities Pvt. Ltd.,Ashutosh Brokerage & Securities (PVT) Ltd.,500,799.0,399500.0,2025-08-07 14:27:43.995074
2025-08-07,24221,2025080704018608,RADHI,Neev Securities Pvt. Ltd.,Deevyaa Securities & Stock House Pvt. Ltd,100,799.0,79900.0,2025-08-07 14:28:48.403912
2025-08-07,23395,2025080704018828,RADHI,Neev Securities Pvt. Ltd.,Oxford Securities Pvt. Ltd.,142,800.0,113600.0,2025-08-07 14:30:20.704268
2025-08-07,23394,2025080704018829,RADHI,Neev Securities Pvt. Ltd.,Magnet Securities and Investment Company Private Limited,258,800.0,206400.0,2025-08-07 14:30:20.704615
2025-08-07,23174,2025080704018893,RADHI,Neev Securities Pvt. Ltd.,Midas Stock Broking Company Private Limited,150,799.0,119850.0,2025-08-07 14:30:46.466309
2025-08-07,23173,2025080704018894,RADHI,Midas Stock Broking Company Private Limited,Midas Stock Broking Company Private Limited,350,798.1,279335.0,2025-08-07 14:30:46.466384
2025-08-07,22573,2025080704019089,RADHI,Midas Stock Broking Company Private Limited,Dakshinkali Investment & Securities Pvt. Ltd.,150,798.1,119715.0,2025-08-07 14:32:05.071833
2025-08-07,22572,2025080704019090,RADHI,Stoxkarts Securities Limited,Dakshinkali Investment & Securities Pvt. Ltd.,100,798.1,79810.0,2025-08-07 14:32:05.072291
2025-08-07,22506,2025080704019108,RADHI,Asian Securities Private Ltd.,Imperial Securities Company Pvt. Ltd.,50,798.0,39900.0,2025-08-07 14:32:14.350099
2025-08-07,22505,2025080704019109,RADHI,Aryatara Investment & Securities,Imperial Securities Company Pvt. Ltd.,33,798.0,26334.0,2025-08-07 14:32:14.350376
2025-08-07,22504,2025080704019110,RADHI,Stoxkarts Securities Limited,Imperial Securities Company Pvt. Ltd.,67,797.1,53405.7,2025-08-07 14:32:14.350489
2025-08-07,22251,2025080704019172,RADHI,Stoxkarts Securities Limited,SHUBHAKAMANA SECURITIES PVT. LTD,33,797.1,26304.3,2025-08-07 14:32:50.047251
2025-08-07,22250,2025080704019173,RADHI,Sumeru Securities Pvt. Ltd.,SHUBHAKAMANA SECURITIES PVT. LTD,500,796.7,398350.0,2025-08-07 14:32:50.047757
2025-08-07,22249,2025080704019174,RADHI,Sri Hari Securities Pvt. Ltd.,SHUBHAKAMANA SECURITIES PVT. LTD,25,796.5,19912.5,2025-08-07 14:32:50.048069
2025-08-07,22248,2025080704019175,RADHI,Kohinoor Investment & Securities Pvt. Ltd.,SHUBHAKAMANA SECURITIES PVT. LTD,100,796.5,79650.0,2025-08-07 14:32:50.048396
2025-08-07,22247,2025080704019176,RADHI,Sumeru Securities Pvt. Ltd.,SHUBHAKAMANA SECURITIES PVT. LTD,100,796.3,79630.0,2025-08-07 14:32:50.048712
2025-08-07,22246,2025080704019177,RADHI,APPLE SECURITIES PRIVATE LIMITED,SHUBHAKAMANA SECURITIES PVT. LTD,42,796.3,33444.6,2025-08-07 14:32:50.049045
2025-08-07,21870,2025080704019300,RADHI,Miyo Securities Pvt Ltd,Sharepro Securities Private Limited,50,797.1,39855.0,2025-08-07 14:33:46.295845
2025-08-07,21858,2025080704019307,RADHI,Miyo Securities Pvt Ltd,Shree Krishna Securities Ltd.,12,797.1,9565.2,2025-08-07 14:33:48.087816
2025-08-07,21857,2025080704019308,RADHI,APPLE SECURITIES PRIVATE LIMITED,Shree Krishna Securities Ltd.,958,796.3,762855.4,2025-08-07 14:33:48.087909
2025-08-07,21856,2025080704019309,RADHI,Creative Securities Pvt Ltd,Shree Krishna Securities Ltd.,74,796.1,58911.4,2025-08-07 14:33:48.087977
2025-08-07,21855,2025080704019310,RADHI,Market Securities & Exchange (PVT) Ltd.,Shree Krishna Securities Ltd.,60,796.1,47766.0,2025-08-07 14:33:48.088049
2025-08-07,21854,2025080704019311,RADHI,Property Wiard Limited,Shree Krishna Securities Ltd.,100,796.0,79600.0,2025-08-07 14:33:48.088115
2025-08-07,21853,2025080704019312,RADHI,Nepal Stock House (PVT) Ltd.,Shree Krishna Securities Ltd.,200,796.0,159200.0,2025-08-07 14:33:48.088179
2025-08-07,21852,2025080704019313,RADHI,Sumeru Securities Pvt. Ltd.,Shree Krishna Securities Ltd.,596,796.0,474416.0,2025-08-07 14:33:48.088240
2025-08-07,21716,2025080704019366,RADHI,Sumeru Securities Pvt. Ltd.,Shree Krishna Securities Ltd.,904,796.0,719584.0,2025-08-07 14:34:10.227225
2025-08-07,21715,2025080704019367,RADHI,MILKY WAY SHARE BROKER COMPANY LTD ,Shree Krishna Securities Ltd.,96,795.1,76329.6,2025-08-07 14:34:10.227290
2025-08-07,21408,2025080704019568,RADHI,MILKY WAY SHARE BROKER COMPANY LTD ,Citizens Share Broker Limited,300,795.1,238530.0,2025-08-07 14:34:29.500144
2025-08-07,20854,2025080704019728,RADHI,Cristal Kanchanjanga Securites Pvt. Ltd.,Oxford Securities Pvt. Ltd.,500,796.0,398000.0,2025-08-07 14:35:46.080106
2025-08-07,20819,2025080704019731,RADHI,Cristal Kanchanjanga Securites Pvt. Ltd.,Magnet Securities and Investment Company Private Limited,242,796.0,192632.0,2025-08-07 14:35:51.268052
2025-08-07,20561,2025080704019807,RADHI,Cristal Kanchanjanga Securites Pvt. Ltd.,Dakshinkali Investment & Securities Pvt. Ltd.,500,796.0,398000.0,2025-08-07 14:36:16.136388
2025-08-07,20189,2025080704019901,RADHI,Cristal Kanchanjanga Securites Pvt. Ltd.,NIMB Stock Markets Limited,758,796.0,603368.0,2025-08-07 14:37:08.229582
2025-08-07,20188,2025080704019902,RADHI,Sumeru Securities Pvt. Ltd.,NIMB Stock Markets Limited,100,795.2,79520.0,2025-08-07 14:37:08.229869
2025-08-07,20187,2025080704019903,RADHI,MILKY WAY SHARE BROKER COMPANY LTD ,NIMB Stock Markets Limited,270,795.1,214677.0,2025-08-07 14:37:08.230008
2025-08-07,20186,2025080704019904,RADHI,Kumari Securities Private Limited,NIMB Stock Markets Limited,200,795.0,159000.0,2025-08-07 14:37:08.230105
2025-08-07,20185,2025080704019905,RADHI,Sajilo Broker Limited,NIMB Stock Markets Limited,200,795.0,159000.0,2025-08-07 14:37:08.230201
2025-08-07,20184,2025080704019906,RADHI,Online Securities Pvt. Ltd.,NIMB Stock Markets Limited,200,795.0,159000.0,2025-08-07 14:37:08.230295
2025-08-07,20183,2025080704019907,RADHI,Dipshikha Dhitopatra Karobar Co. Pvt Ltd.,NIMB Stock Markets Limited,20,795.0,15900.0,2025-08-07 14:37:08.230396
2025-08-07,19985,2025080704019953,RADHI,Cristal Kanchanjanga Securites Pvt. Ltd.,NIMB Stock Markets Limited,1369,795.0,1088355.0,2025-08-07 14:37:29.204289
2025-08-07,19292,2025080704020115,RADHI,APPLE SECURITIES PRIVATE LIMITED,Imperial Securities Company Pvt. Ltd.,17,795.0,13515.0,2025-08-07 14:38:53.293771
2025-08-07,18847,2025080704020203,RADHI,APPLE SECURITIES PRIVATE LIMITED,NIMB Stock Markets Limited,483,795.0,383985.0,2025-08-07 14:39:40.740711
2025-08-07,18846,2025080704020204,RADHI,Cristal Kanchanjanga Securites Pvt. Ltd.,NIMB Stock Markets Limited,1517,794.5,1205256.5,2025-08-07 14:39:40.740960
2025-08-07,18346,2025080704020294,RADHI,Imperial Securities Company Pvt. Ltd.,Naasa Securities Co. Ltd.,42,794.6,33373.2,2025-08-07 14:40:31.620778
2025-08-07,18105,2025080704020363,RADHI,Imperial Securities Company Pvt. Ltd.,Naasa Securities Co. Ltd.,68,794.6,54032.8,2025-08-07 14:40:58.484574
2025-08-07,18066,2025080704020374,RADHI,Imperial Securities Company Pvt. Ltd.,Imperial Securities Company Pvt. Ltd.,51,794.6,40524.6,2025-08-07 14:41:02.537984
2025-08-07,17836,2025080704020443,RADHI,Stoxkarts Securities Limited,Sani Securities Company Ltd.,100,794.7,79470.0,2025-08-07 14:41:25.867871
2025-08-07,17520,2025080704020511,RADHI,Imperial Securities Company Pvt. Ltd.,Siprabi Securities Pvt. Ltd.,200,795.0,159000.0,2025-08-07 14:42:04.874990
2025-08-07,17443,2025080704020535,RADHI,Imperial Securities Company Pvt. Ltd.,Kalika Securities Pvt. Ltd.,50,795.0,39750.0,2025-08-07 14:42:13.795478
2025-08-07,17403,2025080704020547,RADHI,Imperial Securities Company Pvt. Ltd.,Sharepro Securities Private Limited,500,795.0,397500.0,2025-08-07 14:42:19.509261
2025-08-07,15823,2025080704020817,RADHI,Sumeru Securities Pvt. Ltd.,SUN SECURITIES PVT LTD,20,795.3,15906.0,2025-08-07 14:44:40.536141
2025-08-07,15822,2025080704020818,RADHI,Sumeru Securities Pvt. Ltd.,SUN SECURITIES PVT LTD,20,795.2,15904.0,2025-08-07 14:44:40.536437
2025-08-07,15821,2025080704020819,RADHI,Imperial Securities Company Pvt. Ltd.,SUN SECURITIES PVT LTD,60,795.2,47712.0,2025-08-07 14:44:40.536541
2025-08-07,15469,2025080704020906,RADHI,Miyo Securities Pvt Ltd,Primo Securities (PVT) Ltd.,42,796.0,33432.0,2025-08-07 14:45:10.200258
2025-08-07,15302,2025080704020944,RADHI,Trisul Securities & Invt. Ltd.,Imperial Securities Company Pvt. Ltd.,20,797.0,15940.0,2025-08-07 14:45:27.907285
2025-08-07,15301,2025080704020945,RADHI,Trisul Securities & Invt. Ltd.,Naasa Securities Co. Ltd.,250,797.0,199250.0,2025-08-07 14:45:27.907565
2025-08-07,14316,2025080704021174,RADHI,Trisul Securities & Invt. Ltd.,J.F. Securites (PVT) Ltd.,230,797.0,183310.0,2025-08-07 14:47:01.692972
2025-08-07,14315,2025080704021175,RADHI,Dipshikha Dhitopatra Karobar Co. Pvt Ltd.,J.F. Securites (PVT) Ltd.,20,797.0,15940.0,2025-08-07 14:47:01.693228
2025-08-07,14314,2025080704021176,RADHI,Nagarik Stock Dealer ,J.F. Securites (PVT) Ltd.,4750,796.1,3781475.0,2025-08-07 14:47:01.693341
2025-08-07,14248,2025080704021184,RADHI,Online Securities Pvt. Ltd.,Siprabi Securities Pvt. Ltd.,200,797.9,159580.0,2025-08-07 14:47:07.266685
2025-08-07,14247,2025080704021185,RADHI,Online Securities Pvt. Ltd.,Cristal Kanchanjanga Securites Pvt. Ltd.,500,798.0,399000.0,2025-08-07 14:47:07.266929
2025-08-07,14246,2025080704021186,RADHI,Online Securities Pvt. Ltd.,Imperial Securities Company Pvt. Ltd.,500,799.8,399900.0,2025-08-07 14:47:07.267032
2025-08-07,14245,2025080704021187,RADHI,Online Securities Pvt. Ltd.,Kumari Securities Private Limited,200,800.0,160000.0,2025-08-07 14:47:07.267133
2025-08-07,14244,2025080704021188,RADHI,Online Securities Pvt. Ltd.,Siprabi Securities Pvt. Ltd.,50,800.0,40000.0,2025-08-07 14:47:07.267245
2025-08-07,14243,2025080704021189,RADHI,Online Securities Pvt. Ltd.,Sewa Securities Pvt. Ltd.,50,800.0,40000.0,2025-08-07 14:47:07.267352
2025-08-07,14242,2025080704021190,RADHI,Online Securities Pvt. Ltd.,Creative Securities Pvt Ltd,26,800.0,20800.0,2025-08-07 14:47:07.267448
2025-08-07,14241,2025080704021191,RADHI,Online Securities Pvt. Ltd.,Imperial Securities Company Pvt. Ltd.,24,800.0,19200.0,2025-08-07 14:47:07.267542
2025-08-07,14240,2025080704021192,RADHI,Online Securities Pvt. Ltd.,Vision Securities Pvt. Ltd,450,800.0,360000.0,2025-08-07 14:47:07.267636
2025-08-07,14110,2025080704021224,RADHI,Naasa Securities Co. Ltd.,Sharepro Securities Private Limited,100,799.7,79970.0,2025-08-07 14:47:22.842547
2025-08-07,14109,2025080704021225,RADHI,Naasa Securities Co. Ltd.,Vision Securities Pvt. Ltd,50,800.0,40000.0,2025-08-07 14:47:22.842797
2025-08-07,14108,2025080704021226,RADHI,Naasa Securities Co. Ltd.,Himalayan Securities Limited,150,800.0,120000.0,2025-08-07 14:47:22.842899
2025-08-07,14037,2025080704021242,RADHI,Neev Securities Pvt. Ltd.,Himalayan Securities Limited,500,800.0,400000.0,2025-08-07 14:47:30.936019
2025-08-07,14012,2025080704021247,RADHI,Neev Securities Pvt. Ltd.,Himalayan Securities Limited,350,800.0,280000.0,2025-08-07 14:47:34.961377
2025-08-07,14011,2025080704021248,RADHI,Neev Securities Pvt. Ltd.,Sani Securities Company Ltd.,150,800.0,120000.0,2025-08-07 14:47:34.961672
2025-08-07,13862,2025080704021287,RADHI,Dynamic Money Managers Securities Pvt. Ltd.,N.M.B. SECURITIES LIMITED,215,796.6,171269.0,2025-08-07 14:47:49.625002
2025-08-07,12424,2025080704021646,RADHI,Asian Securities Private Ltd.,Siprabi Securities Pvt. Ltd.,50,798.0,39900.0,2025-08-07 14:49:52.441732
2025-08-07,12423,2025080704021647,RADHI,Asian Securities Private Ltd.,Online Securities Pvt. Ltd.,1000,799.0,799000.0,2025-08-07 14:49:52.441980
2025-08-07,12422,2025080704021648,RADHI,Asian Securities Private Ltd.,Market Securities & Exchange (PVT) Ltd.,250,799.5,199875.0,2025-08-07 14:49:52.442089
2025-08-07,12421,2025080704021649,RADHI,Asian Securities Private Ltd.,Primo Securities (PVT) Ltd.,20,799.5,15990.0,2025-08-07 14:49:52.442194
2025-08-07,12420,2025080704021650,RADHI,Asian Securities Private Ltd.,Sharepro Securities Private Limited,50,799.9,39995.0,2025-08-07 14:49:52.442298
2025-08-07,12419,2025080704021651,RADHI,Asian Securities Private Ltd.,Opal Securities Investment (PVT) Ltd.,260,799.9,207974.0,2025-08-07 14:49:52.442416
2025-08-07,12418,2025080704021652,RADHI,Asian Securities Private Ltd.,Sani Securities Company Ltd.,238,800.0,190400.0,2025-08-07 14:49:52.442517
2025-08-07,12417,2025080704021653,RADHI,Asian Securities Private Ltd.,Trishakti Securities Public Limited,500,800.0,400000.0,2025-08-07 14:49:52.442621
2025-08-07,12416,2025080704021654,RADHI,Asian Securities Private Ltd.,Sumeru Securities Pvt. Ltd.,20,800.0,16000.0,2025-08-07 14:49:52.442738
2025-08-07,12415,2025080704021655,RADHI,Asian Securities Private Ltd.,Arun Securities (PVT) Ltd.,50,800.0,40000.0,2025-08-07 14:49:52.442882
2025-08-07,12414,2025080704021656,RADHI,Asian Securities Private Ltd.,Primo Securities (PVT) Ltd.,50,800.0,40000.0,2025-08-07 14:49:52.443051
2025-08-07,12413,2025080704021657,RADHI,Asian Securities Private Ltd.,Neev Securities Pvt. Ltd.,50,800.0,40000.0,2025-08-07 14:49:52.443208
2025-08-07,12412,2025080704021658,RADHI,Asian Securities Private Ltd.,Capital Max Securities Ltd,462,800.0,369600.0,2025-08-07 14:49:52.443326
2025-08-07,12176,2025080704021725,RADHI,Imperial Securities Company Pvt. Ltd.,ABC Securities Private Limited,129,797.2,102838.8,2025-08-07 14:50:10.632565
2025-08-07,12175,2025080704021726,RADHI,Sipla Securities Private Limited,ABC Securities Private Limited,500,797.1,398550.0,2025-08-07 14:50:10.632828
2025-08-07,12174,2025080704021727,RADHI,Sumeru Securities Pvt. Ltd.,ABC Securities Private Limited,100,797.0,79700.0,2025-08-07 14:50:10.632927
2025-08-07,12173,2025080704021728,RADHI,Kalika Securities Pvt. Ltd.,ABC Securities Private Limited,100,797.0,79700.0,2025-08-07 14:50:10.633023
2025-08-07,12172,2025080704021729,RADHI,Vision Securities Pvt. Ltd,ABC Securities Private Limited,1671,797.0,1331787.0,2025-08-07 14:50:10.633133
2025-08-07,12070,2025080704021757,RADHI,Sajilo Broker Limited,Sajilo Broker Limited,1000,797.1,797100.0,2025-08-07 14:50:19.771742
2025-08-07,11844,2025080704021811,RADHI,Sajilo Broker Limited,Sajilo Broker Limited,1000,797.1,797100.0,2025-08-07 14:50:36.827250
2025-08-07,11528,2025080704021886,RADHI,Vision Securities Pvt. Ltd,ABC Securities Private Limited,329,797.0,262213.0,2025-08-07 14:51:06.279439
2025-08-07,11527,2025080704021887,RADHI,Asian Securities Private Ltd.,ABC Securities Private Limited,1671,797.0,1331787.0,2025-08-07 14:51:06.279683
2025-08-07,11041,2025080704022022,RADHI,Trademow Securities Private Limited,Nagarik Stock Dealer ,1500,797.1,1195650.0,2025-08-07 14:51:38.041080
2025-08-07,11040,2025080704022023,RADHI,Asian Securities Private Ltd.,Nagarik Stock Dealer ,329,797.0,262213.0,2025-08-07 14:51:38.041330
2025-08-07,11039,2025080704022024,RADHI,Asian Securities Private Ltd.,Nagarik Stock Dealer ,2000,797.0,1594000.0,2025-08-07 14:51:38.041431
2025-08-07,10930,2025080704022042,RADHI,Nagarik Stock Dealer ,Trisul Securities & Invt. Ltd.,231,796.8,184060.8,2025-08-07 14:51:47.359044
2025-08-07,10877,2025080704022064,RADHI,Nagarik Stock Dealer ,Trisul Securities & Invt. Ltd.,36,796.8,28684.8,2025-08-07 14:51:52.397348
2025-08-07,10876,2025080704022065,RADHI,Sumeru Securities Pvt. Ltd.,Trisul Securities & Invt. Ltd.,50,796.7,39835.0,2025-08-07 14:51:52.397397
2025-08-07,10875,2025080704022066,RADHI,Ashutosh Brokerage & Securities (PVT) Ltd.,Trisul Securities & Invt. Ltd.,114,796.7,90823.8,2025-08-07 14:51:52.397426
2025-08-07,10623,2025080704022144,RADHI,Neev Securities Pvt. Ltd.,Nagarik Stock Dealer ,1300,798.9,1038570.0,2025-08-07 14:52:09.070706
2025-08-07,10246,2025080704022212,RADHI,Naasa Securities Co. Ltd.,Citizens Share Broker Limited,50,796.8,39840.0,2025-08-07 14:52:30.645674
2025-08-07,10245,2025080704022213,RADHI,Nagarik Stock Dealer ,Citizens Share Broker Limited,200,796.7,159340.0,2025-08-07 14:52:30.645895
2025-08-07,10244,2025080704022214,RADHI,Miyo Securities Pvt Ltd,Citizens Share Broker Limited,250,796.7,199175.0,2025-08-07 14:52:30.645997
2025-08-07,10199,2025080704022218,RADHI,Asian Securities Private Ltd.,Dynamic Money Managers Securities Pvt. Ltd.,500,796.8,398400.0,2025-08-07 14:52:35.730182
2025-08-07,10017,2025080704022273,RADHI,Shree Krishna Securities Ltd.,Sewa Securities Pvt. Ltd.,6,798.0,4788.0,2025-08-07 14:52:53.629281
2025-08-07,9900,2025080704022308,RADHI,Asian Securities Private Ltd.,Nagarik Stock Dealer ,267,797.0,212799.0,2025-08-07 14:52:59.317122
2025-08-07,9705,2025080704022371,RADHI,Asian Securities Private Ltd.,Dynamic Money Managers Securities Pvt. Ltd.,1000,797.0,797000.0,2025-08-07 14:53:11.902287
2025-08-07,9492,2025080704022453,RADHI,Dynamic Money Managers Securities Pvt. Ltd.,Asian Securities Private Ltd.,47,797.1,37463.7,2025-08-07 14:53:24.220854
2025-08-07,9366,2025080704022474,RADHI,Dynamic Money Managers Securities Pvt. Ltd.,Premier Securities Company Ltd.,1690,797.1,1347099.0,2025-08-07 14:53:32.040034
2025-08-07,9326,2025080704022492,RADHI,Sumeru Securities Pvt. Ltd.,Secured Securities Ltd.,12,797.2,9566.4,2025-08-07 14:53:34.770456
2025-08-07,9246,2025080704022514,RADHI,Sumeru Securities Pvt. Ltd.,Vision Securities Pvt. Ltd,290,797.2,231188.0,2025-08-07 14:53:39.819523
2025-08-07,9205,2025080704022528,RADHI,Sumeru Securities Pvt. Ltd.,Vision Securities Pvt. Ltd,20,797.2,15944.0,2025-08-07 14:53:43.883604
2025-08-07,8776,2025080704022646,RADHI,Sumeru Securities Pvt. Ltd.,INDEX SECURITIES LIMITED,500,797.2,398600.0,2025-08-07 14:54:10.381891
2025-08-07,8632,2025080704022675,RADHI,Sumeru Securities Pvt. Ltd.,Trisul Securities & Invt. Ltd.,60,797.2,47832.0,2025-08-07 14:54:17.548238
2025-08-07,8473,2025080704022725,RADHI,Sumeru Securities Pvt. Ltd.,Sumeru Securities Pvt. Ltd.,500,797.2,398600.0,2025-08-07 14:54:27.809331
2025-08-07,8369,2025080704022743,RADHI,Miyo Securities Pvt Ltd,ABC Securities Private Limited,10,798.0,7980.0,2025-08-07 14:54:34.366132
2025-08-07,8021,2025080704022825,RADHI,Sumeru Securities Pvt. Ltd.,Midas Stock Broking Company Private Limited,8,790.0,6320.0,2025-08-07 14:54:54.022914
2025-08-07,7859,2025080704022881,RADHI,Neev Securities Pvt. Ltd.,Nepal Investment And Securities Trading Private Limited,120,797.9,95748.0,2025-08-07 14:55:02.114019
2025-08-07,7707,2025080704022906,RADHI,Sumeru Securities Pvt. Ltd.,Opal Securities Investment (PVT) Ltd.,3,790.0,2370.0,2025-08-07 14:55:12.162816
2025-08-07,7172,2025080704023010,RADHI,Sumeru Securities Pvt. Ltd.,ABC Securities Private Limited,118,797.2,94069.6,2025-08-07 14:55:42.755177
2025-08-07,7171,2025080704023011,RADHI,J.F. Securites (PVT) Ltd.,ABC Securities Private Limited,372,797.2,296558.4,2025-08-07 14:55:42.755508
2025-08-07,7082,2025080704023035,RADHI,J.F. Securites (PVT) Ltd.,NIMB Stock Markets Limited,628,797.2,500641.6,2025-08-07 14:55:46.601271
2025-08-07,7014,2025080704023066,RADHI,Dynamic Money Managers Securities Pvt. Ltd.,NIMB Stock Markets Limited,150,797.2,119580.0,2025-08-07 14:55:49.919998
2025-08-07,7009,2025080704023068,RADHI,Dynamic Money Managers Securities Pvt. Ltd.,Himalayan Securities Limited,48,797.1,38260.8,2025-08-07 14:55:50.302880
2025-08-07,7008,2025080704023069,RADHI,Siprabi Securities Pvt. Ltd.,Himalayan Securities Limited,50,797.1,39855.0,2025-08-07 14:55:50.303128
2025-08-07,7007,2025080704023070,RADHI,Asian Securities Private Ltd.,Himalayan Securities Limited,902,797.0,718894.0,2025-08-07 14:55:50.303233
2025-08-07,6866,2025080704023105,RADHI,Asian Securities Private Ltd.,Citizens Share Broker Limited,100,797.0,79700.0,2025-08-07 14:55:55.723177
2025-08-07,6826,2025080704023121,RADHI,Asian Securities Private Ltd.,Roadshow securities limited,231,797.0,184107.0,2025-08-07 14:55:58.476402
2025-08-07,6825,2025080704023122,RADHI,Sumeru Securities Pvt. Ltd.,Roadshow securities limited,200,797.0,159400.0,2025-08-07 14:55:58.476849
2025-08-07,6820,2025080704023126,RADHI,Miyo Securities Pvt Ltd,Roadshow securities limited,25,797.0,19925.0,2025-08-07 14:55:58.798130
2025-08-07,6406,2025080704023276,RADHI,Miyo Securities Pvt Ltd,Asian Securities Private Ltd.,20,796.7,15934.0,2025-08-07 14:56:18.111127
2025-08-07,6287,2025080704023324,RADHI,Neev Securities Pvt. Ltd.,Roadshow securities limited,430,797.0,342710.0,2025-08-07 14:56:23.717017
2025-08-07,6135,2025080704023363,RADHI,Asian Securities Private Ltd.,Roadshow securities limited,114,797.0,90858.0,2025-08-07 14:56:33.305706
2025-08-07,6134,2025080704023364,RADHI,Asian Securities Private Ltd.,Imperial Securities Company Pvt. Ltd.,200,797.0,159400.0,2025-08-07 14:56:33.305995
2025-08-07,5809,2025080704023444,RADHI,Asian Securities Private Ltd.,N.M.B. SECURITIES LIMITED,2686,797.0,2140742.0,2025-08-07 14:56:50.171002
2025-08-07,5636,2025080704023475,RADHI,Kalika Securities Pvt. Ltd.,N.M.B. SECURITIES LIMITED,200,797.0,159400.0,2025-08-07 14:57:01.296925
2025-08-07,5404,2025080704023534,RADHI,Naasa Securities Co. Ltd.,N.M.B. SECURITIES LIMITED,100,797.0,79700.0,2025-08-07 14:57:10.833971
2025-08-07,5215,2025080704023568,RADHI,Miyo Securities Pvt Ltd,Deevyaa Securities & Stock House Pvt. Ltd,188,796.7,149779.6,2025-08-07 14:57:19.575556
2025-08-07,5214,2025080704023569,RADHI,Nagarik Stock Dealer ,Deevyaa Securities & Stock House Pvt. Ltd,300,796.4,238920.0,2025-08-07 14:57:19.576162
2025-08-07,5213,2025080704023570,RADHI,Sumeru Securities Pvt. Ltd.,Deevyaa Securities & Stock House Pvt. Ltd,50,796.3,39815.0,2025-08-07 14:57:19.576627
2025-08-07,5212,2025080704023571,RADHI,Capital Max Securities Ltd,Deevyaa Securities & Stock House Pvt. Ltd,500,796.2,398100.0,2025-08-07 14:57:19.576996
2025-08-07,5211,2025080704023572,RADHI,Nagarik Stock Dealer ,Deevyaa Securities & Stock House Pvt. Ltd,962,796.1,765848.2,2025-08-07 14:57:19.577359
2025-08-07,4943,2025080704023646,RADHI,KALASH STOCK MARKET PVT. LTD.,Capital Max Securities Ltd,100,796.7,79670.0,2025-08-07 14:57:31.136241
2025-08-07,4942,2025080704023647,RADHI,KALASH STOCK MARKET PVT. LTD.,N.M.B. SECURITIES LIMITED,14,797.0,11158.0,2025-08-07 14:57:31.136679
2025-08-07,4941,2025080704023648,RADHI,KALASH STOCK MARKET PVT. LTD.,Himalayan Brokerage Company Limited,50,797.0,39850.0,2025-08-07 14:57:31.136985
2025-08-07,4940,2025080704023649,RADHI,KALASH STOCK MARKET PVT. LTD.,Agrawal Securities (PVT) Ltd.,836,797.0,666292.0,2025-08-07 14:57:31.137257
2025-08-07,4806,2025080704023693,RADHI,Naasa Securities Co. Ltd.,Sri Hari Securities Pvt. Ltd.,20,796.2,15924.0,2025-08-07 14:57:38.044026
2025-08-07,4805,2025080704023694,RADHI,Kumari Securities Private Limited,Sri Hari Securities Pvt. Ltd.,80,796.1,63688.0,2025-08-07 14:57:38.044253
2025-08-07,4788,2025080704023701,RADHI,Kumari Securities Private Limited,Deevyaa Securities & Stock House Pvt. Ltd,920,796.1,732412.0,2025-08-07 14:57:38.778167
2025-08-07,4787,2025080704023702,RADHI,Asian Securities Private Ltd.,Deevyaa Securities & Stock House Pvt. Ltd,1080,796.0,859680.0,2025-08-07 14:57:38.778413
2025-08-07,4295,2025080704023802,RADHI,Aryatara Investment & Securities,Trisul Securities & Invt. Ltd.,200,796.1,159220.0,2025-08-07 14:57:56.540934
2025-08-07,4294,2025080704023803,RADHI,Asian Securities Private Ltd.,Trisul Securities & Invt. Ltd.,150,796.0,119400.0,2025-08-07 14:57:56.541171
2025-08-07,3977,2025080704023886,RADHI,Cristal Kanchanjanga Securites Pvt. Ltd.,Agrawal Securities (PVT) Ltd.,1164,797.0,927708.0,2025-08-07 14:58:06.915420
2025-08-07,3976,2025080704023887,RADHI,Cristal Kanchanjanga Securites Pvt. Ltd.,Naasa Securities Co. Ltd.,10,797.0,7970.0,2025-08-07 14:58:06.915738
2025-08-07,3417,2025080704024017,RADHI,Cristal Kanchanjanga Securites Pvt. Ltd.,Kohinoor Investment & Securities Pvt. Ltd.,167,797.0,133099.0,2025-08-07 14:58:28.057819
2025-08-07,3298,2025080704024044,RADHI,Cristal Kanchanjanga Securites Pvt. Ltd.,Sweta Securities Private Limited,100,797.0,79700.0,2025-08-07 14:58:32.640605
2025-08-07,3273,2025080704024058,RADHI,Cristal Kanchanjanga Securites Pvt. Ltd.,Citizens Share Broker Limited,500,797.0,398500.0,2025-08-07 14:58:33.307972
2025-08-07,3219,2025080704024067,RADHI,Cristal Kanchanjanga Securites Pvt. Ltd.,Capital Max Securities Ltd,38,797.0,30286.0,2025-08-07 14:58:35.227986
2025-08-07,3208,2025080704024077,RADHI,Sweta Securities Private Limited,NIMB Stock Markets Limited,50,797.2,39860.0,2025-08-07 14:58:35.684448
2025-08-07,3167,2025080704024093,RADHI,Dynamic Money Managers Securities Pvt. Ltd.,NIMB Stock Markets Limited,350,797.2,279020.0,2025-08-07 14:58:37.216630
2025-08-07,3056,2025080704024125,RADHI,Cristal Kanchanjanga Securites Pvt. Ltd.,Nagarik Stock Dealer ,521,797.0,415237.0,2025-08-07 14:58:40.209877
2025-08-07,2965,2025080704024157,RADHI,Citizens Share Broker Limited,Trisul Securities & Invt. Ltd.,10,796.1,7961.0,2025-08-07 14:58:43.039112
2025-08-07,2964,2025080704024158,RADHI,Asian Securities Private Ltd.,Trisul Securities & Invt. Ltd.,10,796.0,7960.0,2025-08-07 14:58:43.039204
2025-08-07,2732,2025080704024225,RADHI,Naasa Securities Co. Ltd.,Nagarik Stock Dealer ,279,797.0,222363.0,2025-08-07 14:58:51.163294
2025-08-07,2731,2025080704024226,RADHI,Naasa Securities Co. Ltd.,Sani Securities Company Ltd.,391,797.0,311627.0,2025-08-07 14:58:51.163807
2025-08-07,2582,2025080704024269,RADHI,Naasa Securities Co. Ltd.,Sani Securities Company Ltd.,40,796.1,31844.0,2025-08-07 14:58:57.373085
2025-08-07,2581,2025080704024270,RADHI,Deevyaa Securities & Stock House Pvt. Ltd,Sani Securities Company Ltd.,69,796.1,54930.9,2025-08-07 14:58:57.373326
2025-08-07,1399,2025080704024583,RADHI,Dynamic Money Managers Securities Pvt. Ltd.,Asian Securities Private Ltd.,47,796.9,37454.3,2025-08-07 14:59:29.532216
2025-08-07,1398,2025080704024584,RADHI,Dynamic Money Managers Securities Pvt. Ltd.,Capital Max Securities Ltd,392,797.0,312424.0,2025-08-07 14:59:29.532450
2025-08-07,1332,2025080704024612,RADHI,Deevyaa Securities & Stock House Pvt. Ltd,Imperial Securities Company Pvt. Ltd.,100,796.1,79610.0,2025-08-07 14:59:30.693017
2025-08-07,809,2025080704024761,RADHI,Dakshinkali Investment & Securities Pvt. Ltd.,Capital Max Securities Ltd,108,797.0,86076.0,2025-08-07 14:59:42.994581
2025-08-07,808,2025080704024762,RADHI,Dakshinkali Investment & Securities Pvt. Ltd.,Sundhara Securities Limited,392,797.0,312424.0,2025-08-07 14:59:42.994824
2025-08-07,732,2025080704024777,RADHI,Midas Stock Broking Company Private Limited,Sundhara Securities Limited,500,797.0,398500.0,2025-08-07 14:59:44.508213
2025-08-07,630,2025080704024804,RADHI,Ashutosh Brokerage & Securities (PVT) Ltd.,Investment Management Nepal Pvt. Ltd.,100,796.2,79620.0,2025-08-07 14:59:47.020766
2025-08-07,530,2025080704024846,RADHI,Ashutosh Brokerage & Securities (PVT) Ltd.,Creative Securities Pvt Ltd,50,796.2,39810.0,2025-08-07 14:59:49.363082
2025-08-07,179,2025080704024958,RADHI,Ashutosh Brokerage & Securities (PVT) Ltd.,Secured Securities Ltd.,236,796.2,187903.2,2025-08-07 14:59:55.790587
2025-08-07,178,2025080704024959,RADHI,Capital Max Securities Ltd,Secured Securities Ltd.,264,796.2,210196.8,2025-08-07 14:59:55.790810
2025-08-07,155,2025080704024961,RADHI,Capital Max Securities Ltd,Citizens Share Broker Limited,236,796.2,187903.2,2025-08-07 14:59:56.754111
2025-08-07,154,2025080704024962,RADHI,Deevyaa Securities & Stock House Pvt. Ltd,Citizens Share Broker Limited,764,796.1,608220.4,2025-08-07 14:59:56.754343
2025-08-07,142,2025080704024969,RADHI,Investment Management Nepal Pvt. Ltd.,Kohinoor Investment & Securities Pvt. Ltd.,14,796.5,11151.0,2025-08-07 14:59:57.121645
2025-08-07,141,2025080704024970,RADHI,Investment Management Nepal Pvt. Ltd.,Sundhara Securities Limited,86,797.0,68542.0,2025-08-07 14:59:57.122034
2025-08-07,120,2025080704024979,RADHI,Deevyaa Securities & Stock House Pvt. Ltd,Sharepro Securities Private Limited,67,796.1,53338.7,2025-08-07 14:59:57.544993
2025-08-07,119,2025080704024980,RADHI,INDEX SECURITIES LIMITED,Sharepro Securities Private Limited,33,796.1,26271.3,2025-08-07 14:59:57.545193
2025-08-07,104,2025080704024985,RADHI,Asian Securities Private Ltd.,Sundhara Securities Limited,22,797.0,17534.0,2025-08-07 14:59:58.067094
2025-08-07,103,2025080704024986,RADHI,Asian Securities Private Ltd.,Linch Stock Market Ltd.,50,797.0,39850.0,2025-08-07 14:59:58.067325
2025-08-07,102,2025080704024987,RADHI,Asian Securities Private Ltd.,NIMB Stock Markets Limited,322,797.2,256698.4,2025-08-07 14:59:58.067428
2025-08-07,101,2025080704024988,RADHI,Asian Securities Private Ltd.,Nepal Investment And Securities Trading Private Limited,180,797.8,143604.0,2025-08-07 14:59:58.067525
2025-08-07,100,2025080704024989,RADHI,Asian Securities Private Ltd.,Sumeru Securities Pvt. Ltd.,500,797.9,398950.0,2025-08-07 14:59:58.067623
2025-08-07,99,2025080704024990,RADHI,Asian Securities Private Ltd.,Vision Securities Pvt. Ltd,14,799.0,11186.0,2025-08-07 14:59:58.067730
2025-08-07,98,2025080704024991,RADHI,Asian Securities Private Ltd.,Sweta Securities Private Limited,100,799.0,79900.0,2025-08-07 14:59:58.067828
2025-08-07,97,2025080704024992,RADHI,Asian Securities Private Ltd.,Agrawal Securities (PVT) Ltd.,500,799.9,399950.0,2025-08-07 14:59:58.067923
2025-08-07,96,2025080704024993,RADHI,Asian Securities Private Ltd.,APPLE SECURITIES PRIVATE LIMITED,500,799.9,399950.0,2025-08-07 14:59:58.068018
2025-08-07,95,2025080704024994,RADHI,Asian Securities Private Ltd.,Vision Securities Pvt. Ltd,64,800.0,51200.0,2025-08-07 14:59:58.068114
2025-08-07,94,2025080704024995,RADHI,Asian Securities Private Ltd.,Vision Securities Pvt. Ltd,25,800.0,20000.0,2025-08-07 14:59:58.068206
2025-08-07,93,2025080704024996,RADHI,Asian Securities Private Ltd.,INDEX SECURITIES LIMITED,200,800.0,160000.0,2025-08-07 14:59:58.068297
