Date,S.N.,contract_id,symbol,buyer_broker,seller_broker,volume,price,amount,transaction_time
2025-08-07,95119,2025080703000079,SHINE,Trademow Securities Private Limited,Dynamic Money Managers Securities Pvt. Ltd.,10,444.0,4440.0,2025-08-07 11:02:23.873048
2025-08-07,94403,2025080703000201,SHINE,Dipshikha Dhitopatra Karobar Co. Pvt Ltd.,ABC Securities Private Limited,124,438.0,54312.0,2025-08-07 11:04:59.041053
2025-08-07,93261,2025080703000366,SHINE,S.P.S.A. Securities Limited,Cristal Kanchanjanga Securites Pvt. Ltd.,10,442.0,4420.0,2025-08-07 11:08:48.506937
2025-08-07,91357,2025080703000707,SHINE,Sumeru Securities Pvt. Ltd.,Opal Securities Investment (PVT) Ltd.,3,436.0,1308.0,2025-08-07 11:14:40.933486
2025-08-07,91147,2025080703000736,SHINE,Sumeru Securities Pvt. Ltd.,Neev Securities Pvt. Ltd.,3,435.0,1305.0,2025-08-07 11:15:22.116433
2025-08-07,89681,2025080703001039,SHINE,J.F. Securites (PVT) Ltd.,Aryatara Investment & Securities,300,441.0,132300.0,2025-08-07 11:19:40.292473
2025-08-07,87115,2025080703001565,SHINE,Sundhara Securities Limited,Aryatara Investment & Securities,100,439.9,43990.0,2025-08-07 11:26:57.365044
2025-08-07,86939,2025080703001590,SHINE,Imperial Securities Company Pvt. Ltd.,Dynamic Money Managers Securities Pvt. Ltd.,300,438.5,131550.0,2025-08-07 11:27:24.168228
2025-08-07,86694,2025080703001633,SHINE,Secured Securities Ltd.,Aryatara Investment & Securities,200,439.9,87980.0,2025-08-07 11:28:18.779527
2025-08-07,86602,2025080703001642,SHINE,Secured Securities Ltd.,Dynamic Money Managers Securities Pvt. Ltd.,203,439.9,89299.7,2025-08-07 11:28:37.526520
2025-08-07,86422,2025080703001660,SHINE,Secured Securities Ltd.,Sumeru Securities Pvt. Ltd.,97,439.9,42670.3,2025-08-07 11:29:17.169134
2025-08-07,86417,2025080703001662,SHINE,Secured Securities Ltd.,Sumeru Securities Pvt. Ltd.,300,439.9,131970.0,2025-08-07 11:29:19.378287
2025-08-07,84874,2025080703001924,SHINE,Secured Securities Ltd.,Naasa Securities Co. Ltd.,9,435.0,3915.0,2025-08-07 11:33:33.415903
2025-08-07,83688,2025080703002121,SHINE,Creative Securities Pvt Ltd,Aryatara Investment & Securities,97,439.8,42660.6,2025-08-07 11:37:42.671798
2025-08-07,82744,2025080703002243,SHINE,Dipshikha Dhitopatra Karobar Co. Pvt Ltd.,Naasa Securities Co. Ltd.,20,438.1,8762.0,2025-08-07 11:40:03.478527
2025-08-07,82743,2025080703002244,SHINE,Vision Securities Pvt. Ltd,Naasa Securities Co. Ltd.,30,438.1,13143.0,2025-08-07 11:40:03.478708
2025-08-07,82117,2025080703002300,SHINE,Neev Securities Pvt. Ltd.,Vision Securities Pvt. Ltd,3,435.0,1305.0,2025-08-07 11:42:01.530753
2025-08-07,81096,2025080703002432,SHINE,Opal Securities Investment (PVT) Ltd.,Nepal Stock House (PVT) Ltd.,1,436.0,436.0,2025-08-07 11:45:24.142709
2025-08-07,80749,2025080703002472,SHINE,Dynamic Money Managers Securities Pvt. Ltd.,Aryatara Investment & Securities,120,439.8,52776.0,2025-08-07 11:46:20.782562
2025-08-07,80065,2025080703002542,SHINE,Dynamic Money Managers Securities Pvt. Ltd.,Sumeru Securities Pvt. Ltd.,500,439.9,219950.0,2025-08-07 11:48:15.431085
2025-08-07,79906,2025080703002575,SHINE,Dipshikha Dhitopatra Karobar Co. Pvt Ltd.,Sumeru Securities Pvt. Ltd.,50,439.9,21995.0,2025-08-07 11:48:40.057333
2025-08-07,79809,2025080703002585,SHINE,Dynamic Money Managers Securities Pvt. Ltd.,Aryatara Investment & Securities,10,439.8,4398.0,2025-08-07 11:48:56.517260
2025-08-07,79808,2025080703002586,SHINE,Dynamic Money Managers Securities Pvt. Ltd.,Sumeru Securities Pvt. Ltd.,67,439.9,29473.3,2025-08-07 11:48:56.517471
2025-08-07,79807,2025080703002587,SHINE,Dynamic Money Managers Securities Pvt. Ltd.,Agrawal Securities (PVT) Ltd.,23,439.9,10117.7,2025-08-07 11:48:56.517605
2025-08-07,78995,2025080703002686,SHINE,Opal Securities Investment (PVT) Ltd.,Cristal Kanchanjanga Securites Pvt. Ltd.,3,431.5,1294.5,2025-08-07 11:51:13.215606
2025-08-07,78114,2025080703002826,SHINE,South Asian Bulls Pvt. Ltd.,Naasa Securities Co. Ltd.,47,439.0,20633.0,2025-08-07 11:54:02.845665
2025-08-07,77491,2025080703002942,SHINE,Dynamic Money Managers Securities Pvt. Ltd.,Agrawal Securities (PVT) Ltd.,77,439.9,33872.3,2025-08-07 11:56:08.635600
2025-08-07,77490,2025080703002943,SHINE,Dynamic Money Managers Securities Pvt. Ltd.,Sundhara Securities Limited,106,439.9,46629.4,2025-08-07 11:56:08.635811
2025-08-07,77489,2025080703002944,SHINE,Dynamic Money Managers Securities Pvt. Ltd.,BHOLE GANESH SECURITIES LTD,217,439.9,95458.3,2025-08-07 11:56:08.635948
2025-08-07,77193,2025080703003012,SHINE,Opal Securities Investment (PVT) Ltd.,BHOLE GANESH SECURITIES LTD,33,439.9,14516.7,2025-08-07 11:56:57.218171
2025-08-07,77192,2025080703003013,SHINE,Opal Securities Investment (PVT) Ltd.,Sri Hari Securities Pvt. Ltd.,67,439.9,29473.3,2025-08-07 11:56:57.218301
2025-08-07,76250,2025080703003149,SHINE,South Asian Bulls Pvt. Ltd.,Beni Securities Pvt.Ltd.,153,439.0,67167.0,2025-08-07 12:00:03.371284
2025-08-07,76249,2025080703003150,SHINE,Ashutosh Brokerage & Securities (PVT) Ltd.,Beni Securities Pvt.Ltd.,100,438.3,43830.0,2025-08-07 12:00:03.371385
2025-08-07,76248,2025080703003151,SHINE,Naasa Securities Co. Ltd.,Beni Securities Pvt.Ltd.,100,438.2,43820.0,2025-08-07 12:00:03.371440
2025-08-07,76247,2025080703003152,SHINE,Vision Securities Pvt. Ltd,Beni Securities Pvt.Ltd.,55,438.1,24095.5,2025-08-07 12:00:03.371484
2025-08-07,76246,2025080703003153,SHINE,Dipshikha Dhitopatra Karobar Co. Pvt Ltd.,Beni Securities Pvt.Ltd.,92,438.0,40296.0,2025-08-07 12:00:03.371536
2025-08-07,76154,2025080703003172,SHINE,Dipshikha Dhitopatra Karobar Co. Pvt Ltd.,Beni Securities Pvt.Ltd.,84,438.0,36792.0,2025-08-07 12:00:25.425438
2025-08-07,76153,2025080703003173,SHINE,Ashutosh Brokerage & Securities (PVT) Ltd.,Beni Securities Pvt.Ltd.,150,437.0,65550.0,2025-08-07 12:00:25.425555
2025-08-07,76152,2025080703003174,SHINE,Blue Chip Securities Ltd,Beni Securities Pvt.Ltd.,250,437.0,109250.0,2025-08-07 12:00:25.425611
2025-08-07,76151,2025080703003175,SHINE,Dipshikha Dhitopatra Karobar Co. Pvt Ltd.,Beni Securities Pvt.Ltd.,10,437.0,4370.0,2025-08-07 12:00:25.425679
2025-08-07,76150,2025080703003176,SHINE,Sani Securities Company Ltd.,Beni Securities Pvt.Ltd.,196,437.0,85652.0,2025-08-07 12:00:25.425724
2025-08-07,76115,2025080703003186,SHINE,Opal Securities Investment (PVT) Ltd.,Beni Securities Pvt.Ltd.,10,437.1,4371.0,2025-08-07 12:00:36.452557
2025-08-07,75588,2025080703003262,SHINE,Opal Securities Investment (PVT) Ltd.,Oxford Securities Pvt. Ltd.,40,437.5,17500.0,2025-08-07 12:02:11.895546
2025-08-07,73938,2025080703003533,SHINE,Ashutosh Brokerage & Securities (PVT) Ltd.,Naasa Securities Co. Ltd.,20,437.2,8744.0,2025-08-07 12:06:00.596046
2025-08-07,73826,2025080703003547,SHINE,Capital Max Securities Ltd,Oxford Securities Pvt. Ltd.,960,437.5,420000.0,2025-08-07 12:06:15.413557
2025-08-07,72174,2025080703003804,SHINE,Ashutosh Brokerage & Securities (PVT) Ltd.,Aryatara Investment & Securities,100,437.4,43740.0,2025-08-07 12:10:25.224637
2025-08-07,72173,2025080703003805,SHINE,Capital Max Securities Ltd,Aryatara Investment & Securities,40,437.3,17492.0,2025-08-07 12:10:25.224761
2025-08-07,72172,2025080703003806,SHINE,Ashutosh Brokerage & Securities (PVT) Ltd.,Aryatara Investment & Securities,80,437.2,34976.0,2025-08-07 12:10:25.224811
2025-08-07,72171,2025080703003807,SHINE,Dipshikha Dhitopatra Karobar Co. Pvt Ltd.,Aryatara Investment & Securities,100,437.2,43720.0,2025-08-07 12:10:25.224857
2025-08-07,72170,2025080703003808,SHINE,Sani Securities Company Ltd.,Aryatara Investment & Securities,180,437.0,78660.0,2025-08-07 12:10:25.224927
2025-08-07,71548,2025080703003930,SHINE,Sani Securities Company Ltd.,Capital Max Securities Ltd,150,437.5,65625.0,2025-08-07 12:12:35.795493
2025-08-07,71547,2025080703003931,SHINE,Ashutosh Brokerage & Securities (PVT) Ltd.,Capital Max Securities Ltd,100,437.1,43710.0,2025-08-07 12:12:35.795622
2025-08-07,71546,2025080703003932,SHINE,Sani Securities Company Ltd.,Capital Max Securities Ltd,532,437.0,232484.0,2025-08-07 12:12:35.795673
2025-08-07,70752,2025080703004083,SHINE,Aryatara Investment & Securities,Dipshikha Dhitopatra Karobar Co. Pvt Ltd.,57,437.5,24937.5,2025-08-07 12:14:33.317450
2025-08-07,70364,2025080703004133,SHINE,Nepal Stock House (PVT) Ltd.,Dynamic Money Managers Securities Pvt. Ltd.,125,438.0,54750.0,2025-08-07 12:15:31.733420
2025-08-07,68767,2025080703004427,SHINE,Trishakti Securities Public Limited,Deevyaa Securities & Stock House Pvt. Ltd,100,439.0,43900.0,2025-08-07 12:19:47.192294
2025-08-07,68133,2025080703004571,SHINE,Nepal Stock House (PVT) Ltd.,Deevyaa Securities & Stock House Pvt. Ltd,40,439.0,17560.0,2025-08-07 12:21:46.719585
2025-08-07,66185,2025080703004860,SHINE,Dakshinkali Investment & Securities Pvt. Ltd.,Primo Securities (PVT) Ltd.,125,438.1,54762.5,2025-08-07 12:27:29.536636
2025-08-07,66184,2025080703004861,SHINE,Ashutosh Brokerage & Securities (PVT) Ltd.,Primo Securities (PVT) Ltd.,100,438.1,43810.0,2025-08-07 12:27:29.536787
2025-08-07,66183,2025080703004862,SHINE,Nepal Stock House (PVT) Ltd.,Primo Securities (PVT) Ltd.,875,438.0,383250.0,2025-08-07 12:27:29.536853
2025-08-07,66182,2025080703004863,SHINE,Vision Securities Pvt. Ltd,Primo Securities (PVT) Ltd.,84,438.0,36792.0,2025-08-07 12:27:29.536910
2025-08-07,66181,2025080703004864,SHINE,Vision Securities Pvt. Ltd,Primo Securities (PVT) Ltd.,15,438.0,6570.0,2025-08-07 12:27:29.536960
2025-08-07,66180,2025080703004865,SHINE,Aryatara Investment & Securities,Primo Securities (PVT) Ltd.,43,437.5,18812.5,2025-08-07 12:27:29.537013
2025-08-07,66179,2025080703004866,SHINE,Sani Securities Company Ltd.,Primo Securities (PVT) Ltd.,399,437.5,174562.5,2025-08-07 12:27:29.537080
2025-08-07,66178,2025080703004867,SHINE,Trishakti Securities Public Limited,Primo Securities (PVT) Ltd.,10,437.1,4371.0,2025-08-07 12:27:29.537132
2025-08-07,66177,2025080703004868,SHINE,Sani Securities Company Ltd.,Primo Securities (PVT) Ltd.,230,437.0,100510.0,2025-08-07 12:27:29.537184
2025-08-07,65745,2025080703004952,SHINE,Premier Securities Company Ltd.,Citizens Share Broker Limited,32,437.0,13984.0,2025-08-07 12:28:43.262218
2025-08-07,65744,2025080703004953,SHINE,Ashutosh Brokerage & Securities (PVT) Ltd.,Citizens Share Broker Limited,68,436.2,29661.6,2025-08-07 12:28:43.262299
2025-08-07,65672,2025080703004965,SHINE,Ashutosh Brokerage & Securities (PVT) Ltd.,Sipla Securities Private Limited,32,436.2,13958.4,2025-08-07 12:28:56.013173
2025-08-07,65671,2025080703004966,SHINE,Sani Securities Company Ltd.,Sipla Securities Private Limited,27,436.1,11774.7,2025-08-07 12:28:56.013329
2025-08-07,65160,2025080703005059,SHINE,Sani Securities Company Ltd.,Primo Securities (PVT) Ltd.,470,436.1,204967.0,2025-08-07 12:30:09.354744
2025-08-07,65159,2025080703005060,SHINE,INDEX SECURITIES LIMITED,Primo Securities (PVT) Ltd.,500,436.0,218000.0,2025-08-07 12:30:09.354878
2025-08-07,65158,2025080703005061,SHINE,Linch Stock Market Ltd.,Primo Securities (PVT) Ltd.,100,436.0,43600.0,2025-08-07 12:30:09.354981
2025-08-07,65157,2025080703005062,SHINE,Aryatara Investment & Securities,Primo Securities (PVT) Ltd.,20,436.0,8720.0,2025-08-07 12:30:09.355042
2025-08-07,65156,2025080703005063,SHINE,Dipshikha Dhitopatra Karobar Co. Pvt Ltd.,Primo Securities (PVT) Ltd.,20,436.0,8720.0,2025-08-07 12:30:09.355099
2025-08-07,64867,2025080703005129,SHINE,Naasa Securities Co. Ltd.,Primo Securities (PVT) Ltd.,50,436.0,21800.0,2025-08-07 12:30:49.042224
2025-08-07,64355,2025080703005223,SHINE,Premier Securities Company Ltd.,Primo Securities (PVT) Ltd.,250,436.0,109000.0,2025-08-07 12:32:17.275377
2025-08-07,64167,2025080703005254,SHINE,Trisul Securities & Invt. Ltd.,Primo Securities (PVT) Ltd.,20,436.0,8720.0,2025-08-07 12:32:46.406698
2025-08-07,63552,2025080703005341,SHINE,Capital Max Securities Ltd,Dynamic Money Managers Securities Pvt. Ltd.,250,439.6,109900.0,2025-08-07 12:34:18.808437
2025-08-07,63523,2025080703005343,SHINE,Capital Max Securities Ltd,Dynamic Money Managers Securities Pvt. Ltd.,250,439.6,109900.0,2025-08-07 12:34:25.877869
2025-08-07,63457,2025080703005353,SHINE,Capital Max Securities Ltd,Dynamic Money Managers Securities Pvt. Ltd.,250,439.6,109900.0,2025-08-07 12:34:34.919500
2025-08-07,62889,2025080703005453,SHINE,Aryatara Investment & Securities,Global IME Securities Limited,150,439.0,65850.0,2025-08-07 12:36:19.993129
2025-08-07,62669,2025080703005501,SHINE,Aryatara Investment & Securities,Global IME Securities Limited,100,438.0,43800.0,2025-08-07 12:36:54.036724
2025-08-07,61607,2025080703005714,SHINE,Sundhara Securities Limited,Imperial Securities Company Pvt. Ltd.,200,436.0,87200.0,2025-08-07 12:40:23.856511
2025-08-07,60907,2025080703005859,SHINE,Sundhara Securities Limited,Trishakti Securities Public Limited,280,436.0,122080.0,2025-08-07 12:42:54.045739
2025-08-07,59915,2025080703006096,SHINE,Opal Securities Investment (PVT) Ltd.,Dynamic Money Managers Securities Pvt. Ltd.,100,437.9,43790.0,2025-08-07 12:46:33.941187
2025-08-07,59512,2025080703006157,SHINE,Nagarik Stock Dealer ,Neev Securities Pvt. Ltd.,4,429.3,1717.2,2025-08-07 12:48:01.902801
2025-08-07,59360,2025080703006182,SHINE,Nagarik Stock Dealer ,Naasa Securities Co. Ltd.,6,430.0,2580.0,2025-08-07 12:48:41.996601
2025-08-07,59153,2025080703006195,SHINE,Sani Securities Company Ltd.,Linch Stock Market Ltd.,2,437.0,874.0,2025-08-07 12:49:13.697718
2025-08-07,59096,2025080703006203,SHINE,Nagarik Stock Dealer ,Neev Securities Pvt. Ltd.,5,430.3,2151.5,2025-08-07 12:49:18.099452
2025-08-07,58849,2025080703006245,SHINE,Cristal Kanchanjanga Securites Pvt. Ltd.,Dynamic Money Managers Securities Pvt. Ltd.,40,437.9,17516.0,2025-08-07 12:50:16.483704
2025-08-07,58403,2025080703006337,SHINE,Aryatara Investment & Securities,Naasa Securities Co. Ltd.,10,436.1,4361.0,2025-08-07 12:51:53.415046
2025-08-07,58387,2025080703006344,SHINE,Aryatara Investment & Securities,Investment Management Nepal Pvt. Ltd.,300,436.1,130830.0,2025-08-07 12:51:56.458524
2025-08-07,57593,2025080703006473,SHINE,Naasa Securities Co. Ltd.,Sundhara Securities Limited,100,437.0,43700.0,2025-08-07 12:54:46.466307
2025-08-07,57351,2025080703006514,SHINE,Naasa Securities Co. Ltd.,Global IME Securities Limited,50,437.0,21850.0,2025-08-07 12:55:52.578758
2025-08-07,57350,2025080703006515,SHINE,Aryatara Investment & Securities,Global IME Securities Limited,190,436.1,82859.0,2025-08-07 12:55:52.578956
2025-08-07,57349,2025080703006516,SHINE,Sundhara Securities Limited,Global IME Securities Limited,20,436.0,8720.0,2025-08-07 12:55:52.579040
2025-08-07,57348,2025080703006517,SHINE,Midas Stock Broking Company Private Limited,Global IME Securities Limited,200,436.0,87200.0,2025-08-07 12:55:52.579101
2025-08-07,57347,2025080703006518,SHINE,Primo Securities (PVT) Ltd.,Global IME Securities Limited,10,435.2,4352.0,2025-08-07 12:55:52.579161
2025-08-07,57346,2025080703006519,SHINE,Ashutosh Brokerage & Securities (PVT) Ltd.,Global IME Securities Limited,100,435.2,43520.0,2025-08-07 12:55:52.579223
2025-08-07,57345,2025080703006520,SHINE,Kohinoor Investment & Securities Pvt. Ltd.,Global IME Securities Limited,100,435.2,43520.0,2025-08-07 12:55:52.579281
2025-08-07,57344,2025080703006521,SHINE,Capital Max Securities Ltd,Global IME Securities Limited,500,435.1,217550.0,2025-08-07 12:55:52.579339
2025-08-07,57343,2025080703006522,SHINE,Imperial Securities Company Pvt. Ltd.,Global IME Securities Limited,110,435.1,47861.0,2025-08-07 12:55:52.579393
2025-08-07,57342,2025080703006523,SHINE,Vision Securities Pvt. Ltd,Global IME Securities Limited,220,435.0,95700.0,2025-08-07 12:55:52.579458
2025-08-07,57266,2025080703006532,SHINE,Vision Securities Pvt. Ltd,Global IME Securities Limited,280,435.0,121800.0,2025-08-07 12:56:08.633201
2025-08-07,57265,2025080703006533,SHINE,Opal Securities Investment (PVT) Ltd.,Global IME Securities Limited,20,435.0,8700.0,2025-08-07 12:56:08.633353
2025-08-07,57264,2025080703006534,SHINE,Midas Stock Broking Company Private Limited,Global IME Securities Limited,500,435.0,217500.0,2025-08-07 12:56:08.633427
2025-08-07,57263,2025080703006535,SHINE,Cristal Kanchanjanga Securites Pvt. Ltd.,Global IME Securities Limited,200,435.0,87000.0,2025-08-07 12:56:08.633494
2025-08-07,57262,2025080703006536,SHINE,Capital Hub P. Ltd,Global IME Securities Limited,100,435.0,43500.0,2025-08-07 12:56:08.633547
2025-08-07,57261,2025080703006537,SHINE,Aryatara Investment & Securities,Global IME Securities Limited,16,435.0,6960.0,2025-08-07 12:56:08.633599
2025-08-07,57260,2025080703006538,SHINE,Online Securities Pvt. Ltd.,Global IME Securities Limited,1000,435.0,435000.0,2025-08-07 12:56:08.633649
2025-08-07,57259,2025080703006539,SHINE,Shree Krishna Securities Ltd.,Global IME Securities Limited,134,435.0,58290.0,2025-08-07 12:56:08.633701
2025-08-07,55731,2025080703006805,SHINE,Opal Securities Investment (PVT) Ltd.,Cristal Kanchanjanga Securites Pvt. Ltd.,30,437.0,13110.0,2025-08-07 13:01:58.370554
2025-08-07,55602,2025080703006811,SHINE,Opal Securities Investment (PVT) Ltd.,Midas Stock Broking Company Private Limited,1,428.3,428.3,2025-08-07 13:02:21.624784
2025-08-07,55440,2025080703006839,SHINE,Nagarik Stock Dealer ,Shree Krishna Securities Ltd.,300,436.0,130800.0,2025-08-07 13:02:55.858474
2025-08-07,55439,2025080703006840,SHINE,Naasa Securities Co. Ltd.,Shree Krishna Securities Ltd.,20,435.2,8704.0,2025-08-07 13:02:55.858683
2025-08-07,55438,2025080703006841,SHINE,Trisul Securities & Invt. Ltd.,Shree Krishna Securities Ltd.,80,435.2,34816.0,2025-08-07 13:02:55.858742
2025-08-07,55437,2025080703006842,SHINE,Sani Securities Company Ltd.,Shree Krishna Securities Ltd.,600,435.1,261060.0,2025-08-07 13:02:55.858831
2025-08-07,55091,2025080703006898,SHINE,Neev Securities Pvt. Ltd.,Dynamic Money Managers Securities Pvt. Ltd.,10,436.9,4369.0,2025-08-07 13:04:04.965061
2025-08-07,53979,2025080703007116,SHINE,Dipshikha Dhitopatra Karobar Co. Pvt Ltd.,Dynamic Money Managers Securities Pvt. Ltd.,100,436.9,43690.0,2025-08-07 13:08:32.411979
2025-08-07,53868,2025080703007128,SHINE,Oxford Securities Pvt. Ltd.,Dynamic Money Managers Securities Pvt. Ltd.,300,436.9,131070.0,2025-08-07 13:08:54.217422
2025-08-07,53270,2025080703007203,SHINE,Opal Securities Investment (PVT) Ltd.,Sweta Securities Private Limited,1,430.0,430.0,2025-08-07 13:10:46.524449
2025-08-07,52401,2025080703007303,SHINE,South Asian Bulls Pvt. Ltd.,Creative Securities Pvt Ltd,55,436.2,23991.0,2025-08-07 13:13:24.754212
2025-08-07,52400,2025080703007304,SHINE,Dynamic Money Managers Securities Pvt. Ltd.,Creative Securities Pvt Ltd,10,436.0,4360.0,2025-08-07 13:13:24.754504
2025-08-07,52399,2025080703007305,SHINE,Dipshikha Dhitopatra Karobar Co. Pvt Ltd.,Creative Securities Pvt Ltd,10,436.0,4360.0,2025-08-07 13:13:24.754685
2025-08-07,52331,2025080703007314,SHINE,Sani Securities Company Ltd.,Sumeru Securities Pvt. Ltd.,150,435.1,65265.0,2025-08-07 13:13:37.748257
2025-08-07,50765,2025080703007542,SHINE,Dipshikha Dhitopatra Karobar Co. Pvt Ltd.,Dynamic Money Managers Securities Pvt. Ltd.,25,435.5,10887.5,2025-08-07 13:18:33.763336
2025-08-07,50764,2025080703007543,SHINE,Sani Securities Company Ltd.,Dynamic Money Managers Securities Pvt. Ltd.,250,435.1,108775.0,2025-08-07 13:18:33.763639
2025-08-07,50763,2025080703007544,SHINE,Vision Securities Pvt. Ltd,Dynamic Money Managers Securities Pvt. Ltd.,60,435.1,26106.0,2025-08-07 13:18:33.763822
2025-08-07,50762,2025080703007545,SHINE,Shree Krishna Securities Ltd.,Dynamic Money Managers Securities Pvt. Ltd.,366,435.0,159210.0,2025-08-07 13:18:33.763997
2025-08-07,50761,2025080703007546,SHINE,Neev Securities Pvt. Ltd.,Dynamic Money Managers Securities Pvt. Ltd.,115,435.0,50025.0,2025-08-07 13:18:33.764209
2025-08-07,50760,2025080703007547,SHINE,Dakshinkali Investment & Securities Pvt. Ltd.,Dynamic Money Managers Securities Pvt. Ltd.,30,435.0,13050.0,2025-08-07 13:18:33.764393
2025-08-07,50759,2025080703007548,SHINE,Imperial Securities Company Pvt. Ltd.,Dynamic Money Managers Securities Pvt. Ltd.,10,435.0,4350.0,2025-08-07 13:18:33.764566
2025-08-07,50758,2025080703007549,SHINE,Dipshikha Dhitopatra Karobar Co. Pvt Ltd.,Dynamic Money Managers Securities Pvt. Ltd.,500,435.0,217500.0,2025-08-07 13:18:33.764762
2025-08-07,50757,2025080703007550,SHINE,Opal Securities Investment (PVT) Ltd.,Dynamic Money Managers Securities Pvt. Ltd.,500,435.0,217500.0,2025-08-07 13:18:33.764948
2025-08-07,50756,2025080703007551,SHINE,Sani Securities Company Ltd.,Dynamic Money Managers Securities Pvt. Ltd.,50,435.0,21750.0,2025-08-07 13:18:33.765137
2025-08-07,50755,2025080703007552,SHINE,Sani Securities Company Ltd.,Dynamic Money Managers Securities Pvt. Ltd.,1000,434.0,434000.0,2025-08-07 13:18:33.765307
2025-08-07,50754,2025080703007553,SHINE,South Asian Bulls Pvt. Ltd.,Dynamic Money Managers Securities Pvt. Ltd.,500,434.0,217000.0,2025-08-07 13:18:33.765466
2025-08-07,50753,2025080703007554,SHINE,Dipshikha Dhitopatra Karobar Co. Pvt Ltd.,Dynamic Money Managers Securities Pvt. Ltd.,82,434.0,35588.0,2025-08-07 13:18:33.765644
2025-08-07,50752,2025080703007555,SHINE,Sundhara Securities Limited,Dynamic Money Managers Securities Pvt. Ltd.,20,434.0,8680.0,2025-08-07 13:18:33.765795
2025-08-07,50751,2025080703007556,SHINE,Sani Securities Company Ltd.,Dynamic Money Managers Securities Pvt. Ltd.,737,434.0,319858.0,2025-08-07 13:18:33.765970
2025-08-07,50631,2025080703007576,SHINE,Sani Securities Company Ltd.,Cristal Kanchanjanga Securites Pvt. Ltd.,263,434.0,114142.0,2025-08-07 13:19:06.838961
2025-08-07,50630,2025080703007577,SHINE,Trishakti Securities Public Limited,Cristal Kanchanjanga Securites Pvt. Ltd.,30,434.0,13020.0,2025-08-07 13:19:06.839304
2025-08-07,50629,2025080703007578,SHINE,Primo Securities (PVT) Ltd.,Cristal Kanchanjanga Securites Pvt. Ltd.,50,434.0,21700.0,2025-08-07 13:19:06.839511
2025-08-07,50628,2025080703007579,SHINE,Kohinoor Investment & Securities Pvt. Ltd.,Cristal Kanchanjanga Securites Pvt. Ltd.,100,434.0,43400.0,2025-08-07 13:19:06.839723
2025-08-07,50201,2025080703007662,SHINE,Dipshikha Dhitopatra Karobar Co. Pvt Ltd.,Cristal Kanchanjanga Securites Pvt. Ltd.,17,434.0,7378.0,2025-08-07 13:20:17.942215
2025-08-07,49844,2025080703007749,SHINE,Dipshikha Dhitopatra Karobar Co. Pvt Ltd.,Aryatara Investment & Securities,17,434.0,7378.0,2025-08-07 13:21:20.423444
2025-08-07,49276,2025080703007833,SHINE,Aryatara Investment & Securities,Creative Securities Pvt Ltd,25,436.0,10900.0,2025-08-07 13:23:07.706917
2025-08-07,49275,2025080703007834,SHINE,Aryatara Investment & Securities,Aryatara Investment & Securities,75,436.0,32700.0,2025-08-07 13:23:07.707068
2025-08-07,46853,2025080703008231,SHINE,Online Securities Pvt. Ltd.,Aryatara Investment & Securities,86,436.0,37496.0,2025-08-07 13:30:34.724686
2025-08-07,46489,2025080703008289,SHINE,Midas Stock Broking Company Private Limited,Aryatara Investment & Securities,200,436.8,87360.0,2025-08-07 13:31:42.423488
2025-08-07,46488,2025080703008290,SHINE,Midas Stock Broking Company Private Limited,Imperial Securities Company Pvt. Ltd.,100,436.8,43680.0,2025-08-07 13:31:42.423681
2025-08-07,46487,2025080703008291,SHINE,Midas Stock Broking Company Private Limited,Aryatara Investment & Securities,200,436.8,87360.0,2025-08-07 13:31:42.423753
2025-08-07,46095,2025080703008350,SHINE,Online Securities Pvt. Ltd.,Opal Securities Investment (PVT) Ltd.,63,436.0,27468.0,2025-08-07 13:32:55.133082
2025-08-07,44902,2025080703008527,SHINE,Nagarik Stock Dealer ,J.F. Securites (PVT) Ltd.,50,436.9,21845.0,2025-08-07 13:36:37.583780
2025-08-07,44901,2025080703008528,SHINE,Nagarik Stock Dealer ,Sani Securities Company Ltd.,70,437.0,30590.0,2025-08-07 13:36:37.583987
2025-08-07,44900,2025080703008529,SHINE,Nagarik Stock Dealer ,Aryatara Investment & Securities,80,437.0,34960.0,2025-08-07 13:36:37.584054
2025-08-07,44778,2025080703008564,SHINE,Oxford Securities Pvt. Ltd.,Beni Securities Pvt.Ltd.,200,436.1,87220.0,2025-08-07 13:37:00.148009
2025-08-07,44777,2025080703008565,SHINE,Aryatara Investment & Securities,Beni Securities Pvt.Ltd.,500,436.0,218000.0,2025-08-07 13:37:00.148182
2025-08-07,44776,2025080703008566,SHINE,Capital Max Securities Ltd,Beni Securities Pvt.Ltd.,300,435.0,130500.0,2025-08-07 13:37:00.148280
2025-08-07,43693,2025080703008752,SHINE,Midas Stock Broking Company Private Limited,Aryatara Investment & Securities,10,437.0,4370.0,2025-08-07 13:40:38.867704
2025-08-07,42518,2025080703008966,SHINE,Sewa Securities Pvt. Ltd.,Aryatara Investment & Securities,200,436.9,87380.0,2025-08-07 13:44:06.861494
2025-08-07,42141,2025080703009062,SHINE,Trisul Securities & Invt. Ltd.,Aryatara Investment & Securities,310,437.0,135470.0,2025-08-07 13:45:15.317880
2025-08-07,42140,2025080703009063,SHINE,Trisul Securities & Invt. Ltd.,Naasa Securities Co. Ltd.,121,437.0,52877.0,2025-08-07 13:45:15.318190
2025-08-07,42139,2025080703009064,SHINE,Trisul Securities & Invt. Ltd.,Imperial Securities Company Pvt. Ltd.,569,437.0,248653.0,2025-08-07 13:45:15.318369
2025-08-07,41945,2025080703009122,SHINE,Capital Max Securities Ltd,Imperial Securities Company Pvt. Ltd.,50,437.0,21850.0,2025-08-07 13:45:43.623312
2025-08-07,41555,2025080703009205,SHINE,Imperial Securities Company Pvt. Ltd.,Imperial Securities Company Pvt. Ltd.,42,437.0,18354.0,2025-08-07 13:47:04.589404
2025-08-07,40832,2025080703009410,SHINE,Dipshikha Dhitopatra Karobar Co. Pvt Ltd.,Imperial Securities Company Pvt. Ltd.,89,437.0,38893.0,2025-08-07 13:49:26.871327
2025-08-07,40742,2025080703009434,SHINE,Dipshikha Dhitopatra Karobar Co. Pvt Ltd.,Trishakti Securities Public Limited,30,438.0,13140.0,2025-08-07 13:49:42.038270
2025-08-07,40671,2025080703009444,SHINE,Dipshikha Dhitopatra Karobar Co. Pvt Ltd.,Sumeru Securities Pvt. Ltd.,200,439.0,87800.0,2025-08-07 13:49:57.207199
2025-08-07,40670,2025080703009445,SHINE,Dipshikha Dhitopatra Karobar Co. Pvt Ltd.,Naasa Securities Co. Ltd.,10,439.0,4390.0,2025-08-07 13:49:57.207352
2025-08-07,40358,2025080703009509,SHINE,Dipshikha Dhitopatra Karobar Co. Pvt Ltd.,Trishakti Securities Public Limited,100,439.7,43970.0,2025-08-07 13:51:03.914693
2025-08-07,40060,2025080703009551,SHINE,Dipshikha Dhitopatra Karobar Co. Pvt Ltd.,Oxford Securities Pvt. Ltd.,1160,439.8,510168.0,2025-08-07 13:51:29.259958
2025-08-07,39970,2025080703009563,SHINE,Dipshikha Dhitopatra Karobar Co. Pvt Ltd.,Sumeru Securities Pvt. Ltd.,40,439.8,17592.0,2025-08-07 13:51:46.563497
2025-08-07,39969,2025080703009564,SHINE,Dipshikha Dhitopatra Karobar Co. Pvt Ltd.,Sumeru Securities Pvt. Ltd.,10,439.7,4397.0,2025-08-07 13:51:46.563798
2025-08-07,39364,2025080703009649,SHINE,Dynamic Money Managers Securities Pvt. Ltd.,Sri Hari Securities Pvt. Ltd.,88,439.9,38711.2,2025-08-07 13:53:22.206791
2025-08-07,39253,2025080703009669,SHINE,Dipshikha Dhitopatra Karobar Co. Pvt Ltd.,Sri Hari Securities Pvt. Ltd.,90,439.7,39573.0,2025-08-07 13:53:39.677149
2025-08-07,39252,2025080703009670,SHINE,Dipshikha Dhitopatra Karobar Co. Pvt Ltd.,Sri Hari Securities Pvt. Ltd.,60,439.0,26340.0,2025-08-07 13:53:39.677460
2025-08-07,33183,2025080703010619,SHINE,Sumeru Securities Pvt. Ltd.,Aryatara Investment & Securities,1,435.0,435.0,2025-08-07 14:07:47.763779
2025-08-07,31830,2025080703010895,SHINE,Sani Securities Company Ltd.,Capital Max Securities Ltd,98,439.6,43080.8,2025-08-07 14:10:39.544258
2025-08-07,31784,2025080703010901,SHINE,Sani Securities Company Ltd.,Capital Max Securities Ltd,10,439.6,4396.0,2025-08-07 14:10:49.604435
2025-08-07,31255,2025080703011000,SHINE,Dakshinkali Investment & Securities Pvt. Ltd.,Sri Hari Securities Pvt. Ltd.,80,439.9,35192.0,2025-08-07 14:12:10.295605
2025-08-07,30661,2025080703011154,SHINE,Nagarik Stock Dealer ,Sri Hari Securities Pvt. Ltd.,10,439.9,4399.0,2025-08-07 14:13:42.731978
2025-08-07,30222,2025080703011248,SHINE,Opal Securities Investment (PVT) Ltd.,Deevyaa Securities & Stock House Pvt. Ltd,1,435.5,435.5,2025-08-07 14:14:56.660342
2025-08-07,29438,2025080703011391,SHINE,Kumari Securities Private Limited,Imperial Securities Company Pvt. Ltd.,90,439.7,39573.0,2025-08-07 14:17:04.246482
2025-08-07,29332,2025080703011408,SHINE,Asian Securities Private Ltd.,Premier Securities Company Ltd.,500,440.0,220000.0,2025-08-07 14:17:13.889476
2025-08-07,29008,2025080703011463,SHINE,Oxford Securities Pvt. Ltd.,Premier Securities Company Ltd.,120,440.0,52800.0,2025-08-07 14:18:09.108941
2025-08-07,28927,2025080703011483,SHINE,Kumari Securities Private Limited,Midas Stock Broking Company Private Limited,200,439.7,87940.0,2025-08-07 14:18:22.434273
2025-08-07,28712,2025080703011509,SHINE,Nagarik Stock Dealer ,Premier Securities Company Ltd.,330,440.0,145200.0,2025-08-07 14:18:52.753874
2025-08-07,28487,2025080703011547,SHINE,Kumari Securities Private Limited,Dipshikha Dhitopatra Karobar Co. Pvt Ltd.,10,439.7,4397.0,2025-08-07 14:19:26.336876
2025-08-07,28486,2025080703011548,SHINE,Sani Securities Company Ltd.,Dipshikha Dhitopatra Karobar Co. Pvt Ltd.,15,439.6,6594.0,2025-08-07 14:19:26.337194
2025-08-07,28485,2025080703011549,SHINE,Opal Securities Investment (PVT) Ltd.,Dipshikha Dhitopatra Karobar Co. Pvt Ltd.,100,439.5,43950.0,2025-08-07 14:19:26.337377
2025-08-07,28484,2025080703011550,SHINE,Dipshikha Dhitopatra Karobar Co. Pvt Ltd.,Dipshikha Dhitopatra Karobar Co. Pvt Ltd.,30,439.0,13170.0,2025-08-07 14:19:26.337555
2025-08-07,28483,2025080703011551,SHINE,Miyo Securities Pvt Ltd,Dipshikha Dhitopatra Karobar Co. Pvt Ltd.,50,439.0,21950.0,2025-08-07 14:19:26.337731
2025-08-07,28482,2025080703011552,SHINE,Blue Chip Securities Ltd,Dipshikha Dhitopatra Karobar Co. Pvt Ltd.,20,439.0,8780.0,2025-08-07 14:19:26.337904
2025-08-07,28481,2025080703011553,SHINE,Midas Stock Broking Company Private Limited,Dipshikha Dhitopatra Karobar Co. Pvt Ltd.,231,439.0,101409.0,2025-08-07 14:19:26.338089
2025-08-07,27040,2025080703011815,SHINE,Asian Securities Private Ltd.,Premier Securities Company Ltd.,50,440.0,22000.0,2025-08-07 14:23:29.852548
2025-08-07,27039,2025080703011816,SHINE,Asian Securities Private Ltd.,Arun Securities (PVT) Ltd.,120,440.0,52800.0,2025-08-07 14:23:29.852852
2025-08-07,27038,2025080703011817,SHINE,Asian Securities Private Ltd.,Ashutosh Brokerage & Securities (PVT) Ltd.,84,440.0,36960.0,2025-08-07 14:23:29.853056
2025-08-07,27037,2025080703011818,SHINE,Asian Securities Private Ltd.,Online Securities Pvt. Ltd.,20,440.0,8800.0,2025-08-07 14:23:29.853237
2025-08-07,27036,2025080703011819,SHINE,Asian Securities Private Ltd.,Vision Securities Pvt. Ltd,50,440.0,22000.0,2025-08-07 14:23:29.853544
2025-08-07,27035,2025080703011820,SHINE,Asian Securities Private Ltd.,Nepal Stock House (PVT) Ltd.,19,440.0,8360.0,2025-08-07 14:23:29.853787
2025-08-07,27034,2025080703011821,SHINE,Asian Securities Private Ltd.,Sweta Securities Private Limited,30,440.0,13200.0,2025-08-07 14:23:29.854003
2025-08-07,27033,2025080703011822,SHINE,Asian Securities Private Ltd.,Naasa Securities Co. Ltd.,127,440.0,55880.0,2025-08-07 14:23:29.854280
2025-08-07,26743,2025080703011865,SHINE,Midas Stock Broking Company Private Limited,Dipshikha Dhitopatra Karobar Co. Pvt Ltd.,50,439.0,21950.0,2025-08-07 14:24:02.327068
2025-08-07,24748,2025080703012229,SHINE,Midas Stock Broking Company Private Limited,Capital Max Securities Ltd,109,439.0,47851.0,2025-08-07 14:27:47.016810
2025-08-07,24747,2025080703012230,SHINE,ABC Securities Private Limited,Capital Max Securities Ltd,500,439.0,219500.0,2025-08-07 14:27:47.016988
2025-08-07,23958,2025080703012376,SHINE,Blue Chip Securities Ltd,Capital Max Securities Ltd,20,438.0,8760.0,2025-08-07 14:29:19.496758
2025-08-07,23957,2025080703012377,SHINE,Cristal Kanchanjanga Securites Pvt. Ltd.,Capital Max Securities Ltd,100,438.0,43800.0,2025-08-07 14:29:19.497074
2025-08-07,23956,2025080703012378,SHINE,Nagarik Stock Dealer ,Capital Max Securities Ltd,100,438.0,43800.0,2025-08-07 14:29:19.497272
2025-08-07,23955,2025080703012379,SHINE,Online Securities Pvt. Ltd.,Capital Max Securities Ltd,40,438.0,17520.0,2025-08-07 14:29:19.497443
2025-08-07,23258,2025080703012515,SHINE,Vision Securities Pvt. Ltd,Capital Max Securities Ltd,100,438.0,43800.0,2025-08-07 14:30:35.900618
2025-08-07,21256,2025080703012835,SHINE,S.P.S.A. Securities Limited,Trishakti Securities Public Limited,10,437.0,4370.0,2025-08-07 14:34:55.484259
2025-08-07,21255,2025080703012836,SHINE,Nagarik Stock Dealer ,Trishakti Securities Public Limited,90,437.0,39330.0,2025-08-07 14:34:55.484551
2025-08-07,20918,2025080703012932,SHINE,Deevyaa Securities & Stock House Pvt. Ltd,Capital Max Securities Ltd,400,437.0,174800.0,2025-08-07 14:35:39.297121
2025-08-07,18615,2025080703013371,SHINE,Opal Securities Investment (PVT) Ltd.,Sri Hari Securities Pvt. Ltd.,1,430.0,430.0,2025-08-07 14:40:05.854863
2025-08-07,17927,2025080703013506,SHINE,Midas Stock Broking Company Private Limited,Aryatara Investment & Securities,10,438.5,4385.0,2025-08-07 14:41:15.786519
2025-08-07,17012,2025080703013704,SHINE,Online Securities Pvt. Ltd.,Aryatara Investment & Securities,44,438.5,19294.0,2025-08-07 14:42:53.553784
2025-08-07,16116,2025080703014020,SHINE,ABC Securities Private Limited,Aryatara Investment & Securities,20,438.5,8770.0,2025-08-07 14:44:16.470873
2025-08-07,15757,2025080703014071,SHINE,ABC Securities Private Limited,Sharepro Securities Private Limited,15,438.5,6577.5,2025-08-07 14:44:48.863401
2025-08-07,15729,2025080703014072,SHINE,Sani Securities Company Ltd.,Sharepro Securities Private Limited,60,438.5,26310.0,2025-08-07 14:44:52.710216
2025-08-07,15283,2025080703014115,SHINE,Sewa Securities Pvt. Ltd.,Sharepro Securities Private Limited,300,438.5,131550.0,2025-08-07 14:45:29.416524
2025-08-07,14554,2025080703014358,SHINE,Kumari Securities Private Limited,Sharepro Securities Private Limited,110,438.5,48235.0,2025-08-07 14:46:41.017563
2025-08-07,14521,2025080703014364,SHINE,South Asian Bulls Pvt. Ltd.,Sharepro Securities Private Limited,30,438.5,13155.0,2025-08-07 14:46:44.148501
2025-08-07,14520,2025080703014365,SHINE,South Asian Bulls Pvt. Ltd.,Sani Securities Company Ltd.,14,438.5,6139.0,2025-08-07 14:46:44.148664
2025-08-07,14519,2025080703014366,SHINE,South Asian Bulls Pvt. Ltd.,Secured Securities Ltd.,226,438.5,99101.0,2025-08-07 14:46:44.148755
2025-08-07,14352,2025080703014409,SHINE,Sani Securities Company Ltd.,Secured Securities Ltd.,147,438.5,64459.5,2025-08-07 14:46:58.749944
2025-08-07,14351,2025080703014410,SHINE,Sani Securities Company Ltd.,Capital Max Securities Ltd,195,438.6,85527.0,2025-08-07 14:46:58.750302
2025-08-07,13405,2025080703014593,SHINE,Sundhara Securities Limited,Sani Securities Company Ltd.,50,437.2,21860.0,2025-08-07 14:48:32.972431
2025-08-07,13404,2025080703014594,SHINE,Naasa Securities Co. Ltd.,Sani Securities Company Ltd.,30,437.2,13116.0,2025-08-07 14:48:32.972600
2025-08-07,13403,2025080703014595,SHINE,Imperial Securities Company Pvt. Ltd.,Sani Securities Company Ltd.,45,437.1,19669.5,2025-08-07 14:48:32.972667
2025-08-07,13245,2025080703014630,SHINE,Nagarik Stock Dealer ,Sani Securities Company Ltd.,70,437.0,30590.0,2025-08-07 14:48:48.136586
2025-08-07,11862,2025080703014923,SHINE,Nagarik Stock Dealer ,Imperial Securities Company Pvt. Ltd.,73,436.5,31864.5,2025-08-07 14:50:35.418871
2025-08-07,11861,2025080703014924,SHINE,Siprabi Securities Pvt. Ltd.,Imperial Securities Company Pvt. Ltd.,157,436.5,68530.5,2025-08-07 14:50:35.419217
2025-08-07,11860,2025080703014925,SHINE,Blue Chip Securities Ltd,Imperial Securities Company Pvt. Ltd.,20,436.4,8728.0,2025-08-07 14:50:35.419420
2025-08-07,11859,2025080703014926,SHINE,Online Securities Pvt. Ltd.,Imperial Securities Company Pvt. Ltd.,227,436.4,99062.8,2025-08-07 14:50:35.419609
2025-08-07,11858,2025080703014927,SHINE,Blue Chip Securities Ltd,Imperial Securities Company Pvt. Ltd.,20,436.4,8728.0,2025-08-07 14:50:35.419817
2025-08-07,11704,2025080703014969,SHINE,Infinity Securities Limited,Imperial Securities Company Pvt. Ltd.,13,436.0,5668.0,2025-08-07 14:50:50.819545
2025-08-07,11588,2025080703014996,SHINE,Infinity Securities Limited,Asian Securities Private Ltd.,87,436.0,37932.0,2025-08-07 14:51:01.130903
2025-08-07,11587,2025080703014997,SHINE,Kumari Securities Private Limited,Asian Securities Private Ltd.,428,436.0,186608.0,2025-08-07 14:51:01.131062
2025-08-07,11532,2025080703015011,SHINE,Kumari Securities Private Limited,Capital Max Securities Ltd,12,436.0,5232.0,2025-08-07 14:51:05.750529
2025-08-07,11529,2025080703015012,SHINE,Kumari Securities Private Limited,Imperial Securities Company Pvt. Ltd.,490,436.0,213640.0,2025-08-07 14:51:06.192213
2025-08-07,11286,2025080703015037,SHINE,Midas Stock Broking Company Private Limited,Sani Securities Company Ltd.,10,437.0,4370.0,2025-08-07 14:51:21.591190
2025-08-07,10139,2025080703015290,SHINE,Kumari Securities Private Limited,K.B.L. Securities Limited ,45,436.0,19620.0,2025-08-07 14:52:41.390681
2025-08-07,9867,2025080703015344,SHINE,Secured Securities Ltd.,Secured Securities Ltd.,8,430.0,3440.0,2025-08-07 14:53:00.708767
2025-08-07,9653,2025080703015388,SHINE,Aakashbhairab Securities Ltd.,South Asian Bulls Pvt. Ltd.,100,436.1,43610.0,2025-08-07 14:53:14.713495
2025-08-07,9237,2025080703015471,SHINE,Aakashbhairab Securities Ltd.,Imperial Securities Company Pvt. Ltd.,200,436.1,87220.0,2025-08-07 14:53:41.763512
2025-08-07,8943,2025080703015555,SHINE,Kumari Securities Private Limited,Dakshinkali Investment & Securities Pvt. Ltd.,25,436.0,10900.0,2025-08-07 14:54:00.352425
2025-08-07,8942,2025080703015556,SHINE,Aryatara Investment & Securities,Dakshinkali Investment & Securities Pvt. Ltd.,375,436.0,163500.0,2025-08-07 14:54:00.352621
2025-08-07,8571,2025080703015643,SHINE,Aryatara Investment & Securities,Neev Securities Pvt. Ltd.,125,436.0,54500.0,2025-08-07 14:54:22.240948
2025-08-07,8570,2025080703015644,SHINE,Imperial Securities Company Pvt. Ltd.,Neev Securities Pvt. Ltd.,100,436.0,43600.0,2025-08-07 14:54:22.241160
2025-08-07,8569,2025080703015645,SHINE,Dipshikha Dhitopatra Karobar Co. Pvt Ltd.,Neev Securities Pvt. Ltd.,100,436.0,43600.0,2025-08-07 14:54:22.241236
2025-08-07,7538,2025080703015825,SHINE,Aryatara Investment & Securities,Neev Securities Pvt. Ltd.,125,436.0,54500.0,2025-08-07 14:55:21.285595
2025-08-07,7537,2025080703015826,SHINE,Aryatara Investment & Securities,Sani Securities Company Ltd.,318,436.0,138648.0,2025-08-07 14:55:21.285758
2025-08-07,7444,2025080703015848,SHINE,Imperial Securities Company Pvt. Ltd.,Sani Securities Company Ltd.,12,436.0,5232.0,2025-08-07 14:55:26.744069
2025-08-07,7443,2025080703015849,SHINE,Imperial Securities Company Pvt. Ltd.,Aryatara Investment & Securities,38,436.0,16568.0,2025-08-07 14:55:26.744294
2025-08-07,7428,2025080703015851,SHINE,Cristal Kanchanjanga Securites Pvt. Ltd.,Aryatara Investment & Securities,262,436.0,114232.0,2025-08-07 14:55:27.500612
2025-08-07,7427,2025080703015852,SHINE,Cristal Kanchanjanga Securites Pvt. Ltd.,Investment Management Nepal Pvt. Ltd.,238,436.0,103768.0,2025-08-07 14:55:27.500768
2025-08-07,7102,2025080703015942,SHINE,Cristal Kanchanjanga Securites Pvt. Ltd.,Investment Management Nepal Pvt. Ltd.,262,436.0,114232.0,2025-08-07 14:55:45.652648
2025-08-07,6805,2025080703015989,SHINE,Sani Securities Company Ltd.,Imperial Securities Company Pvt. Ltd.,30,436.1,13083.0,2025-08-07 14:56:00.272490
2025-08-07,6631,2025080703016003,SHINE,Dipshikha Dhitopatra Karobar Co. Pvt Ltd.,Imperial Securities Company Pvt. Ltd.,200,436.1,87220.0,2025-08-07 14:56:07.434620
2025-08-07,6430,2025080703016034,SHINE,Trisul Securities & Invt. Ltd.,Imperial Securities Company Pvt. Ltd.,215,436.1,93761.5,2025-08-07 14:56:16.561981
2025-08-07,5746,2025080703016156,SHINE,Trisul Securities & Invt. Ltd.,Primo Securities (PVT) Ltd.,85,436.1,37068.5,2025-08-07 14:56:53.991503
2025-08-07,5118,2025080703016266,SHINE,Cristal Kanchanjanga Securites Pvt. Ltd.,Primo Securities (PVT) Ltd.,201,436.0,87636.0,2025-08-07 14:57:23.285980
2025-08-07,4902,2025080703016311,SHINE,Cristal Kanchanjanga Securites Pvt. Ltd.,Trademow Securities Private Limited,160,436.0,69760.0,2025-08-07 14:57:32.835175
2025-08-07,3973,2025080703016447,SHINE,Sundhara Securities Limited,Imperial Securities Company Pvt. Ltd.,550,436.9,240295.0,2025-08-07 14:58:07.032174
2025-08-07,3972,2025080703016448,SHINE,Sundhara Securities Limited,Sani Securities Company Ltd.,295,437.0,128915.0,2025-08-07 14:58:07.032376
2025-08-07,2919,2025080703016707,SHINE,Aryatara Investment & Securities,Imperial Securities Company Pvt. Ltd.,50,437.1,21855.0,2025-08-07 14:58:44.417242
2025-08-07,2089,2025080703016895,SHINE,Malla & Malla Stock Broking Company Pvt. Limited,Investment Management Nepal Pvt. Ltd.,500,438.0,219000.0,2025-08-07 14:59:13.211017
2025-08-07,1622,2025080703016979,SHINE,Sundhara Securities Limited,Investment Management Nepal Pvt. Ltd.,364,438.0,159432.0,2025-08-07 14:59:24.876853
2025-08-07,1075,2025080703017124,SHINE,Sundhara Securities Limited,Agrawal Securities (PVT) Ltd.,101,438.0,44238.0,2025-08-07 14:59:36.856270
2025-08-07,124,2025080703017297,SHINE,Aryatara Investment & Securities,Aryatara Investment & Securities,15,439.0,6585.0,2025-08-07 14:59:57.525367
