Date,S.N.,Contract ID,Symbol,Buyer Broker,Seller Broker,quantity,rate,amount,transaction_time
2025-07-16,96251,2025071604000864,CHL,Pragyan Securities (PVT) Ltd.,Dipshikha Dhitopatra Karobar Co. Pvt Ltd.,50,328.0,16400.0,2025-07-16 11:10:54.878516
2025-07-16,96250,2025071604000865,CHL,Pragyan Securities (PVT) Ltd.,Himalayan Brokerage Company Limited,280,329.0,92120.0,2025-07-16 11:10:54.878641
2025-07-16,96249,2025071604000866,CHL,Pragyan Securities (PVT) Ltd.,Agrawal Securities (PVT) Ltd.,20,329.0,6580.0,2025-07-16 11:10:54.878684
2025-07-16,96040,2025071604000920,CHL,Pragyan Securities (PVT) Ltd.,Agrawal Securities (PVT) Ltd.,181,329.0,59549.0,2025-07-16 11:11:27.838017
2025-07-16,96039,2025071604000921,CHL,Pragyan Securities (PVT) Ltd.,Online Securities Pvt. Ltd.,200,329.0,65800.0,2025-07-16 11:11:27.838095
2025-07-16,93208,2025071604001655,CHL,Citizens Share Broker Limited,Vision Securities Pvt. Ltd,100,328.0,32800.0,2025-07-16 11:18:55.598629
2025-07-16,93207,2025071604001656,CHL,Citizens Share Broker Limited,Naasa Securities Co. Ltd.,50,328.9,16445.0,2025-07-16 11:18:55.598713
2025-07-16,92752,2025071604001775,CHL,Agrawal Securities (PVT) Ltd.,Trisul Securities & Invt. Ltd.,500,323.0,161500.0,2025-07-16 11:20:31.911430
2025-07-16,92751,2025071604001776,CHL,Agrawal Securities (PVT) Ltd.,Trisul Securities & Invt. Ltd.,100,322.5,32250.0,2025-07-16 11:20:31.911495
2025-07-16,92750,2025071604001777,CHL,Imperial Securities Company Pvt. Ltd.,Trisul Securities & Invt. Ltd.,50,322.5,16125.0,2025-07-16 11:20:31.911525
2025-07-16,88679,2025071604002866,CHL,Market Securities & Exchange (PVT) Ltd.,Kumari Securities Private Limited,50,323.0,16150.0,2025-07-16 11:31:04.455215
2025-07-16,86763,2025071604003263,CHL,Trishakti Securities Public Limited,Dipshikha Dhitopatra Karobar Co. Pvt Ltd.,20,325.0,6500.0,2025-07-16 11:35:54.602058
2025-07-16,86762,2025071604003264,CHL,Trishakti Securities Public Limited,Sani Securities Company Ltd.,50,325.0,16250.0,2025-07-16 11:35:54.602176
2025-07-16,86761,2025071604003265,CHL,Trishakti Securities Public Limited,Imperial Securities Company Pvt. Ltd.,200,325.0,65000.0,2025-07-16 11:35:54.602269
2025-07-16,83513,2025071604003914,CHL,Sri Hari Securities Pvt. Ltd.,Naasa Securities Co. Ltd.,30,325.0,9750.0,2025-07-16 11:42:52.527418
2025-07-16,80763,2025071604004492,CHL,Capital Max Securities Ltd,Naasa Securities Co. Ltd.,60,325.0,19500.0,2025-07-16 11:48:37.804978
2025-07-16,80762,2025071604004493,CHL,Capital Max Securities Ltd,Nepal Investment And Securities Trading Private Limited,30,326.0,9780.0,2025-07-16 11:48:37.805098
2025-07-16,80496,2025071604004560,CHL,Capital Max Securities Ltd,INDEX SECURITIES LIMITED,500,327.0,163500.0,2025-07-16 11:49:19.640880
2025-07-16,80060,2025071604004639,CHL,Capital Max Securities Ltd,ABC Securities Private Limited,10,327.0,3270.0,2025-07-16 11:50:27.751163
2025-07-16,80059,2025071604004640,CHL,Bhrikuti Stock Broking Co. Pvt. Ltd.,ABC Securities Private Limited,90,324.1,29169.0,2025-07-16 11:50:27.751235
2025-07-16,78852,2025071604004902,CHL,Imperial Securities Company Pvt. Ltd.,Agrawal Securities (PVT) Ltd.,1,317.7,317.7,2025-07-16 11:53:31.288847
2025-07-16,77325,2025071604005311,CHL,Trishakti Securities Public Limited,Swarna Laxmi Securities Pvt. Ltd.,230,325.1,74773.0,2025-07-16 11:57:36.812921
2025-07-16,77324,2025071604005312,CHL,Nepal Stock House (PVT) Ltd.,Swarna Laxmi Securities Pvt. Ltd.,300,325.0,97500.0,2025-07-16 11:57:36.812998
2025-07-16,77323,2025071604005313,CHL,Bhrikuti Stock Broking Co. Pvt. Ltd.,Swarna Laxmi Securities Pvt. Ltd.,210,324.1,68061.0,2025-07-16 11:57:36.813037
2025-07-16,77322,2025071604005314,CHL,Neev Securities Pvt. Ltd.,Swarna Laxmi Securities Pvt. Ltd.,200,324.0,64800.0,2025-07-16 11:57:36.813065
2025-07-16,77321,2025071604005315,CHL,J.F. Securites (PVT) Ltd.,Swarna Laxmi Securities Pvt. Ltd.,60,323.6,19416.0,2025-07-16 11:57:36.813092
2025-07-16,73644,2025071604006382,CHL,Naasa Securities Co. Ltd.,Naasa Securities Co. Ltd.,4790,327.9,1570641.0,2025-07-16 12:06:43.736432
2025-07-16,70989,2025071604007139,CHL,Trishakti Securities Public Limited,Neev Securities Pvt. Ltd.,200,325.0,65000.0,2025-07-16 12:14:36.245760
2025-07-16,70988,2025071604007140,CHL,Opal Securities Investment (PVT) Ltd.,Neev Securities Pvt. Ltd.,700,325.0,227500.0,2025-07-16 12:14:36.245912
2025-07-16,70987,2025071604007141,CHL,SUN SECURITIES PVT LTD,Neev Securities Pvt. Ltd.,100,324.6,32460.0,2025-07-16 12:14:36.245992
2025-07-16,70980,2025071604007142,CHL,Naasa Securities Co. Ltd.,Neev Securities Pvt. Ltd.,810,324.5,262845.0,2025-07-16 12:14:40.261727
2025-07-16,70979,2025071604007143,CHL,Dipshikha Dhitopatra Karobar Co. Pvt Ltd.,Neev Securities Pvt. Ltd.,100,324.0,32400.0,2025-07-16 12:14:40.261830
2025-07-16,70978,2025071604007144,CHL,Sharepro Securities Private Limited,Neev Securities Pvt. Ltd.,90,324.0,29160.0,2025-07-16 12:14:40.261993
2025-07-16,70396,2025071604007250,CHL,Opal Securities Investment (PVT) Ltd.,Neev Securities Pvt. Ltd.,10,324.0,3240.0,2025-07-16 12:16:40.826463
2025-07-16,70395,2025071604007251,CHL,Linch Stock Market Ltd.,Neev Securities Pvt. Ltd.,100,323.2,32320.0,2025-07-16 12:16:40.826540
2025-07-16,70394,2025071604007252,CHL,ABC Securities Private Limited,Neev Securities Pvt. Ltd.,100,323.2,32320.0,2025-07-16 12:16:40.826579
2025-07-16,70393,2025071604007253,CHL,Himalayan Brokerage Company Limited,Neev Securities Pvt. Ltd.,55,323.1,17770.5,2025-07-16 12:16:40.826616
2025-07-16,70392,2025071604007254,CHL,Market Securities & Exchange (PVT) Ltd.,Neev Securities Pvt. Ltd.,450,323.0,145350.0,2025-07-16 12:16:40.826649
2025-07-16,70391,2025071604007255,CHL,Magnet Securities and Investment Company Private Limited,Neev Securities Pvt. Ltd.,85,323.0,27455.0,2025-07-16 12:16:40.826688
2025-07-16,70266,2025071604007292,CHL,Magnet Securities and Investment Company Private Limited,Neev Securities Pvt. Ltd.,15,323.0,4845.0,2025-07-16 12:17:04.014140
2025-07-16,70265,2025071604007293,CHL,Sharepro Securities Private Limited,Neev Securities Pvt. Ltd.,300,323.0,96900.0,2025-07-16 12:17:04.014395
2025-07-16,70264,2025071604007294,CHL,Sani Securities Company Ltd.,Neev Securities Pvt. Ltd.,800,323.0,258400.0,2025-07-16 12:17:04.014542
2025-07-16,70263,2025071604007295,CHL,Vision Securities Pvt. Ltd,Neev Securities Pvt. Ltd.,400,323.0,129200.0,2025-07-16 12:17:04.014684
2025-07-16,70262,2025071604007296,CHL,Aryatara Investment & Securities,Neev Securities Pvt. Ltd.,100,322.5,32250.0,2025-07-16 12:17:04.014825
2025-07-16,70261,2025071604007297,CHL,Naasa Securities Co. Ltd.,Neev Securities Pvt. Ltd.,310,322.5,99975.0,2025-07-16 12:17:04.014959
2025-07-16,70260,2025071604007298,CHL,Aryatara Investment & Securities,Neev Securities Pvt. Ltd.,100,322.0,32200.0,2025-07-16 12:17:04.015090
2025-07-16,70259,2025071604007299,CHL,Shree Krishna Securities Ltd.,Neev Securities Pvt. Ltd.,475,322.0,152950.0,2025-07-16 12:17:04.015217
2025-07-16,69483,2025071604007457,CHL,Pragyan Securities (PVT) Ltd.,Naasa Securities Co. Ltd.,10,326.5,3265.0,2025-07-16 12:19:50.116900
2025-07-16,67257,2025071604007930,CHL,Dakshinkali Investment & Securities Pvt. Ltd.,Dipshikha Dhitopatra Karobar Co. Pvt Ltd.,10,326.4,3264.0,2025-07-16 12:27:10.785019
2025-07-16,64433,2025071604008446,CHL,Dynamic Money Managers Securities Pvt. Ltd.,Neev Securities Pvt. Ltd.,50,324.0,16200.0,2025-07-16 12:35:20.952470
2025-07-16,64432,2025071604008447,CHL,Trishakti Securities Public Limited,Neev Securities Pvt. Ltd.,300,322.2,96660.0,2025-07-16 12:35:20.952597
2025-07-16,64431,2025071604008448,CHL,Primo Securities (PVT) Ltd.,Neev Securities Pvt. Ltd.,200,322.1,64420.0,2025-07-16 12:35:20.952675
2025-07-16,64430,2025071604008449,CHL,J.F. Securites (PVT) Ltd.,Neev Securities Pvt. Ltd.,250,322.1,80525.0,2025-07-16 12:35:20.952749
2025-07-16,64429,2025071604008450,CHL,ABC Securities Private Limited,Neev Securities Pvt. Ltd.,40,322.1,12884.0,2025-07-16 12:35:20.952820
2025-07-16,64428,2025071604008451,CHL,Shree Krishna Securities Ltd.,Neev Securities Pvt. Ltd.,25,322.0,8050.0,2025-07-16 12:35:20.952896
2025-07-16,64427,2025071604008452,CHL,Nepal Stock House (PVT) Ltd.,Neev Securities Pvt. Ltd.,135,322.0,43470.0,2025-07-16 12:35:20.952974
2025-07-16,62648,2025071604008763,CHL,Nepal Stock House (PVT) Ltd.,Sundhara Securities Limited,40,322.0,12880.0,2025-07-16 12:40:11.796581
2025-07-16,62338,2025071604008835,CHL,Nepal Investment And Securities Trading Private Limited,Neev Securities Pvt. Ltd.,20,322.5,6450.0,2025-07-16 12:40:59.487090
2025-07-16,61356,2025071604009079,CHL,Aryatara Investment & Securities,Neev Securities Pvt. Ltd.,28,323.0,9044.0,2025-07-16 12:43:41.169573
2025-07-16,61057,2025071604009147,CHL,Naasa Securities Co. Ltd.,Vision Securities Pvt. Ltd,35,323.0,11305.0,2025-07-16 12:44:24.365508
2025-07-16,60627,2025071604009213,CHL,Premier Securities Company Ltd.,Neev Securities Pvt. Ltd.,30,322.2,9666.0,2025-07-16 12:45:44.537618
2025-07-16,60626,2025071604009214,CHL,Shree Krishna Securities Ltd.,Neev Securities Pvt. Ltd.,250,322.1,80525.0,2025-07-16 12:45:44.537807
2025-07-16,60625,2025071604009215,CHL,Nepal Stock House (PVT) Ltd.,Neev Securities Pvt. Ltd.,25,322.0,8050.0,2025-07-16 12:45:44.537860
2025-07-16,60624,2025071604009216,CHL,Sharepro Securities Private Limited,Neev Securities Pvt. Ltd.,100,322.0,32200.0,2025-07-16 12:45:44.537909
2025-07-16,60623,2025071604009217,CHL,Online Securities Pvt. Ltd.,Neev Securities Pvt. Ltd.,46,322.0,14812.0,2025-07-16 12:45:44.537957
2025-07-16,60622,2025071604009218,CHL,Aryatara Investment & Securities,Neev Securities Pvt. Ltd.,100,321.0,32100.0,2025-07-16 12:45:44.538005
2025-07-16,60621,2025071604009219,CHL,Property Wiard Limited,Neev Securities Pvt. Ltd.,100,321.0,32100.0,2025-07-16 12:45:44.538053
2025-07-16,60620,2025071604009220,CHL,Naasa Securities Co. Ltd.,Neev Securities Pvt. Ltd.,1500,321.0,481500.0,2025-07-16 12:45:44.538111
2025-07-16,59367,2025071604009650,CHL,Primo Securities (PVT) Ltd.,Neev Securities Pvt. Ltd.,200,320.5,64100.0,2025-07-16 12:49:09.743126
2025-07-16,59366,2025071604009651,CHL,Online Securities Pvt. Ltd.,Neev Securities Pvt. Ltd.,100,320.4,32040.0,2025-07-16 12:49:09.743180
2025-07-16,57256,2025071604010167,CHL,Naasa Securities Co. Ltd.,Vision Securities Pvt. Ltd,105,323.0,33915.0,2025-07-16 12:56:07.001418
2025-07-16,54261,2025071604011112,CHL,Oxford Securities Pvt. Ltd.,Neev Securities Pvt. Ltd.,20,321.0,6420.0,2025-07-16 13:04:56.838913
2025-07-16,54260,2025071604011113,CHL,Online Securities Pvt. Ltd.,Neev Securities Pvt. Ltd.,200,321.0,64200.0,2025-07-16 13:04:56.839078
2025-07-16,54259,2025071604011114,CHL,ABC Securities Private Limited,Neev Securities Pvt. Ltd.,81,321.0,26001.0,2025-07-16 13:04:56.839133
2025-07-16,54178,2025071604011149,CHL,ABC Securities Private Limited,INDEX SECURITIES LIMITED,419,321.0,134499.0,2025-07-16 13:05:11.967424
2025-07-16,54177,2025071604011150,CHL,Aryatara Investment & Securities,INDEX SECURITIES LIMITED,200,320.7,64140.0,2025-07-16 13:05:11.967528
2025-07-16,54176,2025071604011151,CHL,South Asian Bulls Pvt. Ltd.,INDEX SECURITIES LIMITED,81,320.6,25968.6,2025-07-16 13:05:11.967617
2025-07-16,54141,2025071604011161,CHL,South Asian Bulls Pvt. Ltd.,INDEX SECURITIES LIMITED,419,320.6,134331.4,2025-07-16 13:05:17.985412
2025-07-16,54140,2025071604011162,CHL,Dipshikha Dhitopatra Karobar Co. Pvt Ltd.,INDEX SECURITIES LIMITED,20,320.5,6410.0,2025-07-16 13:05:17.985494
2025-07-16,54139,2025071604011163,CHL,J.F. Securites (PVT) Ltd.,INDEX SECURITIES LIMITED,250,320.5,80125.0,2025-07-16 13:05:17.985522
2025-07-16,54138,2025071604011164,CHL,Dipshikha Dhitopatra Karobar Co. Pvt Ltd.,INDEX SECURITIES LIMITED,311,320.5,99675.5,2025-07-16 13:05:17.985546
2025-07-16,53569,2025071604011317,CHL,Naasa Securities Co. Ltd.,Naasa Securities Co. Ltd.,20,321.0,6420.0,2025-07-16 13:07:24.271540
2025-07-16,52388,2025071604011590,CHL,Siprabi Securities Pvt. Ltd.,Kalika Securities Pvt. Ltd.,10,322.0,3220.0,2025-07-16 13:10:51.612224
2025-07-16,52387,2025071604011591,CHL,Siprabi Securities Pvt. Ltd.,Naasa Securities Co. Ltd.,110,322.0,35420.0,2025-07-16 13:10:51.612521
2025-07-16,51638,2025071604011781,CHL,Sani Securities Company Ltd.,Dakshinkali Investment & Securities Pvt. Ltd.,50,322.0,16100.0,2025-07-16 13:12:32.529952
2025-07-16,51599,2025071604011803,CHL,Aryatara Investment & Securities,Dakshinkali Investment & Securities Pvt. Ltd.,30,322.0,9660.0,2025-07-16 13:12:40.782904
2025-07-16,50741,2025071604012079,CHL,Roadshow securities limited,Swarna Laxmi Securities Pvt. Ltd.,100,321.0,32100.0,2025-07-16 13:14:55.248256
2025-07-16,50740,2025071604012080,CHL,Malla & Malla Stock Broking Company Pvt. Limited,Swarna Laxmi Securities Pvt. Ltd.,150,320.9,48135.0,2025-07-16 13:14:55.248333
2025-07-16,50734,2025071604012084,CHL,Aryatara Investment & Securities,J.F. Securites (PVT) Ltd.,10,323.0,3230.0,2025-07-16 13:14:56.304500
2025-07-16,49168,2025071604012731,CHL,Siprabi Securities Pvt. Ltd.,Naasa Securities Co. Ltd.,56,322.0,18032.0,2025-07-16 13:19:00.365841
2025-07-16,48428,2025071604012990,CHL,Kohinoor Investment & Securities Pvt. Ltd.,Vision Securities Pvt. Ltd,100,322.0,32200.0,2025-07-16 13:21:12.335104
2025-07-16,44995,2025071604014098,CHL,Opal Securities Investment (PVT) Ltd.,Naasa Securities Co. Ltd.,110,322.2,35442.0,2025-07-16 13:31:35.884400
2025-07-16,42932,2025071604014619,CHL,Imperial Securities Company Pvt. Ltd.,Naasa Securities Co. Ltd.,200,322.9,64580.0,2025-07-16 13:37:10.880359
2025-07-16,42250,2025071604014792,CHL,Kohinoor Investment & Securities Pvt. Ltd.,Neev Securities Pvt. Ltd.,300,322.3,96690.0,2025-07-16 13:38:53.166108
2025-07-16,42249,2025071604014793,CHL,Kohinoor Investment & Securities Pvt. Ltd.,Neev Securities Pvt. Ltd.,1000,322.3,322300.0,2025-07-16 13:38:53.166165
2025-07-16,42248,2025071604014794,CHL,Opal Securities Investment (PVT) Ltd.,Neev Securities Pvt. Ltd.,325,322.2,104715.0,2025-07-16 13:38:53.166194
2025-07-16,42247,2025071604014795,CHL,INDEX SECURITIES LIMITED,Neev Securities Pvt. Ltd.,325,322.1,104682.5,2025-07-16 13:38:53.166222
2025-07-16,42205,2025071604014802,CHL,INDEX SECURITIES LIMITED,Neev Securities Pvt. Ltd.,275,322.1,88577.5,2025-07-16 13:39:03.231776
2025-07-16,42204,2025071604014803,CHL,Agrawal Securities (PVT) Ltd.,Neev Securities Pvt. Ltd.,50,322.0,16100.0,2025-07-16 13:39:03.231836
2025-07-16,42203,2025071604014804,CHL,Blue Chip Securities Ltd,Neev Securities Pvt. Ltd.,10,322.0,3220.0,2025-07-16 13:39:03.231869
2025-07-16,42202,2025071604014805,CHL,Dipshikha Dhitopatra Karobar Co. Pvt Ltd.,Neev Securities Pvt. Ltd.,15,322.0,4830.0,2025-07-16 13:39:03.231896
2025-07-16,42201,2025071604014806,CHL,Sweta Securities Private Limited,Neev Securities Pvt. Ltd.,200,321.9,64380.0,2025-07-16 13:39:03.231916
2025-07-16,42200,2025071604014807,CHL,Asian Securities Private Ltd.,Neev Securities Pvt. Ltd.,200,321.2,64240.0,2025-07-16 13:39:03.231950
2025-07-16,42199,2025071604014808,CHL,Kohinoor Investment & Securities Pvt. Ltd.,Neev Securities Pvt. Ltd.,1000,321.1,321100.0,2025-07-16 13:39:03.231997
2025-07-16,42198,2025071604014809,CHL,Aryatara Investment & Securities,Neev Securities Pvt. Ltd.,200,321.1,64220.0,2025-07-16 13:39:03.232023
2025-07-16,42197,2025071604014810,CHL,Kohinoor Investment & Securities Pvt. Ltd.,Neev Securities Pvt. Ltd.,550,321.1,176605.0,2025-07-16 13:39:03.232049
2025-07-16,42033,2025071604014855,CHL,Pragyan Securities (PVT) Ltd.,Agrawal Securities (PVT) Ltd.,10,322.9,3229.0,2025-07-16 13:39:28.764140
2025-07-16,41724,2025071604014912,CHL,Kohinoor Investment & Securities Pvt. Ltd.,Neev Securities Pvt. Ltd.,450,321.1,144495.0,2025-07-16 13:40:16.639637
2025-07-16,41723,2025071604014913,CHL,South Asian Bulls Pvt. Ltd.,Neev Securities Pvt. Ltd.,1000,321.0,321000.0,2025-07-16 13:40:16.639697
2025-07-16,41722,2025071604014914,CHL,Sumeru Securities Pvt. Ltd.,Neev Securities Pvt. Ltd.,170,320.8,54536.0,2025-07-16 13:40:16.639728
2025-07-16,41721,2025071604014915,CHL,Roadshow securities limited,Neev Securities Pvt. Ltd.,100,320.7,32070.0,2025-07-16 13:40:16.639753
2025-07-16,41720,2025071604014916,CHL,Dipshikha Dhitopatra Karobar Co. Pvt Ltd.,Neev Securities Pvt. Ltd.,460,320.7,147522.0,2025-07-16 13:40:16.639780
2025-07-16,41719,2025071604014917,CHL,Vision Securities Pvt. Ltd,Neev Securities Pvt. Ltd.,100,320.6,32060.0,2025-07-16 13:40:16.639806
2025-07-16,41718,2025071604014918,CHL,Dipshikha Dhitopatra Karobar Co. Pvt Ltd.,Neev Securities Pvt. Ltd.,189,320.5,60574.5,2025-07-16 13:40:16.639835
2025-07-16,41717,2025071604014919,CHL,Imperial Securities Company Pvt. Ltd.,Neev Securities Pvt. Ltd.,31,320.3,9929.3,2025-07-16 13:40:16.639861
2025-07-16,41330,2025071604015026,CHL,Dynamic Money Managers Securities Pvt. Ltd.,Neev Securities Pvt. Ltd.,197,321.0,63237.0,2025-07-16 13:41:28.043896
2025-07-16,41329,2025071604015027,CHL,Himalayan Securities Limited,Neev Securities Pvt. Ltd.,90,320.5,28845.0,2025-07-16 13:41:28.043960
2025-07-16,41328,2025071604015028,CHL,J.F. Securites (PVT) Ltd.,Neev Securities Pvt. Ltd.,200,320.5,64100.0,2025-07-16 13:41:28.043987
2025-07-16,41327,2025071604015029,CHL,Imperial Securities Company Pvt. Ltd.,Neev Securities Pvt. Ltd.,69,320.3,22100.7,2025-07-16 13:41:28.044013
2025-07-16,41326,2025071604015030,CHL,Vision Securities Pvt. Ltd,Neev Securities Pvt. Ltd.,200,320.2,64040.0,2025-07-16 13:41:28.044042
2025-07-16,41325,2025071604015031,CHL,Ashutosh Brokerage & Securities (PVT) Ltd.,Neev Securities Pvt. Ltd.,444,320.1,142124.4,2025-07-16 13:41:28.044067
2025-07-16,41261,2025071604015038,CHL,Dipshikha Dhitopatra Karobar Co. Pvt Ltd.,Neev Securities Pvt. Ltd.,10,320.2,3202.0,2025-07-16 13:41:39.152041
2025-07-16,41260,2025071604015039,CHL,Ashutosh Brokerage & Securities (PVT) Ltd.,Neev Securities Pvt. Ltd.,56,320.1,17925.6,2025-07-16 13:41:39.152142
2025-07-16,41259,2025071604015040,CHL,Naasa Securities Co. Ltd.,Neev Securities Pvt. Ltd.,1000,320.1,320100.0,2025-07-16 13:41:39.152231
2025-07-16,41258,2025071604015041,CHL,Primo Securities (PVT) Ltd.,Neev Securities Pvt. Ltd.,1000,320.0,320000.0,2025-07-16 13:41:39.152308
2025-07-16,41257,2025071604015042,CHL,Aryatara Investment & Securities,Neev Securities Pvt. Ltd.,100,320.0,32000.0,2025-07-16 13:41:39.152410
2025-07-16,41256,2025071604015043,CHL,Beni Securities Pvt.Ltd.,Neev Securities Pvt. Ltd.,10,320.0,3200.0,2025-07-16 13:41:39.152484
2025-07-16,41255,2025071604015044,CHL,Vision Securities Pvt. Ltd,Neev Securities Pvt. Ltd.,380,320.0,121600.0,2025-07-16 13:41:39.152558
2025-07-16,41254,2025071604015045,CHL,Naasa Securities Co. Ltd.,Neev Securities Pvt. Ltd.,40,320.0,12800.0,2025-07-16 13:41:39.152642
2025-07-16,41253,2025071604015046,CHL,Nabil Stock Dealer Ltd.,Neev Securities Pvt. Ltd.,20,320.0,6400.0,2025-07-16 13:41:39.152717
2025-07-16,41252,2025071604015047,CHL,Roadshow securities limited,Neev Securities Pvt. Ltd.,100,320.0,32000.0,2025-07-16 13:41:39.152798
2025-07-16,41251,2025071604015048,CHL,Naasa Securities Co. Ltd.,Neev Securities Pvt. Ltd.,540,320.0,172800.0,2025-07-16 13:41:39.152875
2025-07-16,41250,2025071604015049,CHL,Naasa Securities Co. Ltd.,Neev Securities Pvt. Ltd.,50,320.0,16000.0,2025-07-16 13:41:39.152929
2025-07-16,41249,2025071604015050,CHL,Nabil Stock Dealer Ltd.,Neev Securities Pvt. Ltd.,100,320.0,32000.0,2025-07-16 13:41:39.153001
2025-07-16,41248,2025071604015051,CHL,Primo Securities (PVT) Ltd.,Neev Securities Pvt. Ltd.,100,320.0,32000.0,2025-07-16 13:41:39.153074
2025-07-16,41247,2025071604015052,CHL,Naasa Securities Co. Ltd.,Neev Securities Pvt. Ltd.,500,320.0,160000.0,2025-07-16 13:41:39.153149
2025-07-16,41246,2025071604015053,CHL,Dipshikha Dhitopatra Karobar Co. Pvt Ltd.,Neev Securities Pvt. Ltd.,10,320.0,3200.0,2025-07-16 13:41:39.153208
2025-07-16,41245,2025071604015054,CHL,Naasa Securities Co. Ltd.,Neev Securities Pvt. Ltd.,20,320.0,6400.0,2025-07-16 13:41:39.153281
2025-07-16,41244,2025071604015055,CHL,Primo Securities (PVT) Ltd.,Neev Securities Pvt. Ltd.,964,319.5,307998.0,2025-07-16 13:41:39.153364
2025-07-16,39412,2025071604015578,CHL,Sri Hari Securities Pvt. Ltd.,Neev Securities Pvt. Ltd.,290,320.1,92829.0,2025-07-16 13:46:58.846172
2025-07-16,39411,2025071604015579,CHL,Sani Securities Company Ltd.,Neev Securities Pvt. Ltd.,77,320.0,24640.0,2025-07-16 13:46:58.846357
2025-07-16,39410,2025071604015580,CHL,Aryatara Investment & Securities,Neev Securities Pvt. Ltd.,999,320.0,319680.0,2025-07-16 13:46:58.846417
2025-07-16,39409,2025071604015581,CHL,Midas Stock Broking Company Private Limited,Neev Securities Pvt. Ltd.,10,320.0,3200.0,2025-07-16 13:46:58.846471
2025-07-16,39408,2025071604015582,CHL,Aryatara Investment & Securities,Neev Securities Pvt. Ltd.,1624,320.0,519680.0,2025-07-16 13:46:58.846520
2025-07-16,39121,2025071604015667,CHL,Aryatara Investment & Securities,Imperial Securities Company Pvt. Ltd.,50,320.0,16000.0,2025-07-16 13:47:31.871380
2025-07-16,39117,2025071604015668,CHL,Aryatara Investment & Securities,Sri Hari Securities Pvt. Ltd.,290,320.0,92800.0,2025-07-16 13:47:32.584210
2025-07-16,37928,2025071604016052,CHL,Midas Stock Broking Company Private Limited,Neev Securities Pvt. Ltd.,10,320.4,3204.0,2025-07-16 13:50:36.982388
2025-07-16,37927,2025071604016053,CHL,Shree Krishna Securities Ltd.,Neev Securities Pvt. Ltd.,250,320.3,80075.0,2025-07-16 13:50:36.982543
2025-07-16,37926,2025071604016054,CHL,Online Securities Pvt. Ltd.,Neev Securities Pvt. Ltd.,250,320.1,80025.0,2025-07-16 13:50:36.982597
2025-07-16,37925,2025071604016055,CHL,Aryatara Investment & Securities,Neev Securities Pvt. Ltd.,35,320.0,11200.0,2025-07-16 13:50:36.982669
2025-07-16,37924,2025071604016056,CHL,Secured Securities Ltd.,Neev Securities Pvt. Ltd.,100,320.0,32000.0,2025-07-16 13:50:36.982722
2025-07-16,37923,2025071604016057,CHL,Magnet Securities and Investment Company Private Limited,Neev Securities Pvt. Ltd.,55,320.0,17600.0,2025-07-16 13:50:36.982772
2025-07-16,37626,2025071604016138,CHL,Neev Securities Pvt. Ltd.,Neev Securities Pvt. Ltd.,50,320.5,16025.0,2025-07-16 13:51:24.273163
2025-07-16,37625,2025071604016139,CHL,Magnet Securities and Investment Company Private Limited,Neev Securities Pvt. Ltd.,45,320.0,14400.0,2025-07-16 13:51:24.273359
2025-07-16,37624,2025071604016140,CHL,Vision Securities Pvt. Ltd,Neev Securities Pvt. Ltd.,10,320.0,3200.0,2025-07-16 13:51:24.273478
2025-07-16,37623,2025071604016141,CHL,Capital Hub P. Ltd,Neev Securities Pvt. Ltd.,180,320.0,57600.0,2025-07-16 13:51:24.273588
2025-07-16,37622,2025071604016142,CHL,Dipshikha Dhitopatra Karobar Co. Pvt Ltd.,Neev Securities Pvt. Ltd.,10,319.6,3196.0,2025-07-16 13:51:24.273643
2025-07-16,37621,2025071604016143,CHL,J.F. Securites (PVT) Ltd.,Neev Securities Pvt. Ltd.,200,319.6,63920.0,2025-07-16 13:51:24.273696
2025-07-16,37620,2025071604016144,CHL,S.P.S.A. Securities Limited,Neev Securities Pvt. Ltd.,1000,319.6,319600.0,2025-07-16 13:51:24.273749
2025-07-16,37619,2025071604016145,CHL,Primo Securities (PVT) Ltd.,Neev Securities Pvt. Ltd.,36,319.5,11502.0,2025-07-16 13:51:24.273833
2025-07-16,37618,2025071604016146,CHL,S.P.S.A. Securities Limited,Neev Securities Pvt. Ltd.,500,319.5,159750.0,2025-07-16 13:51:24.273884
2025-07-16,37617,2025071604016147,CHL,Oxford Securities Pvt. Ltd.,Neev Securities Pvt. Ltd.,100,319.5,31950.0,2025-07-16 13:51:24.273934
2025-07-16,37616,2025071604016148,CHL,Vision Securities Pvt. Ltd,Neev Securities Pvt. Ltd.,100,319.2,31920.0,2025-07-16 13:51:24.273986
2025-07-16,37615,2025071604016149,CHL,Online Securities Pvt. Ltd.,Neev Securities Pvt. Ltd.,69,319.2,22024.8,2025-07-16 13:51:24.274054
2025-07-16,37556,2025071604016154,CHL,Online Securities Pvt. Ltd.,Neev Securities Pvt. Ltd.,250,319.2,79800.0,2025-07-16 13:51:36.345699
2025-07-16,37326,2025071604016220,CHL,Online Securities Pvt. Ltd.,Neev Securities Pvt. Ltd.,180,319.2,57456.0,2025-07-16 13:52:08.504702
2025-07-16,37193,2025071604016244,CHL,Hatemalo Financial Services Private Limited,Neev Securities Pvt. Ltd.,70,319.1,22337.0,2025-07-16 13:52:25.615925
2025-07-16,35932,2025071604016570,CHL,Premier Securities Company Ltd.,Citizens Share Broker Limited,18,320.0,5760.0,2025-07-16 13:55:36.464025
2025-07-16,35752,2025071604016629,CHL,Sani Securities Company Ltd.,Citizens Share Broker Limited,500,320.0,160000.0,2025-07-16 13:55:57.121031
2025-07-16,35512,2025071604016728,CHL,Nepal Investment And Securities Trading Private Limited,Citizens Share Broker Limited,482,320.0,154240.0,2025-07-16 13:56:25.038786
2025-07-16,35511,2025071604016729,CHL,Nepal Investment And Securities Trading Private Limited,Naasa Securities Co. Ltd.,10,320.0,3200.0,2025-07-16 13:56:25.039051
2025-07-16,35376,2025071604016760,CHL,Nepal Investment And Securities Trading Private Limited,Siprabi Securities Pvt. Ltd.,10,321.8,3218.0,2025-07-16 13:56:42.272874
2025-07-16,34951,2025071604016859,CHL,Premier Securities Company Ltd.,Online Securities Pvt. Ltd.,10,320.0,3200.0,2025-07-16 13:57:38.169379
2025-07-16,31940,2025071604017556,CHL,Global IME Securities Limited,Agrawal Securities (PVT) Ltd.,10,322.9,3229.0,2025-07-16 14:06:06.360594
2025-07-16,30200,2025071604017928,CHL,Malla & Malla Stock Broking Company Pvt. Limited,Dakshinkali Investment & Securities Pvt. Ltd.,200,321.5,64300.0,2025-07-16 14:11:36.308449
2025-07-16,29202,2025071604018192,CHL,Malla & Malla Stock Broking Company Pvt. Limited,South Asian Bulls Pvt. Ltd.,211,321.5,67836.5,2025-07-16 14:14:20.313817
2025-07-16,29201,2025071604018193,CHL,Online Securities Pvt. Ltd.,South Asian Bulls Pvt. Ltd.,42,320.1,13444.2,2025-07-16 14:14:20.313978
2025-07-16,29200,2025071604018194,CHL,Premier Securities Company Ltd.,South Asian Bulls Pvt. Ltd.,22,320.0,7040.0,2025-07-16 14:14:20.314034
2025-07-16,29199,2025071604018195,CHL,Nepal Stock House (PVT) Ltd.,South Asian Bulls Pvt. Ltd.,25,320.0,8000.0,2025-07-16 14:14:20.314105
2025-07-16,26499,2025071604019037,CHL,Sani Securities Company Ltd.,Agrawal Securities (PVT) Ltd.,10,322.9,3229.0,2025-07-16 14:22:12.193556
2025-07-16,26151,2025071604019163,CHL,Global IME Securities Limited,Agrawal Securities (PVT) Ltd.,40,322.9,12916.0,2025-07-16 14:23:03.612241
2025-07-16,25474,2025071604019342,CHL,Sani Securities Company Ltd.,Opal Securities Investment (PVT) Ltd.,10,322.0,3220.0,2025-07-16 14:24:38.791719
2025-07-16,24651,2025071604019580,CHL,Sani Securities Company Ltd.,J.F. Securites (PVT) Ltd.,10,321.5,3215.0,2025-07-16 14:26:49.464308
2025-07-16,24650,2025071604019581,CHL,Sani Securities Company Ltd.,J.F. Securites (PVT) Ltd.,10,321.0,3210.0,2025-07-16 14:26:49.464628
2025-07-16,24649,2025071604019582,CHL,Sani Securities Company Ltd.,J.F. Securites (PVT) Ltd.,10,320.5,3205.0,2025-07-16 14:26:49.464819
2025-07-16,24648,2025071604019583,CHL,Agrawal Securities (PVT) Ltd.,J.F. Securites (PVT) Ltd.,20,320.2,6404.0,2025-07-16 14:26:49.464989
2025-07-16,24647,2025071604019584,CHL,Sumeru Securities Pvt. Ltd.,J.F. Securites (PVT) Ltd.,100,320.1,32010.0,2025-07-16 14:26:49.465156
2025-07-16,24646,2025071604019585,CHL,Nepal Stock House (PVT) Ltd.,J.F. Securites (PVT) Ltd.,25,320.0,8000.0,2025-07-16 14:26:49.465335
2025-07-16,24645,2025071604019586,CHL,Sumeru Securities Pvt. Ltd.,J.F. Securites (PVT) Ltd.,50,320.0,16000.0,2025-07-16 14:26:49.465496
2025-07-16,24644,2025071604019587,CHL,J.F. Securites (PVT) Ltd.,J.F. Securites (PVT) Ltd.,40,320.0,12800.0,2025-07-16 14:26:49.465638
2025-07-16,24643,2025071604019588,CHL,Sani Securities Company Ltd.,J.F. Securites (PVT) Ltd.,10,320.0,3200.0,2025-07-16 14:26:49.465787
2025-07-16,24642,2025071604019589,CHL,Bhrikuti Stock Broking Co. Pvt. Ltd.,J.F. Securites (PVT) Ltd.,20,320.0,6400.0,2025-07-16 14:26:49.465937
2025-07-16,24641,2025071604019590,CHL,Online Securities Pvt. Ltd.,J.F. Securites (PVT) Ltd.,50,320.0,16000.0,2025-07-16 14:26:49.466087
2025-07-16,24640,2025071604019591,CHL,Naasa Securities Co. Ltd.,J.F. Securites (PVT) Ltd.,10,320.0,3200.0,2025-07-16 14:26:49.466229
2025-07-16,24639,2025071604019592,CHL,Market Securities & Exchange (PVT) Ltd.,J.F. Securites (PVT) Ltd.,50,320.0,16000.0,2025-07-16 14:26:49.466388
2025-07-16,24331,2025071604019687,CHL,Neev Securities Pvt. Ltd.,J.F. Securites (PVT) Ltd.,50,319.6,15980.0,2025-07-16 14:27:38.213306
2025-07-16,24330,2025071604019688,CHL,Neev Securities Pvt. Ltd.,J.F. Securites (PVT) Ltd.,50,319.5,15975.0,2025-07-16 14:27:38.213740
2025-07-16,24329,2025071604019689,CHL,Agrawal Securities (PVT) Ltd.,J.F. Securites (PVT) Ltd.,25,319.2,7980.0,2025-07-16 14:27:38.213990
2025-07-16,24328,2025071604019690,CHL,Nabil Stock Dealer Ltd.,J.F. Securites (PVT) Ltd.,100,319.2,31920.0,2025-07-16 14:27:38.214257
2025-07-16,24327,2025071604019691,CHL,Hatemalo Financial Services Private Limited,J.F. Securites (PVT) Ltd.,250,319.1,79775.0,2025-07-16 14:27:38.214520
2025-07-16,23301,2025071604020027,CHL,Dipshikha Dhitopatra Karobar Co. Pvt Ltd.,Sundhara Securities Limited,10,320.0,3200.0,2025-07-16 14:30:09.570259
2025-07-16,23239,2025071604020042,CHL,Sani Securities Company Ltd.,Sundhara Securities Limited,10,320.0,3200.0,2025-07-16 14:30:19.160520
2025-07-16,21914,2025071604020357,CHL,Sani Securities Company Ltd.,Bhrikuti Stock Broking Co. Pvt. Ltd.,608,320.0,194560.0,2025-07-16 14:33:18.309555
2025-07-16,21913,2025071604020358,CHL,Sumeru Securities Pvt. Ltd.,Bhrikuti Stock Broking Co. Pvt. Ltd.,309,320.0,98880.0,2025-07-16 14:33:18.309652
2025-07-16,21912,2025071604020359,CHL,Beni Securities Pvt.Ltd.,Bhrikuti Stock Broking Co. Pvt. Ltd.,20,320.0,6400.0,2025-07-16 14:33:18.309680
2025-07-16,21911,2025071604020360,CHL,Ashutosh Brokerage & Securities (PVT) Ltd.,Bhrikuti Stock Broking Co. Pvt. Ltd.,200,319.6,63920.0,2025-07-16 14:33:18.309710
2025-07-16,21910,2025071604020361,CHL,Sani Securities Company Ltd.,Bhrikuti Stock Broking Co. Pvt. Ltd.,200,319.5,63900.0,2025-07-16 14:33:18.309733
2025-07-16,21909,2025071604020362,CHL,Online Securities Pvt. Ltd.,Bhrikuti Stock Broking Co. Pvt. Ltd.,500,319.5,159750.0,2025-07-16 14:33:18.309759
2025-07-16,21908,2025071604020363,CHL,Himalayan Brokerage Company Limited,Bhrikuti Stock Broking Co. Pvt. Ltd.,31,319.3,9898.3,2025-07-16 14:33:18.309780
2025-07-16,21907,2025071604020364,CHL,S.P.S.A. Securities Limited,Bhrikuti Stock Broking Co. Pvt. Ltd.,500,319.2,159600.0,2025-07-16 14:33:18.309800
2025-07-16,21906,2025071604020365,CHL,Hatemalo Financial Services Private Limited,Bhrikuti Stock Broking Co. Pvt. Ltd.,180,319.1,57438.0,2025-07-16 14:33:18.309823
2025-07-16,21905,2025071604020366,CHL,Magnet Securities and Investment Company Private Limited,Bhrikuti Stock Broking Co. Pvt. Ltd.,299,319.0,95381.0,2025-07-16 14:33:18.309848
2025-07-16,21904,2025071604020367,CHL,Midas Stock Broking Company Private Limited,Bhrikuti Stock Broking Co. Pvt. Ltd.,20,319.0,6380.0,2025-07-16 14:33:18.309870
2025-07-16,21903,2025071604020368,CHL,Property Wiard Limited,Bhrikuti Stock Broking Co. Pvt. Ltd.,100,319.0,31900.0,2025-07-16 14:33:18.309912
2025-07-16,21902,2025071604020369,CHL,Secured Securities Ltd.,Bhrikuti Stock Broking Co. Pvt. Ltd.,23,319.0,7337.0,2025-07-16 14:33:18.309974
2025-07-16,18663,2025071604021277,CHL,Malla & Malla Stock Broking Company Pvt. Limited,Siprabi Securities Pvt. Ltd.,200,320.0,64000.0,2025-07-16 14:40:24.308797
2025-07-16,18662,2025071604021278,CHL,Ashutosh Brokerage & Securities (PVT) Ltd.,Siprabi Securities Pvt. Ltd.,100,319.2,31920.0,2025-07-16 14:40:24.309123
2025-07-16,18661,2025071604021279,CHL,Nepal Investment And Securities Trading Private Limited,Siprabi Securities Pvt. Ltd.,560,319.1,178696.0,2025-07-16 14:40:24.309338
2025-07-16,18660,2025071604021280,CHL,Secured Securities Ltd.,Siprabi Securities Pvt. Ltd.,140,319.0,44660.0,2025-07-16 14:40:24.309581
2025-07-16,18008,2025071604021449,CHL,Secured Securities Ltd.,Prabhu Stock Market Limited,105,319.0,33495.0,2025-07-16 14:41:45.316471
2025-07-16,18007,2025071604021450,CHL,Dipshikha Dhitopatra Karobar Co. Pvt Ltd.,Prabhu Stock Market Limited,10,319.0,3190.0,2025-07-16 14:41:45.316627
2025-07-16,17346,2025071604021675,CHL,APPLE SECURITIES PRIVATE LIMITED,ABC Securities Private Limited,600,321.0,192600.0,2025-07-16 14:42:57.063858
2025-07-16,14944,2025071604022230,CHL,Kalika Securities Pvt. Ltd.,ABC Securities Private Limited,30,320.0,9600.0,2025-07-16 14:45:53.320282
2025-07-16,14720,2025071604022298,CHL,Linch Stock Market Ltd.,ABC Securities Private Limited,10,319.4,3194.0,2025-07-16 14:46:02.646357
2025-07-16,14719,2025071604022299,CHL,Sani Securities Company Ltd.,ABC Securities Private Limited,100,319.0,31900.0,2025-07-16 14:46:02.646613
2025-07-16,14718,2025071604022300,CHL,Sundhara Securities Limited,ABC Securities Private Limited,135,319.0,43065.0,2025-07-16 14:46:02.646778
2025-07-16,11697,2025071604023078,CHL,Oxford Securities Pvt. Ltd.,Nepal Stock House (PVT) Ltd.,100,319.1,31910.0,2025-07-16 14:50:16.798679
2025-07-16,10452,2025071604023445,CHL,Imperial Securities Company Pvt. Ltd.,Nabil Stock Dealer Ltd.,600,319.1,191460.0,2025-07-16 14:51:49.955006
2025-07-16,10451,2025071604023446,CHL,Linch Stock Market Ltd.,Nabil Stock Dealer Ltd.,30,319.1,9573.0,2025-07-16 14:51:49.955155
2025-07-16,10450,2025071604023447,CHL,Sundhara Securities Limited,Nabil Stock Dealer Ltd.,370,319.0,118030.0,2025-07-16 14:51:49.955222
2025-07-16,8116,2025071604024209,CHL,Kohinoor Investment & Securities Pvt. Ltd.,Nagarik Stock Dealer ,730,319.1,232943.0,2025-07-16 14:54:20.024765
2025-07-16,8115,2025071604024210,CHL,Aryatara Investment & Securities,Nagarik Stock Dealer ,100,319.1,31910.0,2025-07-16 14:54:20.024847
2025-07-16,8114,2025071604024211,CHL,Sundhara Securities Limited,Nagarik Stock Dealer ,630,319.0,200970.0,2025-07-16 14:54:20.024872
2025-07-16,7610,2025071604024365,CHL,Nepal Stock House (PVT) Ltd.,South Asian Bulls Pvt. Ltd.,10,320.0,3200.0,2025-07-16 14:54:46.450807
2025-07-16,7609,2025071604024366,CHL,Nepal Stock House (PVT) Ltd.,Vision Securities Pvt. Ltd,165,320.0,52800.0,2025-07-16 14:54:46.451012
2025-07-16,7573,2025071604024370,CHL,Nepal Stock House (PVT) Ltd.,Sani Securities Company Ltd.,10,320.0,3200.0,2025-07-16 14:54:48.757484
2025-07-16,6095,2025071604024892,CHL,Nepal Stock House (PVT) Ltd.,Trishakti Securities Public Limited,300,320.0,96000.0,2025-07-16 14:56:19.255628
2025-07-16,3343,2025071604025757,CHL,Nepal Stock House (PVT) Ltd.,Ashutosh Brokerage & Securities (PVT) Ltd.,15,320.0,4800.0,2025-07-16 14:58:29.799244
2025-07-16,2718,2025071604025993,CHL,Linch Stock Market Ltd.,Investment Management Nepal Pvt. Ltd.,80,319.8,25584.0,2025-07-16 14:58:52.244908
2025-07-16,2717,2025071604025994,CHL,Investment Management Nepal Pvt. Ltd.,Investment Management Nepal Pvt. Ltd.,420,319.1,134022.0,2025-07-16 14:58:52.245045
2025-07-16,2683,2025071604026012,CHL,Investment Management Nepal Pvt. Ltd.,Vision Securities Pvt. Ltd,80,319.1,25528.0,2025-07-16 14:58:54.240746
2025-07-16,2682,2025071604026013,CHL,Sundhara Securities Limited,Vision Securities Pvt. Ltd,365,319.0,116435.0,2025-07-16 14:58:54.240966
2025-07-16,2681,2025071604026014,CHL,Dakshinkali Investment & Securities Pvt. Ltd.,Vision Securities Pvt. Ltd,1555,319.0,496045.0,2025-07-16 14:58:54.241037
2025-07-16,2602,2025071604026042,CHL,Dakshinkali Investment & Securities Pvt. Ltd.,Bhrikuti Stock Broking Co. Pvt. Ltd.,445,319.0,141955.0,2025-07-16 14:58:57.948683
2025-07-16,2601,2025071604026043,CHL,Naasa Securities Co. Ltd.,Bhrikuti Stock Broking Co. Pvt. Ltd.,500,319.0,159500.0,2025-07-16 14:58:57.948822
2025-07-16,2600,2025071604026044,CHL,Sundhara Securities Limited,Bhrikuti Stock Broking Co. Pvt. Ltd.,28,319.0,8932.0,2025-07-16 14:58:57.948882
2025-07-16,2599,2025071604026045,CHL,Sagarmatha Securities Private Limited,Bhrikuti Stock Broking Co. Pvt. Ltd.,27,319.0,8613.0,2025-07-16 14:58:57.948937
2025-07-16,2519,2025071604026072,CHL,Oxford Securities Pvt. Ltd.,Ashutosh Brokerage & Securities (PVT) Ltd.,60,320.0,19200.0,2025-07-16 14:58:59.839330
2025-07-16,2518,2025071604026073,CHL,Oxford Securities Pvt. Ltd.,Creative Securities Pvt Ltd,740,320.0,236800.0,2025-07-16 14:58:59.839523
2025-07-16,1034,2025071604026489,CHL,Sagarmatha Securities Private Limited,INDEX SECURITIES LIMITED,173,319.0,55187.0,2025-07-16 14:59:39.204731
2025-07-16,1033,2025071604026490,CHL,Miyo Securities Pvt Ltd,INDEX SECURITIES LIMITED,40,319.0,12760.0,2025-07-16 14:59:39.204852
2025-07-16,1032,2025071604026491,CHL,Midas Stock Broking Company Private Limited,INDEX SECURITIES LIMITED,200,319.0,63800.0,2025-07-16 14:59:39.204904
2025-07-16,1031,2025071604026492,CHL,Sweta Securities Private Limited,INDEX SECURITIES LIMITED,187,318.7,59596.9,2025-07-16 14:59:39.204955
2025-07-16,738,2025071604026556,CHL,Thrive Brokerage House Pvt. Ltd,Vision Securities Pvt. Ltd,800,319.0,255200.0,2025-07-16 14:59:45.379896
2025-07-16,168,2025071604026709,CHL,Sweta Securities Private Limited,Agrawal Securities (PVT) Ltd.,113,318.7,36013.1,2025-07-16 14:59:58.414916
2025-07-16,167,2025071604026710,CHL,Cristal Kanchanjanga Securites Pvt. Ltd.,Agrawal Securities (PVT) Ltd.,10,318.6,3186.0,2025-07-16 14:59:58.415039
2025-07-16,166,2025071604026711,CHL,Sweta Securities Private Limited,Agrawal Securities (PVT) Ltd.,157,318.2,49957.4,2025-07-16 14:59:58.415101
