Date,S.N.,Contract ID,Symbol,Buyer Broker,Seller Broker,quantity,rate,amount,transaction_time
2025-07-24,154245,2025072403000055,SFCL,Online Securities Pvt. Ltd.,Sundhara Securities Limited,50,510.0,25500.0,2025-07-24 11:00:55.674290
2025-07-24,152611,2025072403000289,SFCL,Aryatara Investment & Securities,Sundhara Securities Limited,200,511.0,102200.0,2025-07-24 11:04:09.038469
2025-07-24,152491,2025072403000311,SFCL,Aryatara Investment & Securities,Sundhara Securities Limited,50,511.0,25550.0,2025-07-24 11:04:23.101387
2025-07-24,151453,2025072403000515,SFCL,Naasa Securities Co. Ltd.,Shree Krishna Securities Ltd.,130,511.3,66469.0,2025-07-24 11:06:14.771772
2025-07-24,151452,2025072403000516,SFCL,Sagarmatha Securities Private Limited,Shree Krishna Securities Ltd.,170,511.3,86921.0,2025-07-24 11:06:14.771809
2025-07-24,151177,2025072403000560,SFCL,Sani Securities Company Ltd.,Sani Securities Company Ltd.,10,514.0,5140.0,2025-07-24 11:06:41.347491
2025-07-24,151000,2025072403000592,SFCL,Dakshinkali Investment & Securities Pvt. Ltd.,Sani Securities Company Ltd.,30,514.0,15420.0,2025-07-24 11:06:55.749039
2025-07-24,150928,2025072403000606,SFCL,Aryatara Investment & Securities,K.B.L. Securities Limited ,100,512.0,51200.0,2025-07-24 11:07:02.106235
2025-07-24,150927,2025072403000607,SFCL,Sagarmatha Securities Private Limited,K.B.L. Securities Limited ,330,511.3,168729.0,2025-07-24 11:07:02.106349
2025-07-24,150563,2025072403000697,SFCL,Aryatara Investment & Securities,Thrive Brokerage House Pvt. Ltd,50,511.0,25550.0,2025-07-24 11:07:34.938917
2025-07-24,150562,2025072403000698,SFCL,Sundhara Securities Limited,Thrive Brokerage House Pvt. Ltd,450,511.0,229950.0,2025-07-24 11:07:34.939012
2025-07-24,150113,2025072403000776,SFCL,Sundhara Securities Limited,Thrive Brokerage House Pvt. Ltd,50,511.0,25550.0,2025-07-24 11:08:20.369857
2025-07-24,149991,2025072403000808,SFCL,Cristal Kanchanjanga Securites Pvt. Ltd.,J.F. Securites (PVT) Ltd.,50,510.0,25500.0,2025-07-24 11:08:34.915411
2025-07-24,149821,2025072403000838,SFCL,Cristal Kanchanjanga Securites Pvt. Ltd.,Naasa Securities Co. Ltd.,150,510.0,76500.0,2025-07-24 11:08:53.103355
2025-07-24,149820,2025072403000839,SFCL,Cristal Kanchanjanga Securites Pvt. Ltd.,Naasa Securities Co. Ltd.,150,510.0,76500.0,2025-07-24 11:08:53.103437
2025-07-24,149790,2025072403000848,SFCL,South Asian Bulls Pvt. Ltd.,Trisul Securities & Invt. Ltd.,10,510.0,5100.0,2025-07-24 11:08:55.687564
2025-07-24,149789,2025072403000849,SFCL,Agrawal Securities (PVT) Ltd.,Trisul Securities & Invt. Ltd.,55,510.0,28050.0,2025-07-24 11:08:55.687657
2025-07-24,149788,2025072403000850,SFCL,Swarna Laxmi Securities Pvt. Ltd.,Trisul Securities & Invt. Ltd.,100,510.0,51000.0,2025-07-24 11:08:55.687704
2025-07-24,149387,2025072403000923,SFCL,Nepal Stock House (PVT) Ltd.,Trisul Securities & Invt. Ltd.,35,510.0,17850.0,2025-07-24 11:09:39.148240
2025-07-24,149178,2025072403000971,SFCL,Siprabi Securities Pvt. Ltd.,Kohinoor Investment & Securities Pvt. Ltd.,100,509.0,50900.0,2025-07-24 11:10:01.994701
2025-07-24,149141,2025072403000978,SFCL,Siprabi Securities Pvt. Ltd.,Sewa Securities Pvt. Ltd.,500,509.0,254500.0,2025-07-24 11:10:05.106249
2025-07-24,148906,2025072403001032,SFCL,Siprabi Securities Pvt. Ltd.,Kohinoor Investment & Securities Pvt. Ltd.,100,509.0,50900.0,2025-07-24 11:10:26.507006
2025-07-24,148873,2025072403001033,SFCL,Siprabi Securities Pvt. Ltd.,Imperial Securities Company Pvt. Ltd.,50,509.0,25450.0,2025-07-24 11:10:28.543884
2025-07-24,148511,2025072403001118,SFCL,Siprabi Securities Pvt. Ltd.,Imperial Securities Company Pvt. Ltd.,20,509.0,10180.0,2025-07-24 11:11:02.186183
2025-07-24,148411,2025072403001138,SFCL,Aakashbhairab Securities Ltd.,Kohinoor Investment & Securities Pvt. Ltd.,50,510.0,25500.0,2025-07-24 11:11:14.185903
2025-07-24,148410,2025072403001139,SFCL,Arun Securities (PVT) Ltd.,Thrive Brokerage House Pvt. Ltd,450,511.0,229950.0,2025-07-24 11:11:14.305682
2025-07-24,148409,2025072403001140,SFCL,Arun Securities (PVT) Ltd.,Naasa Securities Co. Ltd.,500,511.0,255500.0,2025-07-24 11:11:14.305869
2025-07-24,148408,2025072403001141,SFCL,Arun Securities (PVT) Ltd.,Online Securities Pvt. Ltd.,50,511.0,25550.0,2025-07-24 11:11:14.305999
2025-07-24,148047,2025072403001212,SFCL,Aakashbhairab Securities Ltd.,Linch Stock Market Ltd.,300,510.0,153000.0,2025-07-24 11:11:47.124088
2025-07-24,147611,2025072403001314,SFCL,Nepal Stock House (PVT) Ltd.,Online Securities Pvt. Ltd.,81,511.0,41391.0,2025-07-24 11:12:36.225374
2025-07-24,147610,2025072403001315,SFCL,Nepal Stock House (PVT) Ltd.,Thrive Brokerage House Pvt. Ltd,19,511.0,9709.0,2025-07-24 11:12:36.225483
2025-07-24,146404,2025072403001613,SFCL,Aakashbhairab Securities Ltd.,Market Securities & Exchange (PVT) Ltd.,200,510.0,102000.0,2025-07-24 11:14:35.732055
2025-07-24,146379,2025072403001618,SFCL,Aakashbhairab Securities Ltd.,Online Securities Pvt. Ltd.,100,510.0,51000.0,2025-07-24 11:14:37.845234
2025-07-24,146279,2025072403001632,SFCL,Arun Securities (PVT) Ltd.,Aryatara Investment & Securities,40,510.8,20432.0,2025-07-24 11:14:47.358770
2025-07-24,146278,2025072403001633,SFCL,Arun Securities (PVT) Ltd.,J.F. Securites (PVT) Ltd.,100,510.9,51090.0,2025-07-24 11:14:47.358900
2025-07-24,146277,2025072403001634,SFCL,Arun Securities (PVT) Ltd.,Thrive Brokerage House Pvt. Ltd,11,511.0,5621.0,2025-07-24 11:14:47.358964
2025-07-24,146276,2025072403001635,SFCL,Arun Securities (PVT) Ltd.,Sajilo Broker Limited,58,511.0,29638.0,2025-07-24 11:14:47.359010
2025-07-24,145319,2025072403001868,SFCL,Dipshikha Dhitopatra Karobar Co. Pvt Ltd.,Sajilo Broker Limited,270,511.0,137970.0,2025-07-24 11:16:11.628251
2025-07-24,145318,2025072403001869,SFCL,Dipshikha Dhitopatra Karobar Co. Pvt Ltd.,Online Securities Pvt. Ltd.,100,511.0,51100.0,2025-07-24 11:16:11.628464
2025-07-24,145288,2025072403001871,SFCL,Investment Management Nepal Pvt. Ltd.,K.B.L. Securities Limited ,200,511.3,102260.0,2025-07-24 11:16:13.509922
2025-07-24,143923,2025072403002137,SFCL,Dipshikha Dhitopatra Karobar Co. Pvt Ltd.,K.B.L. Securities Limited ,170,511.3,86921.0,2025-07-24 11:18:18.626315
2025-07-24,143878,2025072403002153,SFCL,Dipshikha Dhitopatra Karobar Co. Pvt Ltd.,Investment Management Nepal Pvt. Ltd.,330,512.0,168960.0,2025-07-24 11:18:24.207792
2025-07-24,143877,2025072403002154,SFCL,Dipshikha Dhitopatra Karobar Co. Pvt Ltd.,Investment Management Nepal Pvt. Ltd.,130,511.0,66430.0,2025-07-24 11:18:24.208073
2025-07-24,143876,2025072403002155,SFCL,Linch Stock Market Ltd.,Investment Management Nepal Pvt. Ltd.,29,511.0,14819.0,2025-07-24 11:18:24.208215
2025-07-24,143412,2025072403002274,SFCL,Investment Management Nepal Pvt. Ltd.,Investment Management Nepal Pvt. Ltd.,400,511.0,204400.0,2025-07-24 11:19:05.296522
2025-07-24,141186,2025072403002789,SFCL,Aakashbhairab Securities Ltd.,Bhrikuti Stock Broking Co. Pvt. Ltd.,1350,510.0,688500.0,2025-07-24 11:22:32.093762
2025-07-24,141185,2025072403002790,SFCL,Naasa Securities Co. Ltd.,Bhrikuti Stock Broking Co. Pvt. Ltd.,40,510.0,20400.0,2025-07-24 11:22:32.093888
2025-07-24,141184,2025072403002791,SFCL,South Asian Bulls Pvt. Ltd.,Bhrikuti Stock Broking Co. Pvt. Ltd.,10,510.0,5100.0,2025-07-24 11:22:32.093948
2025-07-24,141183,2025072403002792,SFCL,Naasa Securities Co. Ltd.,Bhrikuti Stock Broking Co. Pvt. Ltd.,50,510.0,25500.0,2025-07-24 11:22:32.093999
2025-07-24,141182,2025072403002793,SFCL,Primo Securities (PVT) Ltd.,Bhrikuti Stock Broking Co. Pvt. Ltd.,500,510.0,255000.0,2025-07-24 11:22:32.094057
2025-07-24,141181,2025072403002794,SFCL,Thrive Brokerage House Pvt. Ltd,Bhrikuti Stock Broking Co. Pvt. Ltd.,85,510.0,43350.0,2025-07-24 11:22:32.094104
2025-07-24,140594,2025072403002899,SFCL,Thrive Brokerage House Pvt. Ltd,ABC Securities Private Limited,35,510.0,17850.0,2025-07-24 11:23:23.446500
2025-07-24,140593,2025072403002900,SFCL,Siprabi Securities Pvt. Ltd.,ABC Securities Private Limited,30,510.0,15300.0,2025-07-24 11:23:23.446626
2025-07-24,140592,2025072403002901,SFCL,Midas Stock Broking Company Private Limited,ABC Securities Private Limited,10,510.0,5100.0,2025-07-24 11:23:23.446676
2025-07-24,140591,2025072403002902,SFCL,Siprabi Securities Pvt. Ltd.,ABC Securities Private Limited,10,510.0,5100.0,2025-07-24 11:23:23.446806
2025-07-24,140589,2025072403002903,SFCL,Capital Max Securities Ltd,ABC Securities Private Limited,10,510.0,5100.0,2025-07-24 11:23:23.542862
2025-07-24,138725,2025072403003394,SFCL,ABC Securities Private Limited,Bhrikuti Stock Broking Co. Pvt. Ltd.,50,510.0,25500.0,2025-07-24 11:26:12.154863
2025-07-24,138724,2025072403003395,SFCL,Thrive Brokerage House Pvt. Ltd,Bhrikuti Stock Broking Co. Pvt. Ltd.,50,510.0,25500.0,2025-07-24 11:26:12.155004
2025-07-24,137975,2025072403003540,SFCL,Investment Management Nepal Pvt. Ltd.,Investment Management Nepal Pvt. Ltd.,100,510.0,51000.0,2025-07-24 11:27:17.230688
2025-07-24,137744,2025072403003581,SFCL,Siprabi Securities Pvt. Ltd.,Bhrikuti Stock Broking Co. Pvt. Ltd.,230,509.0,117070.0,2025-07-24 11:27:31.977575
2025-07-24,137743,2025072403003582,SFCL,Thrive Brokerage House Pvt. Ltd,Bhrikuti Stock Broking Co. Pvt. Ltd.,50,509.0,25450.0,2025-07-24 11:27:31.977702
2025-07-24,137742,2025072403003583,SFCL,Thrive Brokerage House Pvt. Ltd,Bhrikuti Stock Broking Co. Pvt. Ltd.,100,509.0,50900.0,2025-07-24 11:27:31.977756
2025-07-24,136332,2025072403003861,SFCL,Naasa Securities Co. Ltd.,Investment Management Nepal Pvt. Ltd.,50,508.0,25400.0,2025-07-24 11:29:20.311874
2025-07-24,136058,2025072403003914,SFCL,Trishakti Securities Public Limited,Investment Management Nepal Pvt. Ltd.,11,510.0,5610.0,2025-07-24 11:29:37.657800
2025-07-24,136057,2025072403003915,SFCL,Trishakti Securities Public Limited,South Asian Bulls Pvt. Ltd.,30,510.9,15327.0,2025-07-24 11:29:37.657920
2025-07-24,135791,2025072403003967,SFCL,Trishakti Securities Public Limited,Naasa Securities Co. Ltd.,10,511.0,5110.0,2025-07-24 11:30:02.673064
2025-07-24,134811,2025072403004070,SFCL,Secured Securities Ltd.,Bhrikuti Stock Broking Co. Pvt. Ltd.,200,510.9,102180.0,2025-07-24 11:31:19.663382
2025-07-24,134348,2025072403004148,SFCL,Naasa Securities Co. Ltd.,Bhrikuti Stock Broking Co. Pvt. Ltd.,100,510.0,51000.0,2025-07-24 11:31:52.864517
2025-07-24,134019,2025072403004198,SFCL,Midas Stock Broking Company Private Limited,Global IME Securities Limited,2,502.0,1004.0,2025-07-24 11:32:21.293454
2025-07-24,131079,2025072403004727,SFCL,Trishakti Securities Public Limited,Naasa Securities Co. Ltd.,10,510.8,5108.0,2025-07-24 11:36:31.417586
2025-07-24,130759,2025072403004766,SFCL,Trishakti Securities Public Limited,Sumeru Securities Pvt. Ltd.,20,510.0,10200.0,2025-07-24 11:37:02.179647
2025-07-24,130580,2025072403004801,SFCL,Aakashbhairab Securities Ltd.,Sumeru Securities Pvt. Ltd.,480,510.0,244800.0,2025-07-24 11:37:13.882416
2025-07-24,130579,2025072403004802,SFCL,Aakashbhairab Securities Ltd.,Naasa Securities Co. Ltd.,490,511.0,250390.0,2025-07-24 11:37:13.882550
2025-07-24,130578,2025072403004803,SFCL,Aakashbhairab Securities Ltd.,Blue Chip Securities Ltd,1030,511.0,526330.0,2025-07-24 11:37:13.882615
2025-07-24,130369,2025072403004856,SFCL,Online Securities Pvt. Ltd.,Blue Chip Securities Ltd,50,511.0,25550.0,2025-07-24 11:37:30.940162
2025-07-24,128833,2025072403005054,SFCL,Online Securities Pvt. Ltd.,Blue Chip Securities Ltd,20,511.0,10220.0,2025-07-24 11:39:23.345255
2025-07-24,128832,2025072403005055,SFCL,Online Securities Pvt. Ltd.,Online Securities Pvt. Ltd.,30,511.0,15330.0,2025-07-24 11:39:23.345399
2025-07-24,128813,2025072403005060,SFCL,Investment Management Nepal Pvt. Ltd.,Online Securities Pvt. Ltd.,20,511.0,10220.0,2025-07-24 11:39:24.049410
2025-07-24,128438,2025072403005136,SFCL,Creative Securities Pvt Ltd,Nepal Stock House (PVT) Ltd.,50,510.0,25500.0,2025-07-24 11:39:56.770181
2025-07-24,128437,2025072403005137,SFCL,South Asian Bulls Pvt. Ltd.,Nepal Stock House (PVT) Ltd.,50,510.0,25500.0,2025-07-24 11:39:56.770340
2025-07-24,128436,2025072403005138,SFCL,Aryatara Investment & Securities,Nepal Stock House (PVT) Ltd.,100,510.0,51000.0,2025-07-24 11:39:56.770399
2025-07-24,128435,2025072403005139,SFCL,Trishakti Securities Public Limited,Nepal Stock House (PVT) Ltd.,20,509.1,10182.0,2025-07-24 11:39:56.770466
2025-07-24,128434,2025072403005140,SFCL,Thrive Brokerage House Pvt. Ltd,Nepal Stock House (PVT) Ltd.,50,509.0,25450.0,2025-07-24 11:39:56.770529
2025-07-24,128433,2025072403005141,SFCL,Aryatara Investment & Securities,Nepal Stock House (PVT) Ltd.,900,509.0,458100.0,2025-07-24 11:39:56.770588
2025-07-24,128432,2025072403005142,SFCL,Aryatara Investment & Securities,Nepal Stock House (PVT) Ltd.,900,509.0,458100.0,2025-07-24 11:39:56.770643
2025-07-24,128431,2025072403005143,SFCL,Kohinoor Investment & Securities Pvt. Ltd.,Nepal Stock House (PVT) Ltd.,10,509.0,5090.0,2025-07-24 11:39:56.770698
2025-07-24,128430,2025072403005144,SFCL,Aryatara Investment & Securities,Nepal Stock House (PVT) Ltd.,900,509.0,458100.0,2025-07-24 11:39:56.770752
2025-07-24,128429,2025072403005145,SFCL,Aryatara Investment & Securities,Nepal Stock House (PVT) Ltd.,20,509.0,10180.0,2025-07-24 11:39:56.770808
2025-07-24,127858,2025072403005241,SFCL,Aryatara Investment & Securities,Sewa Securities Pvt. Ltd.,100,509.0,50900.0,2025-07-24 11:40:49.631115
2025-07-24,127418,2025072403005316,SFCL,Aryatara Investment & Securities,Arun Securities (PVT) Ltd.,380,509.0,193420.0,2025-07-24 11:41:23.604892
2025-07-24,127417,2025072403005317,SFCL,South Asian Bulls Pvt. Ltd.,Arun Securities (PVT) Ltd.,10,509.0,5090.0,2025-07-24 11:41:23.605063
2025-07-24,127416,2025072403005318,SFCL,Aryatara Investment & Securities,Arun Securities (PVT) Ltd.,100,509.0,50900.0,2025-07-24 11:41:23.605126
2025-07-24,127415,2025072403005319,SFCL,Creative Securities Pvt Ltd,Arun Securities (PVT) Ltd.,10,509.0,5090.0,2025-07-24 11:41:23.605185
2025-07-24,127247,2025072403005364,SFCL,Creative Securities Pvt Ltd,Vision Securities Pvt. Ltd,40,509.0,20360.0,2025-07-24 11:41:39.699198
2025-07-24,127006,2025072403005416,SFCL,Linch Stock Market Ltd.,Midas Stock Broking Company Private Limited,110,508.3,55913.0,2025-07-24 11:42:00.080058
2025-07-24,127005,2025072403005417,SFCL,Online Securities Pvt. Ltd.,Midas Stock Broking Company Private Limited,100,508.3,50830.0,2025-07-24 11:42:00.080189
2025-07-24,127004,2025072403005418,SFCL,Premier Securities Company Ltd.,Midas Stock Broking Company Private Limited,200,508.2,101640.0,2025-07-24 11:42:00.080267
2025-07-24,127003,2025072403005419,SFCL,J.F. Securites (PVT) Ltd.,Midas Stock Broking Company Private Limited,100,508.1,50810.0,2025-07-24 11:42:00.080326
2025-07-24,127002,2025072403005420,SFCL,Thrive Brokerage House Pvt. Ltd,Midas Stock Broking Company Private Limited,100,508.1,50810.0,2025-07-24 11:42:00.080383
2025-07-24,127001,2025072403005421,SFCL,Naasa Securities Co. Ltd.,Midas Stock Broking Company Private Limited,350,508.0,177800.0,2025-07-24 11:42:00.080438
2025-07-24,127000,2025072403005422,SFCL,Sundhara Securities Limited,Midas Stock Broking Company Private Limited,200,508.0,101600.0,2025-07-24 11:42:00.080494
2025-07-24,126999,2025072403005423,SFCL,Capital Max Securities Ltd,Midas Stock Broking Company Private Limited,40,508.0,20320.0,2025-07-24 11:42:00.080547
2025-07-24,125310,2025072403005753,SFCL,Capital Max Securities Ltd,Naasa Securities Co. Ltd.,140,508.0,71120.0,2025-07-24 11:44:46.004562
2025-07-24,125309,2025072403005754,SFCL,South Asian Bulls Pvt. Ltd.,Naasa Securities Co. Ltd.,20,508.0,10160.0,2025-07-24 11:44:46.004703
2025-07-24,125308,2025072403005755,SFCL,Asian Securities Private Ltd.,Naasa Securities Co. Ltd.,100,508.0,50800.0,2025-07-24 11:44:46.004765
2025-07-24,125307,2025072403005756,SFCL,Linch Stock Market Ltd.,Naasa Securities Co. Ltd.,110,507.9,55869.0,2025-07-24 11:44:46.004825
2025-07-24,125306,2025072403005757,SFCL,Midas Stock Broking Company Private Limited,Naasa Securities Co. Ltd.,100,507.0,50700.0,2025-07-24 11:44:46.004881
2025-07-24,125305,2025072403005758,SFCL,Sundhara Securities Limited,Naasa Securities Co. Ltd.,40,507.0,20280.0,2025-07-24 11:44:46.004938
2025-07-24,124657,2025072403005904,SFCL,SUN SECURITIES PVT LTD,Vision Securities Pvt. Ltd,100,509.0,50900.0,2025-07-24 11:45:41.444821
2025-07-24,123543,2025072403006107,SFCL,Sundhara Securities Limited,Imperial Securities Company Pvt. Ltd.,155,507.0,78585.0,2025-07-24 11:47:26.736677
2025-07-24,123542,2025072403006108,SFCL,Nepal Stock House (PVT) Ltd.,Imperial Securities Company Pvt. Ltd.,50,506.2,25310.0,2025-07-24 11:47:26.736736
2025-07-24,123541,2025072403006109,SFCL,ABC Securities Private Limited,Imperial Securities Company Pvt. Ltd.,20,506.1,10122.0,2025-07-24 11:47:26.736774
2025-07-24,123540,2025072403006110,SFCL,Siprabi Securities Pvt. Ltd.,Imperial Securities Company Pvt. Ltd.,1000,506.0,506000.0,2025-07-24 11:47:26.736813
2025-07-24,123539,2025072403006111,SFCL,South Asian Bulls Pvt. Ltd.,Imperial Securities Company Pvt. Ltd.,10,506.0,5060.0,2025-07-24 11:47:26.736838
2025-07-24,123538,2025072403006112,SFCL,Sundhara Securities Limited,Imperial Securities Company Pvt. Ltd.,200,506.0,101200.0,2025-07-24 11:47:26.736861
2025-07-24,123537,2025072403006113,SFCL,South Asian Bulls Pvt. Ltd.,Imperial Securities Company Pvt. Ltd.,10,506.0,5060.0,2025-07-24 11:47:26.736886
2025-07-24,123536,2025072403006114,SFCL,Naasa Securities Co. Ltd.,Imperial Securities Company Pvt. Ltd.,555,506.0,280830.0,2025-07-24 11:47:26.736913
2025-07-24,123015,2025072403006229,SFCL,Naasa Securities Co. Ltd.,ABC Securities Private Limited,200,506.0,101200.0,2025-07-24 11:48:21.135356
2025-07-24,122578,2025072403006320,SFCL,Naasa Securities Co. Ltd.,Bhrikuti Stock Broking Co. Pvt. Ltd.,225,506.0,113850.0,2025-07-24 11:49:08.237259
2025-07-24,122577,2025072403006321,SFCL,Dipshikha Dhitopatra Karobar Co. Pvt Ltd.,Bhrikuti Stock Broking Co. Pvt. Ltd.,10,506.0,5060.0,2025-07-24 11:49:08.237562
2025-07-24,122576,2025072403006322,SFCL,Machhapuchchhre Securities Limited,Bhrikuti Stock Broking Co. Pvt. Ltd.,100,506.0,50600.0,2025-07-24 11:49:08.237823
2025-07-24,122575,2025072403006323,SFCL,Imperial Securities Company Pvt. Ltd.,Bhrikuti Stock Broking Co. Pvt. Ltd.,65,506.0,32890.0,2025-07-24 11:49:08.238116
2025-07-24,122449,2025072403006349,SFCL,Imperial Securities Company Pvt. Ltd.,Vision Securities Pvt. Ltd,35,506.0,17710.0,2025-07-24 11:49:21.988425
2025-07-24,122270,2025072403006387,SFCL,Premier Securities Company Ltd.,Vision Securities Pvt. Ltd,20,506.0,10120.0,2025-07-24 11:49:42.887096
2025-07-24,122184,2025072403006413,SFCL,ABC Securities Private Limited,Arun Securities (PVT) Ltd.,20,505.6,10112.0,2025-07-24 11:49:50.313738
2025-07-24,122183,2025072403006414,SFCL,Oxford Securities Pvt. Ltd.,Arun Securities (PVT) Ltd.,10,505.6,5056.0,2025-07-24 11:49:50.313891
2025-07-24,122182,2025072403006415,SFCL,J.F. Securites (PVT) Ltd.,Arun Securities (PVT) Ltd.,50,505.6,25280.0,2025-07-24 11:49:50.313947
2025-07-24,122157,2025072403006427,SFCL,J.F. Securites (PVT) Ltd.,Secured Securities Ltd.,50,505.6,25280.0,2025-07-24 11:49:53.026142
2025-07-24,122038,2025072403006457,SFCL,Agrawal Securities (PVT) Ltd.,SHUBHAKAMANA SECURITIES PVT. LTD,222,505.5,112221.0,2025-07-24 11:50:11.067669
2025-07-24,122037,2025072403006458,SFCL,Online Securities Pvt. Ltd.,SHUBHAKAMANA SECURITIES PVT. LTD,28,505.0,14140.0,2025-07-24 11:50:11.067726
2025-07-24,122036,2025072403006459,SFCL,Oxford Securities Pvt. Ltd.,SHUBHAKAMANA SECURITIES PVT. LTD,100,505.0,50500.0,2025-07-24 11:50:11.067750
2025-07-24,122035,2025072403006460,SFCL,K.B.L. Securities Limited ,SHUBHAKAMANA SECURITIES PVT. LTD,39,505.0,19695.0,2025-07-24 11:50:11.067769
2025-07-24,122034,2025072403006461,SFCL,Naasa Securities Co. Ltd.,SHUBHAKAMANA SECURITIES PVT. LTD,50,505.0,25250.0,2025-07-24 11:50:11.067791
2025-07-24,122033,2025072403006462,SFCL,Dipshikha Dhitopatra Karobar Co. Pvt Ltd.,SHUBHAKAMANA SECURITIES PVT. LTD,61,505.0,30805.0,2025-07-24 11:50:11.067837
2025-07-24,121967,2025072403006485,SFCL,Dipshikha Dhitopatra Karobar Co. Pvt Ltd.,SHUBHAKAMANA SECURITIES PVT. LTD,39,505.0,19695.0,2025-07-24 11:50:18.158357
2025-07-24,121966,2025072403006486,SFCL,Online Securities Pvt. Ltd.,SHUBHAKAMANA SECURITIES PVT. LTD,25,505.0,12625.0,2025-07-24 11:50:18.158415
2025-07-24,121965,2025072403006487,SFCL,Agrawal Securities (PVT) Ltd.,SHUBHAKAMANA SECURITIES PVT. LTD,50,505.0,25250.0,2025-07-24 11:50:18.158442
2025-07-24,121964,2025072403006488,SFCL,Thrive Brokerage House Pvt. Ltd,SHUBHAKAMANA SECURITIES PVT. LTD,50,505.0,25250.0,2025-07-24 11:50:18.158462
2025-07-24,121963,2025072403006489,SFCL,Imperial Securities Company Pvt. Ltd.,SHUBHAKAMANA SECURITIES PVT. LTD,300,505.0,151500.0,2025-07-24 11:50:18.158483
2025-07-24,121962,2025072403006490,SFCL,Kohinoor Investment & Securities Pvt. Ltd.,SHUBHAKAMANA SECURITIES PVT. LTD,36,503.2,18115.2,2025-07-24 11:50:18.158506
2025-07-24,121854,2025072403006522,SFCL,South Asian Bulls Pvt. Ltd.,Secured Securities Ltd.,20,505.6,10112.0,2025-07-24 11:50:28.405900
2025-07-24,121554,2025072403006561,SFCL,Kohinoor Investment & Securities Pvt. Ltd.,Aryatara Investment & Securities,14,503.2,7044.8,2025-07-24 11:51:03.559791
2025-07-24,121553,2025072403006562,SFCL,Nepal Stock House (PVT) Ltd.,Aryatara Investment & Securities,50,503.1,25155.0,2025-07-24 11:51:03.560072
2025-07-24,121552,2025072403006563,SFCL,Bhrikuti Stock Broking Co. Pvt. Ltd.,Aryatara Investment & Securities,50,503.0,25150.0,2025-07-24 11:51:03.560248
2025-07-24,121551,2025072403006564,SFCL,South Asian Bulls Pvt. Ltd.,Aryatara Investment & Securities,10,503.0,5030.0,2025-07-24 11:51:03.560416
2025-07-24,121550,2025072403006565,SFCL,ABC Securities Private Limited,Aryatara Investment & Securities,20,502.4,10048.0,2025-07-24 11:51:03.560584
2025-07-24,121549,2025072403006566,SFCL,Primo Securities (PVT) Ltd.,Aryatara Investment & Securities,478,502.3,240099.4,2025-07-24 11:51:03.560750
2025-07-24,121330,2025072403006608,SFCL,Imperial Securities Company Pvt. Ltd.,Aryatara Investment & Securities,100,503.0,50300.0,2025-07-24 11:51:26.387751
2025-07-24,121067,2025072403006654,SFCL,Aryatara Investment & Securities,Nepal Stock House (PVT) Ltd.,600,503.0,301800.0,2025-07-24 11:52:01.246398
2025-07-24,121066,2025072403006655,SFCL,Primo Securities (PVT) Ltd.,Nepal Stock House (PVT) Ltd.,22,502.3,11050.6,2025-07-24 11:52:01.246654
2025-07-24,121065,2025072403006656,SFCL,Creative Securities Pvt Ltd,Nepal Stock House (PVT) Ltd.,50,502.3,25115.0,2025-07-24 11:52:01.246717
2025-07-24,121064,2025072403006657,SFCL,Cristal Kanchanjanga Securites Pvt. Ltd.,Nepal Stock House (PVT) Ltd.,100,502.0,50200.0,2025-07-24 11:52:01.246776
2025-07-24,121063,2025072403006658,SFCL,Dipshikha Dhitopatra Karobar Co. Pvt Ltd.,Nepal Stock House (PVT) Ltd.,14,502.0,7028.0,2025-07-24 11:52:01.246835
2025-07-24,121062,2025072403006659,SFCL,ABC Securities Private Limited,Nepal Stock House (PVT) Ltd.,20,501.1,10022.0,2025-07-24 11:52:01.246893
2025-07-24,121061,2025072403006660,SFCL,Online Securities Pvt. Ltd.,Nepal Stock House (PVT) Ltd.,194,501.1,97213.4,2025-07-24 11:52:01.246951
2025-07-24,120163,2025072403006813,SFCL,Naasa Securities Co. Ltd.,Online Securities Pvt. Ltd.,10,505.0,5050.0,2025-07-24 11:53:28.347963
2025-07-24,119892,2025072403006860,SFCL,Naasa Securities Co. Ltd.,Nagarik Stock Dealer ,112,505.0,56560.0,2025-07-24 11:53:50.744974
2025-07-24,119657,2025072403006890,SFCL,Naasa Securities Co. Ltd.,Pragyan Securities (PVT) Ltd.,178,505.0,89890.0,2025-07-24 11:54:12.739741
2025-07-24,119656,2025072403006891,SFCL,Sani Securities Company Ltd.,Pragyan Securities (PVT) Ltd.,50,505.0,25250.0,2025-07-24 11:54:12.740046
2025-07-24,119655,2025072403006892,SFCL,Asian Securities Private Ltd.,Pragyan Securities (PVT) Ltd.,50,505.0,25250.0,2025-07-24 11:54:12.740233
2025-07-24,119355,2025072403006966,SFCL,Linch Stock Market Ltd.,Vision Securities Pvt. Ltd,100,503.1,50310.0,2025-07-24 11:54:42.038660
2025-07-24,118827,2025072403007060,SFCL,Naasa Securities Co. Ltd.,Kumari Securities Private Limited,35,503.2,17612.0,2025-07-24 11:55:37.066790
2025-07-24,118609,2025072403007094,SFCL,ABC Securities Private Limited,Pragyan Securities (PVT) Ltd.,55,505.0,27775.0,2025-07-24 11:55:58.043127
2025-07-24,118250,2025072403007165,SFCL,Sharepro Securities Private Limited,Online Securities Pvt. Ltd.,100,504.0,50400.0,2025-07-24 11:56:29.155283
2025-07-24,118249,2025072403007166,SFCL,Naasa Securities Co. Ltd.,Online Securities Pvt. Ltd.,15,503.2,7548.0,2025-07-24 11:56:29.155607
2025-07-24,118248,2025072403007167,SFCL,Aakashbhairab Securities Ltd.,Online Securities Pvt. Ltd.,390,503.2,196248.0,2025-07-24 11:56:29.155792
2025-07-24,118022,2025072403007196,SFCL,ABC Securities Private Limited,Pragyan Securities (PVT) Ltd.,367,505.0,185335.0,2025-07-24 11:56:55.739670
2025-07-24,117633,2025072403007251,SFCL,ABC Securities Private Limited,Oxford Securities Pvt. Ltd.,10,505.5,5055.0,2025-07-24 11:57:33.862448
2025-07-24,117632,2025072403007252,SFCL,ABC Securities Private Limited,Secured Securities Ltd.,45,505.6,22752.0,2025-07-24 11:57:33.862598
2025-07-24,117631,2025072403007253,SFCL,ABC Securities Private Limited,Market Securities & Exchange (PVT) Ltd.,148,506.0,74888.0,2025-07-24 11:57:33.862666
2025-07-24,114353,2025072403007881,SFCL,Capital Max Securities Ltd,Aryatara Investment & Securities,278,505.9,140640.2,2025-07-24 12:02:57.248510
2025-07-24,114352,2025072403007882,SFCL,Capital Max Securities Ltd,Market Securities & Exchange (PVT) Ltd.,22,506.0,11132.0,2025-07-24 12:02:57.248546
2025-07-24,113596,2025072403008033,SFCL,Trishakti Securities Public Limited,Vision Securities Pvt. Ltd,49,505.0,24745.0,2025-07-24 12:04:07.869985
2025-07-24,111988,2025072403008233,SFCL,Nagarik Stock Dealer ,Sweta Securities Private Limited,200,503.5,100700.0,2025-07-24 12:06:16.106766
2025-07-24,111629,2025072403008286,SFCL,Nagarik Stock Dealer ,Vision Securities Pvt. Ltd,100,503.5,50350.0,2025-07-24 12:06:51.981364
2025-07-24,111628,2025072403008287,SFCL,Imperial Securities Company Pvt. Ltd.,Vision Securities Pvt. Ltd,250,503.5,125875.0,2025-07-24 12:06:51.981540
2025-07-24,110039,2025072403008519,SFCL,Online Securities Pvt. Ltd.,Stoxkarts Securities Limited,100,504.0,50400.0,2025-07-24 12:09:27.334121
2025-07-24,110023,2025072403008526,SFCL,Imperial Securities Company Pvt. Ltd.,Bhrikuti Stock Broking Co. Pvt. Ltd.,120,503.5,60420.0,2025-07-24 12:09:30.099466
2025-07-24,110022,2025072403008527,SFCL,Himalayan Brokerage Company Limited,Bhrikuti Stock Broking Co. Pvt. Ltd.,100,503.3,50330.0,2025-07-24 12:09:30.099647
2025-07-24,110021,2025072403008528,SFCL,Aakashbhairab Securities Ltd.,Bhrikuti Stock Broking Co. Pvt. Ltd.,180,503.2,90576.0,2025-07-24 12:09:30.099718
2025-07-24,107718,2025072403008859,SFCL,Kohinoor Investment & Securities Pvt. Ltd.,Stoxkarts Securities Limited,40,504.0,20160.0,2025-07-24 12:13:17.937729
2025-07-24,107528,2025072403008877,SFCL,Sani Securities Company Ltd.,Stoxkarts Securities Limited,85,504.0,42840.0,2025-07-24 12:13:40.035273
2025-07-24,107155,2025072403008962,SFCL,Secured Securities Ltd.,Stoxkarts Securities Limited,275,504.0,138600.0,2025-07-24 12:14:28.214728
2025-07-24,106681,2025072403009035,SFCL,Imperial Securities Company Pvt. Ltd.,Vision Securities Pvt. Ltd,50,505.0,25250.0,2025-07-24 12:15:25.443794
2025-07-24,106555,2025072403009047,SFCL,Thrive Brokerage House Pvt. Ltd,Vision Securities Pvt. Ltd,46,505.0,23230.0,2025-07-24 12:15:44.678940
2025-07-24,106554,2025072403009048,SFCL,Thrive Brokerage House Pvt. Ltd,Citizens Share Broker Limited,54,505.0,27270.0,2025-07-24 12:15:44.679138
2025-07-24,106476,2025072403009055,SFCL,Investment Management Nepal Pvt. Ltd.,Citizens Share Broker Limited,400,505.0,202000.0,2025-07-24 12:15:50.029428
2025-07-24,105468,2025072403009280,SFCL,Vision Securities Pvt. Ltd,Hatemalo Financial Services Private Limited,200,504.0,100800.0,2025-07-24 12:17:29.678216
2025-07-24,105467,2025072403009281,SFCL,Himalayan Brokerage Company Limited,Hatemalo Financial Services Private Limited,300,504.0,151200.0,2025-07-24 12:17:29.678413
2025-07-24,103944,2025072403009508,SFCL,Investment Management Nepal Pvt. Ltd.,Citizens Share Broker Limited,46,505.0,23230.0,2025-07-24 12:20:25.907972
2025-07-24,103943,2025072403009509,SFCL,Investment Management Nepal Pvt. Ltd.,Market Securities & Exchange (PVT) Ltd.,130,506.0,65780.0,2025-07-24 12:20:25.908019
2025-07-24,103942,2025072403009510,SFCL,Investment Management Nepal Pvt. Ltd.,J.F. Securites (PVT) Ltd.,24,507.0,12168.0,2025-07-24 12:20:25.908056
2025-07-24,103519,2025072403009582,SFCL,Sipla Securities Private Limited,J.F. Securites (PVT) Ltd.,20,507.0,10140.0,2025-07-24 12:21:11.952199
2025-07-24,100435,2025072403010040,SFCL,Dipshikha Dhitopatra Karobar Co. Pvt Ltd.,Aryatara Investment & Securities,100,506.0,50600.0,2025-07-24 12:26:15.214382
2025-07-24,98649,2025072403010420,SFCL,Investment Management Nepal Pvt. Ltd.,Imperial Securities Company Pvt. Ltd.,100,505.0,50500.0,2025-07-24 12:29:46.879863
2025-07-24,98648,2025072403010421,SFCL,Premier Securities Company Ltd.,Imperial Securities Company Pvt. Ltd.,150,505.0,75750.0,2025-07-24 12:29:46.880077
2025-07-24,98286,2025072403010477,SFCL,Kumari Securities Private Limited,Garima Securities Limited,100,504.3,50430.0,2025-07-24 12:30:29.269331
2025-07-24,98259,2025072403010482,SFCL,Vision Securities Pvt. Ltd,Imperial Securities Company Pvt. Ltd.,200,505.0,101000.0,2025-07-24 12:30:31.308242
2025-07-24,97922,2025072403010535,SFCL,Kumari Securities Private Limited,Online Securities Pvt. Ltd.,320,504.3,161376.0,2025-07-24 12:31:11.325053
2025-07-24,97921,2025072403010536,SFCL,Vision Securities Pvt. Ltd,Online Securities Pvt. Ltd.,500,504.2,252100.0,2025-07-24 12:31:11.325119
2025-07-24,97920,2025072403010537,SFCL,Aryatara Investment & Securities,Online Securities Pvt. Ltd.,50,504.2,25210.0,2025-07-24 12:31:11.325145
2025-07-24,97919,2025072403010538,SFCL,Sani Securities Company Ltd.,Online Securities Pvt. Ltd.,50,504.1,25205.0,2025-07-24 12:31:11.325168
2025-07-24,97918,2025072403010539,SFCL,Online Securities Pvt. Ltd.,Online Securities Pvt. Ltd.,200,504.1,100820.0,2025-07-24 12:31:11.325189
2025-07-24,97917,2025072403010540,SFCL,Himalayan Brokerage Company Limited,Online Securities Pvt. Ltd.,545,504.0,274680.0,2025-07-24 12:31:11.325211
2025-07-24,97812,2025072403010561,SFCL,Himalayan Brokerage Company Limited,Online Securities Pvt. Ltd.,10,504.0,5040.0,2025-07-24 12:31:21.542619
2025-07-24,93973,2025072403011235,SFCL,Investment Management Nepal Pvt. Ltd.,Investment Management Nepal Pvt. Ltd.,30,505.0,15150.0,2025-07-24 12:38:44.591524
2025-07-24,93972,2025072403011236,SFCL,Naasa Securities Co. Ltd.,Investment Management Nepal Pvt. Ltd.,100,505.0,50500.0,2025-07-24 12:38:44.591783
2025-07-24,93971,2025072403011237,SFCL,Himalayan Brokerage Company Limited,Investment Management Nepal Pvt. Ltd.,732,504.0,368928.0,2025-07-24 12:38:44.591899
2025-07-24,93970,2025072403011238,SFCL,South Asian Bulls Pvt. Ltd.,Investment Management Nepal Pvt. Ltd.,10,504.0,5040.0,2025-07-24 12:38:44.591979
2025-07-24,93969,2025072403011239,SFCL,Dakshinkali Investment & Securities Pvt. Ltd.,Investment Management Nepal Pvt. Ltd.,123,504.0,61992.0,2025-07-24 12:38:44.592079
2025-07-24,93785,2025072403011282,SFCL,Dakshinkali Investment & Securities Pvt. Ltd.,Investment Management Nepal Pvt. Ltd.,477,504.0,240408.0,2025-07-24 12:39:07.704810
2025-07-24,93784,2025072403011283,SFCL,Investment Management Nepal Pvt. Ltd.,Investment Management Nepal Pvt. Ltd.,70,504.0,35280.0,2025-07-24 12:39:07.705009
2025-07-24,93783,2025072403011284,SFCL,Siprabi Securities Pvt. Ltd.,Investment Management Nepal Pvt. Ltd.,1000,504.0,504000.0,2025-07-24 12:39:07.705093
2025-07-24,93782,2025072403011285,SFCL,South Asian Bulls Pvt. Ltd.,Investment Management Nepal Pvt. Ltd.,100,504.0,50400.0,2025-07-24 12:39:07.705169
2025-07-24,93781,2025072403011286,SFCL,Naasa Securities Co. Ltd.,Investment Management Nepal Pvt. Ltd.,100,504.0,50400.0,2025-07-24 12:39:07.705244
2025-07-24,93780,2025072403011287,SFCL,Shree Krishna Securities Ltd.,Investment Management Nepal Pvt. Ltd.,100,504.0,50400.0,2025-07-24 12:39:07.705320
2025-07-24,92856,2025072403011459,SFCL,Investment Management Nepal Pvt. Ltd.,Opal Securities Investment (PVT) Ltd.,10,506.8,5068.0,2025-07-24 12:40:50.569237
2025-07-24,91930,2025072403011641,SFCL,Siprabi Securities Pvt. Ltd.,Thrive Brokerage House Pvt. Ltd,50,504.0,25200.0,2025-07-24 12:42:39.631248
2025-07-24,91791,2025072403011672,SFCL,Malla & Malla Stock Broking Company Pvt. Limited,Thrive Brokerage House Pvt. Ltd,50,504.0,25200.0,2025-07-24 12:42:54.287190
2025-07-24,91202,2025072403011761,SFCL,Vision Securities Pvt. Ltd,Primo Securities (PVT) Ltd.,80,503.6,40288.0,2025-07-24 12:44:09.252557
2025-07-24,91201,2025072403011762,SFCL,Midas Stock Broking Company Private Limited,Primo Securities (PVT) Ltd.,200,503.5,100700.0,2025-07-24 12:44:09.252786
2025-07-24,91200,2025072403011763,SFCL,Naasa Securities Co. Ltd.,Primo Securities (PVT) Ltd.,20,503.5,10070.0,2025-07-24 12:44:09.252899
2025-07-24,91038,2025072403011783,SFCL,Naasa Securities Co. Ltd.,Kalika Securities Pvt. Ltd.,68,503.5,34238.0,2025-07-24 12:44:27.042600
2025-07-24,90044,2025072403011950,SFCL,Naasa Securities Co. Ltd.,Thrive Brokerage House Pvt. Ltd,12,503.5,6042.0,2025-07-24 12:46:29.894454
2025-07-24,90043,2025072403011951,SFCL,Asian Securities Private Ltd.,Thrive Brokerage House Pvt. Ltd,150,503.3,75495.0,2025-07-24 12:46:29.894726
2025-07-24,90042,2025072403011952,SFCL,Dipshikha Dhitopatra Karobar Co. Pvt Ltd.,Thrive Brokerage House Pvt. Ltd,100,503.2,50320.0,2025-07-24 12:46:29.894824
2025-07-24,90041,2025072403011953,SFCL,Vision Securities Pvt. Ltd,Thrive Brokerage House Pvt. Ltd,100,503.2,50320.0,2025-07-24 12:46:29.894910
2025-07-24,90040,2025072403011954,SFCL,South Asian Bulls Pvt. Ltd.,Thrive Brokerage House Pvt. Ltd,30,503.1,15093.0,2025-07-24 12:46:29.895044
2025-07-24,89745,2025072403012017,SFCL,ABC Securities Private Limited,Sumeru Securities Pvt. Ltd.,20,503.1,10062.0,2025-07-24 12:47:02.273897
2025-07-24,89744,2025072403012018,SFCL,Sharepro Securities Private Limited,Sumeru Securities Pvt. Ltd.,100,503.0,50300.0,2025-07-24 12:47:02.274136
2025-07-24,89743,2025072403012019,SFCL,Cristal Kanchanjanga Securites Pvt. Ltd.,Sumeru Securities Pvt. Ltd.,30,503.0,15090.0,2025-07-24 12:47:02.274237
2025-07-24,89742,2025072403012020,SFCL,Vision Securities Pvt. Ltd,Sumeru Securities Pvt. Ltd.,100,503.0,50300.0,2025-07-24 12:47:02.274318
2025-07-24,89741,2025072403012021,SFCL,Linch Stock Market Ltd.,Sumeru Securities Pvt. Ltd.,100,503.0,50300.0,2025-07-24 12:47:02.274395
2025-07-24,89740,2025072403012022,SFCL,Sundhara Securities Limited,Sumeru Securities Pvt. Ltd.,100,503.0,50300.0,2025-07-24 12:47:02.274470
2025-07-24,89739,2025072403012023,SFCL,Online Securities Pvt. Ltd.,Sumeru Securities Pvt. Ltd.,100,503.0,50300.0,2025-07-24 12:47:02.274549
2025-07-24,89738,2025072403012024,SFCL,Naasa Securities Co. Ltd.,Sumeru Securities Pvt. Ltd.,100,503.0,50300.0,2025-07-24 12:47:02.274623
2025-07-24,89737,2025072403012025,SFCL,South Asian Bulls Pvt. Ltd.,Sumeru Securities Pvt. Ltd.,350,503.0,176050.0,2025-07-24 12:47:02.274697
2025-07-24,88601,2025072403012224,SFCL,South Asian Bulls Pvt. Ltd.,Secured Securities Ltd.,50,503.0,25150.0,2025-07-24 12:49:05.847230
2025-07-24,85878,2025072403012777,SFCL,Naasa Securities Co. Ltd.,Citizens Share Broker Limited,100,503.9,50390.0,2025-07-24 12:53:48.256254
2025-07-24,85758,2025072403012797,SFCL,Linch Stock Market Ltd.,Citizens Share Broker Limited,10,503.0,5030.0,2025-07-24 12:54:05.700137
2025-07-24,85757,2025072403012798,SFCL,Hatemalo Financial Services Private Limited,Citizens Share Broker Limited,90,503.0,45270.0,2025-07-24 12:54:05.700511
2025-07-24,84527,2025072403013002,SFCL,Hatemalo Financial Services Private Limited,Imperial Securities Company Pvt. Ltd.,50,503.0,25150.0,2025-07-24 12:56:22.003405
2025-07-24,84089,2025072403013115,SFCL,Hatemalo Financial Services Private Limited,Imperial Securities Company Pvt. Ltd.,75,503.0,37725.0,2025-07-24 12:57:04.627636
2025-07-24,84088,2025072403013116,SFCL,Hatemalo Financial Services Private Limited,Trishakti Securities Public Limited,100,503.0,50300.0,2025-07-24 12:57:04.815976
2025-07-24,83717,2025072403013186,SFCL,Hatemalo Financial Services Private Limited,Siprabi Securities Pvt. Ltd.,185,503.0,93055.0,2025-07-24 12:57:41.998062
2025-07-24,83716,2025072403013187,SFCL,Online Securities Pvt. Ltd.,Siprabi Securities Pvt. Ltd.,110,503.0,55330.0,2025-07-24 12:57:41.998279
2025-07-24,83715,2025072403013188,SFCL,Investment Management Nepal Pvt. Ltd.,Siprabi Securities Pvt. Ltd.,50,503.0,25150.0,2025-07-24 12:57:41.998363
2025-07-24,83321,2025072403013277,SFCL,Nepal Stock House (PVT) Ltd.,Siprabi Securities Pvt. Ltd.,20,503.0,10060.0,2025-07-24 12:58:30.250726
2025-07-24,83116,2025072403013313,SFCL,Naasa Securities Co. Ltd.,Online Securities Pvt. Ltd.,50,502.5,25125.0,2025-07-24 12:58:52.662006
2025-07-24,82191,2025072403013505,SFCL,Nepal Stock House (PVT) Ltd.,Opal Securities Investment (PVT) Ltd.,10,502.6,5026.0,2025-07-24 13:00:40.292185
2025-07-24,82190,2025072403013506,SFCL,Naasa Securities Co. Ltd.,Opal Securities Investment (PVT) Ltd.,40,502.5,20100.0,2025-07-24 13:00:40.292466
2025-07-24,80384,2025072403013845,SFCL,Imperial Securities Company Pvt. Ltd.,Naasa Securities Co. Ltd.,50,502.6,25130.0,2025-07-24 13:03:45.421613
2025-07-24,79096,2025072403014061,SFCL,Naasa Securities Co. Ltd.,Arun Securities (PVT) Ltd.,110,502.5,55275.0,2025-07-24 13:05:42.513090
2025-07-24,79095,2025072403014062,SFCL,Imperial Securities Company Pvt. Ltd.,Arun Securities (PVT) Ltd.,300,502.5,150750.0,2025-07-24 13:05:42.513302
2025-07-24,79094,2025072403014063,SFCL,Malla & Malla Stock Broking Company Pvt. Limited,Arun Securities (PVT) Ltd.,590,502.2,296298.0,2025-07-24 13:05:42.513391
2025-07-24,78864,2025072403014117,SFCL,Malla & Malla Stock Broking Company Pvt. Limited,Oxford Securities Pvt. Ltd.,50,502.2,25110.0,2025-07-24 13:06:12.514876
2025-07-24,77165,2025072403014522,SFCL,Naasa Securities Co. Ltd.,Naasa Securities Co. Ltd.,66,502.3,33151.8,2025-07-24 13:09:17.842628
2025-07-24,77164,2025072403014523,SFCL,Agrawal Securities (PVT) Ltd.,Naasa Securities Co. Ltd.,200,502.3,100460.0,2025-07-24 13:09:17.842670
2025-07-24,77163,2025072403014524,SFCL,Kohinoor Investment & Securities Pvt. Ltd.,Naasa Securities Co. Ltd.,100,502.2,50220.0,2025-07-24 13:09:17.842697
2025-07-24,77162,2025072403014525,SFCL,Imperial Securities Company Pvt. Ltd.,Naasa Securities Co. Ltd.,373,502.2,187320.6,2025-07-24 13:09:17.842722
2025-07-24,77161,2025072403014526,SFCL,Malla & Malla Stock Broking Company Pvt. Limited,Naasa Securities Co. Ltd.,61,502.2,30634.2,2025-07-24 13:09:17.842754
2025-07-24,76685,2025072403014616,SFCL,Deevyaa Securities & Stock House Pvt. Ltd,Naasa Securities Co. Ltd.,300,502.2,150660.0,2025-07-24 13:10:14.138756
2025-07-24,76684,2025072403014617,SFCL,Malla & Malla Stock Broking Company Pvt. Limited,Naasa Securities Co. Ltd.,79,502.2,39673.8,2025-07-24 13:10:14.138848
2025-07-24,76683,2025072403014618,SFCL,Vision Securities Pvt. Ltd,Naasa Securities Co. Ltd.,100,502.1,50210.0,2025-07-24 13:10:14.138928
2025-07-24,76682,2025072403014619,SFCL,Agrawal Securities (PVT) Ltd.,Naasa Securities Co. Ltd.,200,502.1,100420.0,2025-07-24 13:10:14.139002
2025-07-24,76681,2025072403014620,SFCL,Neev Securities Pvt. Ltd.,Naasa Securities Co. Ltd.,121,502.0,60742.0,2025-07-24 13:10:14.139103
2025-07-24,75969,2025072403014792,SFCL,Naasa Securities Co. Ltd.,Siprabi Securities Pvt. Ltd.,10,503.0,5030.0,2025-07-24 13:11:26.138567
2025-07-24,75452,2025072403014891,SFCL,Kohinoor Investment & Securities Pvt. Ltd.,Agrawal Securities (PVT) Ltd.,35,502.1,17573.5,2025-07-24 13:12:17.730100
2025-07-24,75451,2025072403014892,SFCL,Agrawal Securities (PVT) Ltd.,Agrawal Securities (PVT) Ltd.,200,502.1,100420.0,2025-07-24 13:12:17.730326
2025-07-24,75450,2025072403014893,SFCL,Neev Securities Pvt. Ltd.,Agrawal Securities (PVT) Ltd.,265,502.0,133030.0,2025-07-24 13:12:17.730416
2025-07-24,75175,2025072403014932,SFCL,South Asian Bulls Pvt. Ltd.,Siprabi Securities Pvt. Ltd.,25,503.0,12575.0,2025-07-24 13:12:46.331572
2025-07-24,74626,2025072403015073,SFCL,South Asian Bulls Pvt. Ltd.,Nepal Stock House (PVT) Ltd.,75,503.0,37725.0,2025-07-24 13:13:42.404159
2025-07-24,74485,2025072403015096,SFCL,Naasa Securities Co. Ltd.,Nepal Stock House (PVT) Ltd.,25,502.1,12552.5,2025-07-24 13:13:58.430945
2025-07-24,74036,2025072403015185,SFCL,Naasa Securities Co. Ltd.,Imperial Securities Company Pvt. Ltd.,175,503.0,88025.0,2025-07-24 13:14:47.393000
2025-07-24,73269,2025072403015342,SFCL,Neev Securities Pvt. Ltd.,Neev Securities Pvt. Ltd.,14,502.0,7028.0,2025-07-24 13:16:02.933141
2025-07-24,73268,2025072403015343,SFCL,South Asian Bulls Pvt. Ltd.,Neev Securities Pvt. Ltd.,10,502.0,5020.0,2025-07-24 13:16:02.933377
2025-07-24,73267,2025072403015344,SFCL,Siprabi Securities Pvt. Ltd.,Neev Securities Pvt. Ltd.,976,502.0,489952.0,2025-07-24 13:16:02.933488
2025-07-24,72883,2025072403015439,SFCL,Siprabi Securities Pvt. Ltd.,Imperial Securities Company Pvt. Ltd.,24,502.0,12048.0,2025-07-24 13:16:48.029753
2025-07-24,72882,2025072403015440,SFCL,KALASH STOCK MARKET PVT. LTD.,Imperial Securities Company Pvt. Ltd.,101,502.0,50702.0,2025-07-24 13:16:48.029962
2025-07-24,72347,2025072403015566,SFCL,Secured Securities Ltd.,Opal Securities Investment (PVT) Ltd.,32,504.9,16156.8,2025-07-24 13:17:40.714633
2025-07-24,72346,2025072403015567,SFCL,Secured Securities Ltd.,Citizens Share Broker Limited,36,504.9,18176.4,2025-07-24 13:17:40.715041
2025-07-24,69817,2025072403016113,SFCL,Capital Max Securities Ltd,Dynamic Money Managers Securities Pvt. Ltd.,10,503.0,5030.0,2025-07-24 13:22:05.877466
2025-07-24,69816,2025072403016114,SFCL,Aryatara Investment & Securities,Dynamic Money Managers Securities Pvt. Ltd.,10,503.0,5030.0,2025-07-24 13:22:05.877861
2025-07-24,67156,2025072403016597,SFCL,Secured Securities Ltd.,Aryatara Investment & Securities,300,502.5,150750.0,2025-07-24 13:26:34.460641
2025-07-24,66457,2025072403016697,SFCL,Cristal Kanchanjanga Securites Pvt. Ltd.,Siprabi Securities Pvt. Ltd.,100,502.9,50290.0,2025-07-24 13:27:29.264321
2025-07-24,66456,2025072403016698,SFCL,Cristal Kanchanjanga Securites Pvt. Ltd.,Dynamic Money Managers Securities Pvt. Ltd.,80,503.0,40240.0,2025-07-24 13:27:29.264568
2025-07-24,66455,2025072403016699,SFCL,Cristal Kanchanjanga Securites Pvt. Ltd.,Imperial Securities Company Pvt. Ltd.,10,503.0,5030.0,2025-07-24 13:27:29.264653
2025-07-24,66454,2025072403016700,SFCL,Cristal Kanchanjanga Securites Pvt. Ltd.,Midas Stock Broking Company Private Limited,10,503.0,5030.0,2025-07-24 13:27:29.264740
2025-07-24,66301,2025072403016716,SFCL,Aakashbhairab Securities Ltd.,Midas Stock Broking Company Private Limited,490,503.0,246470.0,2025-07-24 13:27:43.158313
2025-07-24,66300,2025072403016717,SFCL,Aakashbhairab Securities Ltd.,Citizens Share Broker Limited,164,504.9,82803.6,2025-07-24 13:27:43.158536
2025-07-24,66299,2025072403016718,SFCL,Aakashbhairab Securities Ltd.,South Asian Bulls Pvt. Ltd.,346,504.9,174695.4,2025-07-24 13:27:43.158622
2025-07-24,65880,2025072403016809,SFCL,Aakashbhairab Securities Ltd.,South Asian Bulls Pvt. Ltd.,154,504.9,77754.6,2025-07-24 13:28:19.289386
2025-07-24,65879,2025072403016810,SFCL,Aakashbhairab Securities Ltd.,Magnet Securities and Investment Company Private Limited,500,505.0,252500.0,2025-07-24 13:28:19.289625
2025-07-24,65878,2025072403016811,SFCL,Aakashbhairab Securities Ltd.,Malla & Malla Stock Broking Company Pvt. Limited,346,505.0,174730.0,2025-07-24 13:28:19.289713
2025-07-24,65583,2025072403016857,SFCL,Aakashbhairab Securities Ltd.,Malla & Malla Stock Broking Company Pvt. Limited,654,505.0,330270.0,2025-07-24 13:28:46.710613
2025-07-24,65582,2025072403016858,SFCL,Aakashbhairab Securities Ltd.,Sundhara Securities Limited,200,505.0,101000.0,2025-07-24 13:28:46.710830
2025-07-24,65581,2025072403016859,SFCL,Aakashbhairab Securities Ltd.,Sani Securities Company Ltd.,50,505.0,25250.0,2025-07-24 13:28:46.710945
2025-07-24,65580,2025072403016860,SFCL,Aakashbhairab Securities Ltd.,Nagarik Stock Dealer ,96,505.0,48480.0,2025-07-24 13:28:46.711041
2025-07-24,65011,2025072403016994,SFCL,Opal Securities Investment (PVT) Ltd.,Imperial Securities Company Pvt. Ltd.,10,505.0,5050.0,2025-07-24 13:29:48.136196
2025-07-24,65010,2025072403016995,SFCL,Opal Securities Investment (PVT) Ltd.,Sani Securities Company Ltd.,90,505.0,45450.0,2025-07-24 13:29:48.136431
2025-07-24,64810,2025072403017032,SFCL,Imperial Securities Company Pvt. Ltd.,Nepal Stock House (PVT) Ltd.,125,504.0,63000.0,2025-07-24 13:30:06.471785
2025-07-24,64801,2025072403017036,SFCL,Online Securities Pvt. Ltd.,Sani Securities Company Ltd.,10,505.0,5050.0,2025-07-24 13:30:07.262922
2025-07-24,64466,2025072403017101,SFCL,ABC Securities Private Limited,Naasa Securities Co. Ltd.,10,504.0,5040.0,2025-07-24 13:30:46.723097
2025-07-24,62691,2025072403017406,SFCL,Imperial Securities Company Pvt. Ltd.,Capital Max Securities Ltd,20,504.1,10082.0,2025-07-24 13:34:10.259010
2025-07-24,62690,2025072403017407,SFCL,ABC Securities Private Limited,Capital Max Securities Ltd,380,504.0,191520.0,2025-07-24 13:34:10.259064
2025-07-24,62302,2025072403017503,SFCL,Sani Securities Company Ltd.,Vision Securities Pvt. Ltd,18,504.9,9088.2,2025-07-24 13:34:50.803954
2025-07-24,62301,2025072403017504,SFCL,Sani Securities Company Ltd.,Sani Securities Company Ltd.,182,505.0,91910.0,2025-07-24 13:34:50.804183
2025-07-24,62107,2025072403017542,SFCL,Midas Stock Broking Company Private Limited,Sani Securities Company Ltd.,387,505.0,195435.0,2025-07-24 13:35:17.696788
2025-07-24,61419,2025072403017681,SFCL,Midas Stock Broking Company Private Limited,Investment Management Nepal Pvt. Ltd.,113,505.0,57065.0,2025-07-24 13:36:39.519823
2025-07-24,61418,2025072403017682,SFCL,ABC Securities Private Limited,Investment Management Nepal Pvt. Ltd.,590,504.0,297360.0,2025-07-24 13:36:39.520086
2025-07-24,61417,2025072403017683,SFCL,Nepal Investment And Securities Trading Private Limited,Investment Management Nepal Pvt. Ltd.,50,504.0,25200.0,2025-07-24 13:36:39.520171
2025-07-24,61416,2025072403017684,SFCL,Dipshikha Dhitopatra Karobar Co. Pvt Ltd.,Investment Management Nepal Pvt. Ltd.,300,504.0,151200.0,2025-07-24 13:36:39.520253
2025-07-24,61415,2025072403017685,SFCL,Sweta Securities Private Limited,Investment Management Nepal Pvt. Ltd.,265,503.0,133295.0,2025-07-24 13:36:39.520337
2025-07-24,61414,2025072403017686,SFCL,South Asian Bulls Pvt. Ltd.,Investment Management Nepal Pvt. Ltd.,120,503.0,60360.0,2025-07-24 13:36:39.520415
2025-07-24,61413,2025072403017687,SFCL,Imperial Securities Company Pvt. Ltd.,Investment Management Nepal Pvt. Ltd.,500,503.0,251500.0,2025-07-24 13:36:39.520493
2025-07-24,61412,2025072403017688,SFCL,KALASH STOCK MARKET PVT. LTD.,Investment Management Nepal Pvt. Ltd.,299,503.0,150397.0,2025-07-24 13:36:39.520570
2025-07-24,61411,2025072403017689,SFCL,Online Securities Pvt. Ltd.,Investment Management Nepal Pvt. Ltd.,200,503.0,100600.0,2025-07-24 13:36:39.520647
2025-07-24,61270,2025072403017710,SFCL,Investment Management Nepal Pvt. Ltd.,R.B.B. Securities Company Ltd,8,500.0,4000.0,2025-07-24 13:36:56.678070
2025-07-24,60103,2025072403017924,SFCL,Online Securities Pvt. Ltd.,Secured Securities Ltd.,50,502.5,25125.0,2025-07-24 13:39:13.143509
2025-07-24,59333,2025072403018095,SFCL,Thrive Brokerage House Pvt. Ltd,Investment Management Nepal Pvt. Ltd.,116,502.2,58255.2,2025-07-24 13:40:50.406975
2025-07-24,58830,2025072403018189,SFCL,Imperial Securities Company Pvt. Ltd.,Vision Securities Pvt. Ltd,7,493.0,3451.0,2025-07-24 13:41:49.285270
2025-07-24,58435,2025072403018263,SFCL,Sweta Securities Private Limited,J.F. Securites (PVT) Ltd.,50,502.4,25120.0,2025-07-24 13:42:44.653523
2025-07-24,57960,2025072403018345,SFCL,Sweta Securities Private Limited,Shree Krishna Securities Ltd.,38,502.4,19091.2,2025-07-24 13:43:52.630421
2025-07-24,57959,2025072403018346,SFCL,Dynamic Money Managers Securities Pvt. Ltd.,Shree Krishna Securities Ltd.,72,502.3,36165.6,2025-07-24 13:43:52.630468
2025-07-24,57181,2025072403018474,SFCL,Online Securities Pvt. Ltd.,Dipshikha Dhitopatra Karobar Co. Pvt Ltd.,100,502.4,50240.0,2025-07-24 13:45:38.188281
2025-07-24,55954,2025072403018776,SFCL,Sumeru Securities Pvt. Ltd.,ABC Securities Private Limited,200,502.6,100520.0,2025-07-24 13:47:59.521975
2025-07-24,55953,2025072403018777,SFCL,Agrawal Securities (PVT) Ltd.,ABC Securities Private Limited,300,502.5,150750.0,2025-07-24 13:47:59.522233
2025-07-24,55823,2025072403018802,SFCL,Online Securities Pvt. Ltd.,Aryatara Investment & Securities,100,502.4,50240.0,2025-07-24 13:48:16.463257
2025-07-24,55822,2025072403018803,SFCL,Dynamic Money Managers Securities Pvt. Ltd.,Aryatara Investment & Securities,28,502.3,14064.4,2025-07-24 13:48:16.463470
2025-07-24,55821,2025072403018804,SFCL,Thrive Brokerage House Pvt. Ltd,Aryatara Investment & Securities,431,502.2,216448.2,2025-07-24 13:48:16.463556
2025-07-24,54904,2025072403019002,SFCL,Thrive Brokerage House Pvt. Ltd,ABC Securities Private Limited,400,502.2,200880.0,2025-07-24 13:50:10.036755
2025-07-24,54723,2025072403019042,SFCL,Investment Management Nepal Pvt. Ltd.,Imperial Securities Company Pvt. Ltd.,100,503.9,50390.0,2025-07-24 13:50:38.381331
2025-07-24,54661,2025072403019060,SFCL,Thrive Brokerage House Pvt. Ltd,R.B.B. Securities Company Ltd,28,502.2,14061.6,2025-07-24 13:50:47.541363
2025-07-24,54660,2025072403019061,SFCL,Investment Management Nepal Pvt. Ltd.,R.B.B. Securities Company Ltd,272,502.0,136544.0,2025-07-24 13:50:47.541791
2025-07-24,53510,2025072403019286,SFCL,Investment Management Nepal Pvt. Ltd.,Swarna Laxmi Securities Pvt. Ltd.,10,504.0,5040.0,2025-07-24 13:53:15.129279
2025-07-24,53107,2025072403019378,SFCL,Sani Securities Company Ltd.,Kohinoor Investment & Securities Pvt. Ltd.,20,503.0,10060.0,2025-07-24 13:54:08.392689
2025-07-24,52546,2025072403019508,SFCL,Investment Management Nepal Pvt. Ltd.,Sani Securities Company Ltd.,10,504.0,5040.0,2025-07-24 13:55:26.739978
2025-07-24,50161,2025072403020100,SFCL,Kohinoor Investment & Securities Pvt. Ltd.,Neev Securities Pvt. Ltd.,458,502.1,229961.8,2025-07-24 14:01:15.775265
2025-07-24,50160,2025072403020101,SFCL,Investment Management Nepal Pvt. Ltd.,Neev Securities Pvt. Ltd.,28,502.0,14056.0,2025-07-24 14:01:15.775348
2025-07-24,50159,2025072403020102,SFCL,Aryatara Investment & Securities,Neev Securities Pvt. Ltd.,100,502.0,50200.0,2025-07-24 14:01:15.775400
2025-07-24,50158,2025072403020103,SFCL,Trishakti Securities Public Limited,Neev Securities Pvt. Ltd.,50,502.0,25100.0,2025-07-24 14:01:15.775432
2025-07-24,50157,2025072403020104,SFCL,Vision Securities Pvt. Ltd,Neev Securities Pvt. Ltd.,105,502.0,52710.0,2025-07-24 14:01:15.775459
2025-07-24,50156,2025072403020105,SFCL,J.F. Securites (PVT) Ltd.,Neev Securities Pvt. Ltd.,10,502.0,5020.0,2025-07-24 14:01:15.775485
2025-07-24,50155,2025072403020106,SFCL,Dipshikha Dhitopatra Karobar Co. Pvt Ltd.,Neev Securities Pvt. Ltd.,500,502.0,251000.0,2025-07-24 14:01:15.775512
2025-07-24,50154,2025072403020107,SFCL,Nepal Stock House (PVT) Ltd.,Neev Securities Pvt. Ltd.,20,501.3,10026.0,2025-07-24 14:01:15.775553
2025-07-24,50153,2025072403020108,SFCL,ABC Securities Private Limited,Neev Securities Pvt. Ltd.,30,501.2,15036.0,2025-07-24 14:01:15.775578
2025-07-24,50152,2025072403020109,SFCL,Secured Securities Ltd.,Neev Securities Pvt. Ltd.,19,501.2,9522.8,2025-07-24 14:01:15.775600
2025-07-24,49357,2025072403020321,SFCL,Secured Securities Ltd.,Citizens Share Broker Limited,81,501.2,40597.2,2025-07-24 14:03:07.517693
2025-07-24,49356,2025072403020322,SFCL,Swarna Laxmi Securities Pvt. Ltd.,Citizens Share Broker Limited,100,501.1,50110.0,2025-07-24 14:03:07.517920
2025-07-24,49355,2025072403020323,SFCL,South Asian Bulls Pvt. Ltd.,Citizens Share Broker Limited,34,501.1,17037.4,2025-07-24 14:03:07.518002
2025-07-24,49354,2025072403020324,SFCL,Creative Securities Pvt Ltd,Citizens Share Broker Limited,285,501.1,142813.5,2025-07-24 14:03:07.518097
2025-07-24,48520,2025072403020486,SFCL,Nepal Investment And Securities Trading Private Limited,Midas Stock Broking Company Private Limited,100,503.0,50300.0,2025-07-24 14:04:50.811393
2025-07-24,45806,2025072403021095,SFCL,Sani Securities Company Ltd.,Agrawal Securities (PVT) Ltd.,300,503.0,150900.0,2025-07-24 14:10:06.164875
2025-07-24,45302,2025072403021202,SFCL,South Asian Bulls Pvt. Ltd.,Sewa Securities Pvt. Ltd.,30,503.0,15090.0,2025-07-24 14:11:05.219336
2025-07-24,44507,2025072403021353,SFCL,Nepal Investment And Securities Trading Private Limited,Sani Securities Company Ltd.,200,504.0,100800.0,2025-07-24 14:12:41.266164
2025-07-24,42912,2025072403021808,SFCL,Dipshikha Dhitopatra Karobar Co. Pvt Ltd.,Kohinoor Investment & Securities Pvt. Ltd.,200,503.1,100620.0,2025-07-24 14:15:06.258006
2025-07-24,42672,2025072403021854,SFCL,South Asian Bulls Pvt. Ltd.,Kohinoor Investment & Securities Pvt. Ltd.,270,503.0,135810.0,2025-07-24 14:15:31.520398
2025-07-24,42671,2025072403021855,SFCL,Premier Securities Company Ltd.,Kohinoor Investment & Securities Pvt. Ltd.,50,503.0,25150.0,2025-07-24 14:15:31.520833
2025-07-24,39745,2025072403022633,SFCL,Shree Krishna Securities Ltd.,Kohinoor Investment & Securities Pvt. Ltd.,50,503.1,25155.0,2025-07-24 14:19:49.872093
2025-07-24,39444,2025072403022685,SFCL,South Asian Bulls Pvt. Ltd.,Kohinoor Investment & Securities Pvt. Ltd.,324,503.0,162972.0,2025-07-24 14:20:16.119607
2025-07-24,38643,2025072403022845,SFCL,Sundhara Securities Limited,Sani Securities Company Ltd.,200,504.0,100800.0,2025-07-24 14:21:31.085605
2025-07-24,38343,2025072403022915,SFCL,Asian Securities Private Ltd.,Sani Securities Company Ltd.,50,504.0,25200.0,2025-07-24 14:21:53.553321
2025-07-24,38342,2025072403022916,SFCL,Asian Securities Private Ltd.,Midas Stock Broking Company Private Limited,50,504.0,25200.0,2025-07-24 14:21:53.553570
2025-07-24,38232,2025072403022925,SFCL,Siprabi Securities Pvt. Ltd.,Midas Stock Broking Company Private Limited,300,504.0,151200.0,2025-07-24 14:22:01.385456
2025-07-24,37936,2025072403022978,SFCL,ABC Securities Private Limited,Midas Stock Broking Company Private Limited,150,504.0,75600.0,2025-07-24 14:22:24.056482
2025-07-24,37935,2025072403022979,SFCL,ABC Securities Private Limited,Vision Securities Pvt. Ltd,10,504.0,5040.0,2025-07-24 14:22:24.056725
2025-07-24,37934,2025072403022980,SFCL,ABC Securities Private Limited,Beni Securities Pvt.Ltd.,500,504.0,252000.0,2025-07-24 14:22:24.056815
2025-07-24,37933,2025072403022981,SFCL,ABC Securities Private Limited,Aryatara Investment & Securities,140,504.0,70560.0,2025-07-24 14:22:24.056901
2025-07-24,36911,2025072403023178,SFCL,Sani Securities Company Ltd.,Aryatara Investment & Securities,60,504.0,30240.0,2025-07-24 14:23:50.460446
2025-07-24,36910,2025072403023179,SFCL,Sani Securities Company Ltd.,Linch Stock Market Ltd.,240,504.9,121176.0,2025-07-24 14:23:50.460710
2025-07-24,36764,2025072403023215,SFCL,Midas Stock Broking Company Private Limited,Kumari Securities Private Limited,60,504.0,30240.0,2025-07-24 14:24:07.516210
2025-07-24,36262,2025072403023307,SFCL,Naasa Securities Co. Ltd.,Dynamic Money Managers Securities Pvt. Ltd.,161,503.2,81015.2,2025-07-24 14:24:51.119530
2025-07-24,36261,2025072403023308,SFCL,South Asian Bulls Pvt. Ltd.,Dynamic Money Managers Securities Pvt. Ltd.,146,503.0,73438.0,2025-07-24 14:24:51.119784
2025-07-24,36260,2025072403023309,SFCL,Nepal Stock House (PVT) Ltd.,Dynamic Money Managers Securities Pvt. Ltd.,100,503.0,50300.0,2025-07-24 14:24:51.119874
2025-07-24,36259,2025072403023310,SFCL,Linch Stock Market Ltd.,Dynamic Money Managers Securities Pvt. Ltd.,100,502.5,50250.0,2025-07-24 14:24:51.119964
2025-07-24,36258,2025072403023311,SFCL,Agrawal Securities (PVT) Ltd.,Dynamic Money Managers Securities Pvt. Ltd.,200,502.1,100420.0,2025-07-24 14:24:51.120058
2025-07-24,36257,2025072403023312,SFCL,South Asian Bulls Pvt. Ltd.,Dynamic Money Managers Securities Pvt. Ltd.,10,502.0,5020.0,2025-07-24 14:24:51.120149
2025-07-24,36256,2025072403023313,SFCL,Online Securities Pvt. Ltd.,Dynamic Money Managers Securities Pvt. Ltd.,133,502.0,66766.0,2025-07-24 14:24:51.120235
2025-07-24,35981,2025072403023373,SFCL,Vision Securities Pvt. Ltd,Sweta Securities Private Limited,18,503.0,9054.0,2025-07-24 14:25:19.047956
2025-07-24,35187,2025072403023557,SFCL,Vision Securities Pvt. Ltd,Nagarik Stock Dealer ,82,503.0,41246.0,2025-07-24 14:26:44.858898
2025-07-24,35186,2025072403023558,SFCL,Aryatara Investment & Securities,Nagarik Stock Dealer ,45,503.0,22635.0,2025-07-24 14:26:44.858954
2025-07-24,35185,2025072403023559,SFCL,Online Securities Pvt. Ltd.,Nagarik Stock Dealer ,46,503.0,23138.0,2025-07-24 14:26:44.858994
2025-07-24,35184,2025072403023560,SFCL,Online Securities Pvt. Ltd.,Nagarik Stock Dealer ,67,502.0,33634.0,2025-07-24 14:26:44.859048
2025-07-24,35183,2025072403023561,SFCL,Investment Management Nepal Pvt. Ltd.,Nagarik Stock Dealer ,150,502.0,75300.0,2025-07-24 14:26:44.859077
2025-07-24,35182,2025072403023562,SFCL,Siprabi Securities Pvt. Ltd.,Nagarik Stock Dealer ,500,502.0,251000.0,2025-07-24 14:26:44.859103
2025-07-24,35181,2025072403023563,SFCL,Online Securities Pvt. Ltd.,Nagarik Stock Dealer ,100,501.0,50100.0,2025-07-24 14:26:44.859141
2025-07-24,35180,2025072403023564,SFCL,Oxford Securities Pvt. Ltd.,Nagarik Stock Dealer ,10,501.0,5010.0,2025-07-24 14:26:44.859172
2025-07-24,34136,2025072403023812,SFCL,Linch Stock Market Ltd.,Midas Stock Broking Company Private Limited,100,503.0,50300.0,2025-07-24 14:28:22.228738
2025-07-24,33601,2025072403023954,SFCL,Investment Management Nepal Pvt. Ltd.,Property Wiard Limited,50,502.9,25145.0,2025-07-24 14:29:07.240961
2025-07-24,33378,2025072403023990,SFCL,Midas Stock Broking Company Private Limited,Property Wiard Limited,20,502.9,10058.0,2025-07-24 14:29:24.478460
2025-07-24,33377,2025072403023991,SFCL,Midas Stock Broking Company Private Limited,Midas Stock Broking Company Private Limited,300,503.0,150900.0,2025-07-24 14:29:24.478691
2025-07-24,33288,2025072403024001,SFCL,Midas Stock Broking Company Private Limited,Infinity Securities Limited,180,503.0,90540.0,2025-07-24 14:29:32.866467
2025-07-24,33287,2025072403024002,SFCL,Imperial Securities Company Pvt. Ltd.,Infinity Securities Limited,50,501.3,25065.0,2025-07-24 14:29:32.866570
2025-07-24,33286,2025072403024003,SFCL,Himalayan Brokerage Company Limited,Infinity Securities Limited,370,501.2,185444.0,2025-07-24 14:29:32.866648
2025-07-24,32230,2025072403024245,SFCL,Opal Securities Investment (PVT) Ltd.,Imperial Securities Company Pvt. Ltd.,10,502.0,5020.0,2025-07-24 14:31:13.461487
2025-07-24,32229,2025072403024246,SFCL,South Asian Bulls Pvt. Ltd.,Imperial Securities Company Pvt. Ltd.,10,502.0,5020.0,2025-07-24 14:31:13.461909
2025-07-24,32228,2025072403024247,SFCL,Nepal Stock House (PVT) Ltd.,Imperial Securities Company Pvt. Ltd.,80,502.0,40160.0,2025-07-24 14:31:13.462177
2025-07-24,32011,2025072403024308,SFCL,Nepal Stock House (PVT) Ltd.,Secured Securities Ltd.,20,502.0,10040.0,2025-07-24 14:31:32.808108
2025-07-24,32010,2025072403024309,SFCL,Trishakti Securities Public Limited,Secured Securities Ltd.,30,502.0,15060.0,2025-07-24 14:31:32.808347
2025-07-24,31743,2025072403024391,SFCL,Vision Securities Pvt. Ltd,Aryatara Investment & Securities,121,503.9,60971.9,2025-07-24 14:31:56.360875
2025-07-24,31742,2025072403024392,SFCL,Vision Securities Pvt. Ltd,Kumari Securities Private Limited,139,504.0,70056.0,2025-07-24 14:31:56.361174
2025-07-24,30708,2025072403024632,SFCL,Trishakti Securities Public Limited,Secured Securities Ltd.,20,502.0,10040.0,2025-07-24 14:33:22.533128
2025-07-24,30707,2025072403024633,SFCL,Primo Securities (PVT) Ltd.,Secured Securities Ltd.,30,502.0,15060.0,2025-07-24 14:33:22.533378
2025-07-24,30706,2025072403024634,SFCL,Vision Securities Pvt. Ltd,Secured Securities Ltd.,50,502.0,25100.0,2025-07-24 14:33:22.533472
2025-07-24,29232,2025072403024934,SFCL,Market Securities & Exchange (PVT) Ltd.,Aakashbhairab Securities Ltd.,100,502.0,50200.0,2025-07-24 14:35:18.257320
2025-07-24,29231,2025072403024935,SFCL,Naasa Securities Co. Ltd.,Aakashbhairab Securities Ltd.,51,502.0,25602.0,2025-07-24 14:35:18.257579
2025-07-24,29230,2025072403024936,SFCL,Online Securities Pvt. Ltd.,Aakashbhairab Securities Ltd.,200,501.4,100280.0,2025-07-24 14:35:18.257674
2025-07-24,29229,2025072403024937,SFCL,Imperial Securities Company Pvt. Ltd.,Aakashbhairab Securities Ltd.,398,501.3,199517.4,2025-07-24 14:35:18.257767
2025-07-24,29228,2025072403024938,SFCL,Himalayan Brokerage Company Limited,Aakashbhairab Securities Ltd.,130,501.2,65156.0,2025-07-24 14:35:18.257860
2025-07-24,29227,2025072403024939,SFCL,Thrive Brokerage House Pvt. Ltd,Aakashbhairab Securities Ltd.,150,501.1,75165.0,2025-07-24 14:35:18.257949
2025-07-24,29226,2025072403024940,SFCL,Oxford Securities Pvt. Ltd.,Aakashbhairab Securities Ltd.,90,501.0,45090.0,2025-07-24 14:35:18.258052
2025-07-24,29225,2025072403024941,SFCL,Nepal Stock House (PVT) Ltd.,Aakashbhairab Securities Ltd.,100,501.0,50100.0,2025-07-24 14:35:18.258153
2025-07-24,29224,2025072403024942,SFCL,Sundhara Securities Limited,Aakashbhairab Securities Ltd.,200,501.0,100200.0,2025-07-24 14:35:18.258244
2025-07-24,29223,2025072403024943,SFCL,Dakshinkali Investment & Securities Pvt. Ltd.,Aakashbhairab Securities Ltd.,10,501.0,5010.0,2025-07-24 14:35:18.258332
2025-07-24,29222,2025072403024944,SFCL,Nepal Investment And Securities Trading Private Limited,Aakashbhairab Securities Ltd.,10,501.0,5010.0,2025-07-24 14:35:18.258423
2025-07-24,29221,2025072403024945,SFCL,Neev Securities Pvt. Ltd.,Aakashbhairab Securities Ltd.,300,501.0,150300.0,2025-07-24 14:35:18.258511
2025-07-24,29220,2025072403024946,SFCL,Vision Securities Pvt. Ltd,Aakashbhairab Securities Ltd.,93,501.0,46593.0,2025-07-24 14:35:18.258598
2025-07-24,29219,2025072403024947,SFCL,Sani Securities Company Ltd.,Aakashbhairab Securities Ltd.,35,501.0,17535.0,2025-07-24 14:35:18.258701
2025-07-24,29218,2025072403024948,SFCL,J.F. Securites (PVT) Ltd.,Aakashbhairab Securities Ltd.,90,501.0,45090.0,2025-07-24 14:35:18.258791
2025-07-24,29217,2025072403024949,SFCL,Dipshikha Dhitopatra Karobar Co. Pvt Ltd.,Aakashbhairab Securities Ltd.,500,501.0,250500.0,2025-07-24 14:35:18.258880
2025-07-24,29216,2025072403024950,SFCL,Sumeru Securities Pvt. Ltd.,Aakashbhairab Securities Ltd.,100,501.0,50100.0,2025-07-24 14:35:18.258963
2025-07-24,29215,2025072403024951,SFCL,Aryatara Investment & Securities,Aakashbhairab Securities Ltd.,260,501.0,130260.0,2025-07-24 14:35:18.259053
2025-07-24,29214,2025072403024952,SFCL,Thrive Brokerage House Pvt. Ltd,Aakashbhairab Securities Ltd.,100,501.0,50100.0,2025-07-24 14:35:18.259137
2025-07-24,29213,2025072403024953,SFCL,Naasa Securities Co. Ltd.,Aakashbhairab Securities Ltd.,83,501.0,41583.0,2025-07-24 14:35:18.259227
2025-07-24,28793,2025072403025038,SFCL,Naasa Securities Co. Ltd.,Shree Krishna Securities Ltd.,117,501.0,58617.0,2025-07-24 14:35:52.225379
2025-07-24,28792,2025072403025039,SFCL,South Asian Bulls Pvt. Ltd.,Shree Krishna Securities Ltd.,30,501.0,15030.0,2025-07-24 14:35:52.225823
2025-07-24,28494,2025072403025102,SFCL,Sani Securities Company Ltd.,Sundhara Securities Limited,160,500.9,80144.0,2025-07-24 14:36:14.641741
2025-07-24,28493,2025072403025103,SFCL,Premier Securities Company Ltd.,Sundhara Securities Limited,100,500.8,50080.0,2025-07-24 14:36:14.642008
2025-07-24,28492,2025072403025104,SFCL,Aryatara Investment & Securities,Sundhara Securities Limited,20,500.8,10016.0,2025-07-24 14:36:14.642153
2025-07-24,28491,2025072403025105,SFCL,Nepal Stock House (PVT) Ltd.,Sundhara Securities Limited,10,500.8,5008.0,2025-07-24 14:36:14.642272
2025-07-24,28490,2025072403025106,SFCL,South Asian Bulls Pvt. Ltd.,Sundhara Securities Limited,32,500.8,16025.6,2025-07-24 14:36:14.642393
2025-07-24,28065,2025072403025199,SFCL,South Asian Bulls Pvt. Ltd.,Sumeru Securities Pvt. Ltd.,38,500.8,19030.4,2025-07-24 14:36:46.624892
2025-07-24,28064,2025072403025200,SFCL,Nepal Stock House (PVT) Ltd.,Sumeru Securities Pvt. Ltd.,100,500.5,50050.0,2025-07-24 14:36:46.625178
2025-07-24,27928,2025072403025249,SFCL,Nepal Stock House (PVT) Ltd.,Aakashbhairab Securities Ltd.,50,500.2,25010.0,2025-07-24 14:36:58.079218
2025-07-24,27927,2025072403025250,SFCL,Premier Securities Company Ltd.,Aakashbhairab Securities Ltd.,100,500.1,50010.0,2025-07-24 14:36:58.079476
2025-07-24,27926,2025072403025251,SFCL,Sundhara Securities Limited,Aakashbhairab Securities Ltd.,150,500.0,75000.0,2025-07-24 14:36:58.079567
2025-07-24,27925,2025072403025252,SFCL,Sumeru Securities Pvt. Ltd.,Aakashbhairab Securities Ltd.,510,500.0,255000.0,2025-07-24 14:36:58.079688
2025-07-24,27924,2025072403025253,SFCL,Online Securities Pvt. Ltd.,Aakashbhairab Securities Ltd.,100,500.0,50000.0,2025-07-24 14:36:58.079825
2025-07-24,27923,2025072403025254,SFCL,Arun Securities (PVT) Ltd.,Aakashbhairab Securities Ltd.,98,500.0,49000.0,2025-07-24 14:36:58.079952
2025-07-24,27922,2025072403025255,SFCL,J.F. Securites (PVT) Ltd.,Aakashbhairab Securities Ltd.,20,500.0,10000.0,2025-07-24 14:36:58.080096
2025-07-24,27921,2025072403025256,SFCL,Sharepro Securities Private Limited,Aakashbhairab Securities Ltd.,100,500.0,50000.0,2025-07-24 14:36:58.080198
2025-07-24,27920,2025072403025257,SFCL,Kohinoor Investment & Securities Pvt. Ltd.,Aakashbhairab Securities Ltd.,100,500.0,50000.0,2025-07-24 14:36:58.080311
2025-07-24,27919,2025072403025258,SFCL,Naasa Securities Co. Ltd.,Aakashbhairab Securities Ltd.,100,500.0,50000.0,2025-07-24 14:36:58.080433
2025-07-24,27918,2025072403025259,SFCL,Kohinoor Investment & Securities Pvt. Ltd.,Aakashbhairab Securities Ltd.,110,500.0,55000.0,2025-07-24 14:36:58.080550
2025-07-24,27917,2025072403025260,SFCL,Opal Securities Investment (PVT) Ltd.,Aakashbhairab Securities Ltd.,70,500.0,35000.0,2025-07-24 14:36:58.080670
2025-07-24,27916,2025072403025261,SFCL,Premier Securities Company Ltd.,Aakashbhairab Securities Ltd.,200,500.0,100000.0,2025-07-24 14:36:58.080794
2025-07-24,27915,2025072403025262,SFCL,Cristal Kanchanjanga Securites Pvt. Ltd.,Aakashbhairab Securities Ltd.,100,500.0,50000.0,2025-07-24 14:36:58.080916
2025-07-24,27914,2025072403025263,SFCL,Ashutosh Brokerage & Securities (PVT) Ltd.,Aakashbhairab Securities Ltd.,50,500.0,25000.0,2025-07-24 14:36:58.081020
2025-07-24,27913,2025072403025264,SFCL,Deevyaa Securities & Stock House Pvt. Ltd,Aakashbhairab Securities Ltd.,25,500.0,12500.0,2025-07-24 14:36:58.081112
2025-07-24,27912,2025072403025265,SFCL,Linch Stock Market Ltd.,Aakashbhairab Securities Ltd.,200,500.0,100000.0,2025-07-24 14:36:58.081188
2025-07-24,27911,2025072403025266,SFCL,Neev Securities Pvt. Ltd.,Aakashbhairab Securities Ltd.,200,500.0,100000.0,2025-07-24 14:36:58.081280
2025-07-24,27910,2025072403025267,SFCL,Sundhara Securities Limited,Aakashbhairab Securities Ltd.,50,500.0,25000.0,2025-07-24 14:36:58.081397
2025-07-24,27909,2025072403025268,SFCL,Trishakti Securities Public Limited,Aakashbhairab Securities Ltd.,50,500.0,25000.0,2025-07-24 14:36:58.081511
2025-07-24,27908,2025072403025269,SFCL,Naasa Securities Co. Ltd.,Aakashbhairab Securities Ltd.,100,500.0,50000.0,2025-07-24 14:36:58.081620
2025-07-24,27907,2025072403025270,SFCL,Agrawal Securities (PVT) Ltd.,Aakashbhairab Securities Ltd.,50,500.0,25000.0,2025-07-24 14:36:58.081725
2025-07-24,27906,2025072403025271,SFCL,Dipshikha Dhitopatra Karobar Co. Pvt Ltd.,Aakashbhairab Securities Ltd.,50,500.0,25000.0,2025-07-24 14:36:58.081832
2025-07-24,27905,2025072403025272,SFCL,Imperial Securities Company Pvt. Ltd.,Aakashbhairab Securities Ltd.,1003,500.0,501500.0,2025-07-24 14:36:58.081935
2025-07-24,27904,2025072403025273,SFCL,Dipshikha Dhitopatra Karobar Co. Pvt Ltd.,Aakashbhairab Securities Ltd.,200,500.0,100000.0,2025-07-24 14:36:58.082107
2025-07-24,27903,2025072403025274,SFCL,Global IME Securities Limited,Aakashbhairab Securities Ltd.,28,500.0,14000.0,2025-07-24 14:36:58.082226
2025-07-24,27902,2025072403025275,SFCL,Naasa Securities Co. Ltd.,Aakashbhairab Securities Ltd.,10,500.0,5000.0,2025-07-24 14:36:58.082310
2025-07-24,27901,2025072403025276,SFCL,Thrive Brokerage House Pvt. Ltd,Aakashbhairab Securities Ltd.,250,500.0,125000.0,2025-07-24 14:36:58.082415
2025-07-24,27900,2025072403025277,SFCL,Asian Securities Private Ltd.,Aakashbhairab Securities Ltd.,100,500.0,50000.0,2025-07-24 14:36:58.082517
2025-07-24,27899,2025072403025278,SFCL,Vision Securities Pvt. Ltd,Aakashbhairab Securities Ltd.,176,500.0,88000.0,2025-07-24 14:36:58.082645
2025-07-24,27794,2025072403025286,SFCL,Creative Securities Pvt Ltd,Aryatara Investment & Securities,100,500.2,50020.0,2025-07-24 14:37:06.008704
2025-07-24,27476,2025072403025357,SFCL,Creative Securities Pvt Ltd,Sumeru Securities Pvt. Ltd.,15,500.2,7503.0,2025-07-24 14:37:32.988717
2025-07-24,27475,2025072403025358,SFCL,Vision Securities Pvt. Ltd,Sumeru Securities Pvt. Ltd.,91,500.0,45500.0,2025-07-24 14:37:32.988893
2025-07-24,27474,2025072403025359,SFCL,Naasa Securities Co. Ltd.,Sumeru Securities Pvt. Ltd.,100,500.0,50000.0,2025-07-24 14:37:32.988971
2025-07-24,27157,2025072403025396,SFCL,Miyo Securities Pvt Ltd,Sumeru Securities Pvt. Ltd.,156,499.0,77844.0,2025-07-24 14:37:58.980395
2025-07-24,26781,2025072403025504,SFCL,Nepal Stock House (PVT) Ltd.,Imperial Securities Company Pvt. Ltd.,20,500.0,10000.0,2025-07-24 14:38:23.098675
2025-07-24,25604,2025072403025741,SFCL,Midas Stock Broking Company Private Limited,Imperial Securities Company Pvt. Ltd.,100,500.0,50000.0,2025-07-24 14:39:58.489623
2025-07-24,25603,2025072403025742,SFCL,Midas Stock Broking Company Private Limited,Oxford Securities Pvt. Ltd.,200,500.0,100000.0,2025-07-24 14:39:58.489823
2025-07-24,25546,2025072403025756,SFCL,Dynamic Money Managers Securities Pvt. Ltd.,Aryatara Investment & Securities,20,500.0,10000.0,2025-07-24 14:40:01.165740
2025-07-24,24453,2025072403026018,SFCL,Thrive Brokerage House Pvt. Ltd,Imperial Securities Company Pvt. Ltd.,90,499.9,44991.0,2025-07-24 14:41:31.405894
2025-07-24,24384,2025072403026037,SFCL,Secured Securities Ltd.,Swarna Laxmi Securities Pvt. Ltd.,100,499.3,49930.0,2025-07-24 14:41:36.783166
2025-07-24,24295,2025072403026059,SFCL,Secured Securities Ltd.,ABC Securities Private Limited,400,499.3,199720.0,2025-07-24 14:41:45.237333
2025-07-24,24294,2025072403026060,SFCL,Primo Securities (PVT) Ltd.,ABC Securities Private Limited,500,499.1,249550.0,2025-07-24 14:41:45.237535
2025-07-24,24293,2025072403026061,SFCL,Miyo Securities Pvt Ltd,ABC Securities Private Limited,844,499.0,421156.0,2025-07-24 14:41:45.237621
2025-07-24,24292,2025072403026062,SFCL,Naasa Securities Co. Ltd.,ABC Securities Private Limited,48,499.0,23952.0,2025-07-24 14:41:45.237696
2025-07-24,24291,2025072403026063,SFCL,Opal Securities Investment (PVT) Ltd.,ABC Securities Private Limited,55,499.0,27445.0,2025-07-24 14:41:45.237774
2025-07-24,24290,2025072403026064,SFCL,Aakashbhairab Securities Ltd.,ABC Securities Private Limited,100,499.0,49900.0,2025-07-24 14:41:45.237845
2025-07-24,24289,2025072403026065,SFCL,Nepal Stock House (PVT) Ltd.,ABC Securities Private Limited,53,499.0,26447.0,2025-07-24 14:41:45.237923
2025-07-24,23865,2025072403026154,SFCL,Nepal Stock House (PVT) Ltd.,Dipshikha Dhitopatra Karobar Co. Pvt Ltd.,247,499.0,123253.0,2025-07-24 14:42:24.320262
2025-07-24,23864,2025072403026155,SFCL,Sani Securities Company Ltd.,Dipshikha Dhitopatra Karobar Co. Pvt Ltd.,1000,499.0,499000.0,2025-07-24 14:42:24.320473
2025-07-24,23863,2025072403026156,SFCL,Nepal Stock House (PVT) Ltd.,Dipshikha Dhitopatra Karobar Co. Pvt Ltd.,30,498.1,14943.0,2025-07-24 14:42:24.320585
2025-07-24,23862,2025072403026157,SFCL,Naasa Securities Co. Ltd.,Dipshikha Dhitopatra Karobar Co. Pvt Ltd.,61,498.1,30384.1,2025-07-24 14:42:24.320657
2025-07-24,23861,2025072403026158,SFCL,Investment Management Nepal Pvt. Ltd.,Dipshikha Dhitopatra Karobar Co. Pvt Ltd.,90,498.0,44820.0,2025-07-24 14:42:24.320732
2025-07-24,23860,2025072403026159,SFCL,Sundhara Securities Limited,Dipshikha Dhitopatra Karobar Co. Pvt Ltd.,150,498.0,74700.0,2025-07-24 14:42:24.320812
2025-07-24,23859,2025072403026160,SFCL,Naasa Securities Co. Ltd.,Dipshikha Dhitopatra Karobar Co. Pvt Ltd.,150,498.0,74700.0,2025-07-24 14:42:24.320883
2025-07-24,23858,2025072403026161,SFCL,Thrive Brokerage House Pvt. Ltd,Dipshikha Dhitopatra Karobar Co. Pvt Ltd.,100,498.0,49800.0,2025-07-24 14:42:24.320954
2025-07-24,23857,2025072403026162,SFCL,Online Securities Pvt. Ltd.,Dipshikha Dhitopatra Karobar Co. Pvt Ltd.,180,498.0,89640.0,2025-07-24 14:42:24.321036
2025-07-24,23856,2025072403026163,SFCL,Neev Securities Pvt. Ltd.,Dipshikha Dhitopatra Karobar Co. Pvt Ltd.,100,497.9,49790.0,2025-07-24 14:42:24.321109
2025-07-24,23855,2025072403026164,SFCL,Agrawal Securities (PVT) Ltd.,Dipshikha Dhitopatra Karobar Co. Pvt Ltd.,10,497.0,4970.0,2025-07-24 14:42:24.321236
2025-07-24,23854,2025072403026165,SFCL,South Asian Bulls Pvt. Ltd.,Dipshikha Dhitopatra Karobar Co. Pvt Ltd.,40,497.0,19880.0,2025-07-24 14:42:24.321305
2025-07-24,23853,2025072403026166,SFCL,Online Securities Pvt. Ltd.,Dipshikha Dhitopatra Karobar Co. Pvt Ltd.,100,496.0,49600.0,2025-07-24 14:42:24.321375
2025-07-24,23852,2025072403026167,SFCL,Vision Securities Pvt. Ltd,Dipshikha Dhitopatra Karobar Co. Pvt Ltd.,500,496.0,248000.0,2025-07-24 14:42:24.321445
2025-07-24,23851,2025072403026168,SFCL,Asian Securities Private Ltd.,Dipshikha Dhitopatra Karobar Co. Pvt Ltd.,500,496.0,248000.0,2025-07-24 14:42:24.321514
2025-07-24,23850,2025072403026169,SFCL,Naasa Securities Co. Ltd.,Dipshikha Dhitopatra Karobar Co. Pvt Ltd.,100,496.0,49600.0,2025-07-24 14:42:24.321585
2025-07-24,23580,2025072403026216,SFCL,Naasa Securities Co. Ltd.,Dipshikha Dhitopatra Karobar Co. Pvt Ltd.,115,496.0,57040.0,2025-07-24 14:42:38.221221
2025-07-24,23536,2025072403026228,SFCL,Dipshikha Dhitopatra Karobar Co. Pvt Ltd.,Dipshikha Dhitopatra Karobar Co. Pvt Ltd.,10,496.0,4960.0,2025-07-24 14:42:41.915788
2025-07-24,23531,2025072403026229,SFCL,Nepal Stock House (PVT) Ltd.,Dipshikha Dhitopatra Karobar Co. Pvt Ltd.,19,496.0,9424.0,2025-07-24 14:42:42.114394
2025-07-24,23179,2025072403026343,SFCL,Nepal Stock House (PVT) Ltd.,Himalayan Brokerage Company Limited,31,496.0,15376.0,2025-07-24 14:43:07.560078
2025-07-24,23178,2025072403026344,SFCL,Sani Securities Company Ltd.,Himalayan Brokerage Company Limited,20,496.0,9920.0,2025-07-24 14:43:07.560275
2025-07-24,23166,2025072403026345,SFCL,Sani Securities Company Ltd.,Himalayan Brokerage Company Limited,100,496.0,49600.0,2025-07-24 14:43:08.551659
2025-07-24,23143,2025072403026350,SFCL,Siprabi Securities Pvt. Ltd.,Himalayan Brokerage Company Limited,10,496.0,4960.0,2025-07-24 14:43:10.583651
2025-07-24,23053,2025072403026371,SFCL,Online Securities Pvt. Ltd.,Himalayan Brokerage Company Limited,39,496.0,19344.0,2025-07-24 14:43:15.514165
2025-07-24,23029,2025072403026383,SFCL,Vision Securities Pvt. Ltd,Nepal Stock House (PVT) Ltd.,10,499.0,4990.0,2025-07-24 14:43:16.437265
2025-07-24,22156,2025072403026595,SFCL,Sani Securities Company Ltd.,Neev Securities Pvt. Ltd.,50,496.0,24800.0,2025-07-24 14:44:15.299551
2025-07-24,22155,2025072403026596,SFCL,Dipshikha Dhitopatra Karobar Co. Pvt Ltd.,Neev Securities Pvt. Ltd.,20,496.0,9920.0,2025-07-24 14:44:15.299777
2025-07-24,22154,2025072403026597,SFCL,Himalayan Brokerage Company Limited,Neev Securities Pvt. Ltd.,80,496.0,39680.0,2025-07-24 14:44:15.299884
2025-07-24,21125,2025072403026828,SFCL,Sani Securities Company Ltd.,Nepal Stock House (PVT) Ltd.,10,496.3,4963.0,2025-07-24 14:45:21.512168
2025-07-24,20919,2025072403026865,SFCL,Nepal Stock House (PVT) Ltd.,South Asian Bulls Pvt. Ltd.,20,496.4,9928.0,2025-07-24 14:45:34.230789
2025-07-24,20918,2025072403026866,SFCL,Sani Securities Company Ltd.,South Asian Bulls Pvt. Ltd.,40,496.3,19852.0,2025-07-24 14:45:34.230973
2025-07-24,20917,2025072403026867,SFCL,South Asian Bulls Pvt. Ltd.,South Asian Bulls Pvt. Ltd.,50,496.3,24815.0,2025-07-24 14:45:34.231066
2025-07-24,20916,2025072403026868,SFCL,Cristal Kanchanjanga Securites Pvt. Ltd.,South Asian Bulls Pvt. Ltd.,20,496.2,9924.0,2025-07-24 14:45:34.231148
2025-07-24,18996,2025072403027229,SFCL,Cristal Kanchanjanga Securites Pvt. Ltd.,SHUBHAKAMANA SECURITIES PVT. LTD,323,498.0,160854.0,2025-07-24 14:47:44.071869
2025-07-24,18995,2025072403027230,SFCL,Naasa Securities Co. Ltd.,SHUBHAKAMANA SECURITIES PVT. LTD,30,498.0,14940.0,2025-07-24 14:47:44.072090
2025-07-24,18994,2025072403027231,SFCL,Elite Stock House Limited,SHUBHAKAMANA SECURITIES PVT. LTD,100,497.1,49710.0,2025-07-24 14:47:44.072183
2025-07-24,18993,2025072403027232,SFCL,Online Securities Pvt. Ltd.,SHUBHAKAMANA SECURITIES PVT. LTD,200,497.1,99420.0,2025-07-24 14:47:44.072264
2025-07-24,18992,2025072403027233,SFCL,Kohinoor Investment & Securities Pvt. Ltd.,SHUBHAKAMANA SECURITIES PVT. LTD,50,497.0,24850.0,2025-07-24 14:47:44.072345
2025-07-24,18991,2025072403027234,SFCL,Vision Securities Pvt. Ltd,SHUBHAKAMANA SECURITIES PVT. LTD,21,496.5,10426.5,2025-07-24 14:47:44.072426
2025-07-24,18990,2025072403027235,SFCL,Midas Stock Broking Company Private Limited,SHUBHAKAMANA SECURITIES PVT. LTD,766,496.4,380242.4,2025-07-24 14:47:44.072507
2025-07-24,18918,2025072403027253,SFCL,Neev Securities Pvt. Ltd.,Hatemalo Financial Services Private Limited,500,498.9,249450.0,2025-07-24 14:47:47.973391
2025-07-24,18651,2025072403027322,SFCL,Nepal Stock House (PVT) Ltd.,Aryatara Investment & Securities,50,498.9,24945.0,2025-07-24 14:48:03.592626
2025-07-24,18650,2025072403027323,SFCL,Midas Stock Broking Company Private Limited,Aryatara Investment & Securities,234,496.4,116157.6,2025-07-24 14:48:03.593017
2025-07-24,18649,2025072403027324,SFCL,Premier Securities Company Ltd.,Aryatara Investment & Securities,100,496.3,49630.0,2025-07-24 14:48:03.593281
2025-07-24,18648,2025072403027325,SFCL,Sundhara Securities Limited,Aryatara Investment & Securities,10,496.2,4962.0,2025-07-24 14:48:03.593511
2025-07-24,18647,2025072403027326,SFCL,Himalayan Brokerage Company Limited,Aryatara Investment & Securities,50,496.1,24805.0,2025-07-24 14:48:03.593745
2025-07-24,18646,2025072403027327,SFCL,Himalayan Brokerage Company Limited,Aryatara Investment & Securities,320,496.0,158720.0,2025-07-24 14:48:03.593969
2025-07-24,18645,2025072403027328,SFCL,Sani Securities Company Ltd.,Aryatara Investment & Securities,20,496.0,9920.0,2025-07-24 14:48:03.594209
2025-07-24,18644,2025072403027329,SFCL,Aryatara Investment & Securities,Aryatara Investment & Securities,50,496.0,24800.0,2025-07-24 14:48:03.594434
2025-07-24,18643,2025072403027330,SFCL,Neev Securities Pvt. Ltd.,Aryatara Investment & Securities,40,496.0,19840.0,2025-07-24 14:48:03.594648
2025-07-24,18642,2025072403027331,SFCL,Premier Securities Company Ltd.,Aryatara Investment & Securities,10,496.0,4960.0,2025-07-24 14:48:03.594864
2025-07-24,18641,2025072403027332,SFCL,Dipshikha Dhitopatra Karobar Co. Pvt Ltd.,Aryatara Investment & Securities,20,496.0,9920.0,2025-07-24 14:48:03.595090
2025-07-24,18640,2025072403027333,SFCL,Aryatara Investment & Securities,Aryatara Investment & Securities,32,496.0,15872.0,2025-07-24 14:48:03.595305
2025-07-24,18639,2025072403027334,SFCL,Malla & Malla Stock Broking Company Pvt. Limited,Aryatara Investment & Securities,30,496.0,14880.0,2025-07-24 14:48:03.595516
2025-07-24,18466,2025072403027385,SFCL,Vision Securities Pvt. Ltd,SHUBHAKAMANA SECURITIES PVT. LTD,10,495.9,4959.0,2025-07-24 14:48:14.371610
2025-07-24,18271,2025072403027436,SFCL,Imperial Securities Company Pvt. Ltd.,Aryatara Investment & Securities,10,496.0,4960.0,2025-07-24 14:48:26.710692
2025-07-24,18231,2025072403027444,SFCL,Midas Stock Broking Company Private Limited,Aryatara Investment & Securities,10,496.0,4960.0,2025-07-24 14:48:28.386557
2025-07-24,18220,2025072403027450,SFCL,Secured Securities Ltd.,Aryatara Investment & Securities,101,496.0,50096.0,2025-07-24 14:48:28.797192
2025-07-24,18194,2025072403027454,SFCL,Vision Securities Pvt. Ltd,Aryatara Investment & Securities,100,496.0,49600.0,2025-07-24 14:48:30.189377
2025-07-24,18096,2025072403027474,SFCL,Sani Securities Company Ltd.,Aryatara Investment & Securities,100,496.0,49600.0,2025-07-24 14:48:35.335813
2025-07-24,18062,2025072403027487,SFCL,Nepal Stock House (PVT) Ltd.,Aryatara Investment & Securities,50,496.0,24800.0,2025-07-24 14:48:37.765677
2025-07-24,17865,2025072403027532,SFCL,Vision Securities Pvt. Ltd,Sweta Securities Private Limited,100,495.9,49590.0,2025-07-24 14:48:52.291590
2025-07-24,17729,2025072403027549,SFCL,SHUBHAKAMANA SECURITIES PVT. LTD,Aryatara Investment & Securities,10,496.0,4960.0,2025-07-24 14:49:00.047798
2025-07-24,17667,2025072403027564,SFCL,Vision Securities Pvt. Ltd,Aryatara Investment & Securities,10,496.0,4960.0,2025-07-24 14:49:03.373318
2025-07-24,17661,2025072403027566,SFCL,Premier Securities Company Ltd.,Aryatara Investment & Securities,323,496.0,160208.0,2025-07-24 14:49:03.995803
2025-07-24,17417,2025072403027629,SFCL,Investment Management Nepal Pvt. Ltd.,Sewa Securities Pvt. Ltd.,10,499.5,4995.0,2025-07-24 14:49:19.150067
2025-07-24,17416,2025072403027630,SFCL,Investment Management Nepal Pvt. Ltd.,Trishakti Securities Public Limited,10,500.0,5000.0,2025-07-24 14:49:19.150172
2025-07-24,16859,2025072403027758,SFCL,Sani Securities Company Ltd.,Sumeru Securities Pvt. Ltd.,10,496.3,4963.0,2025-07-24 14:49:51.372558
2025-07-24,16858,2025072403027759,SFCL,Sani Securities Company Ltd.,Sumeru Securities Pvt. Ltd.,10,496.2,4962.0,2025-07-24 14:49:51.372779
2025-07-24,16857,2025072403027760,SFCL,Oxford Securities Pvt. Ltd.,Sumeru Securities Pvt. Ltd.,100,496.2,49620.0,2025-07-24 14:49:51.372873
2025-07-24,16856,2025072403027761,SFCL,Naasa Securities Co. Ltd.,Sumeru Securities Pvt. Ltd.,80,496.1,39688.0,2025-07-24 14:49:51.372952
2025-07-24,13228,2025072403028568,SFCL,Agrawal Securities (PVT) Ltd.,Aryatara Investment & Securities,100,497.3,49730.0,2025-07-24 14:52:56.578895
2025-07-24,13227,2025072403028569,SFCL,Sundhara Securities Limited,Aryatara Investment & Securities,500,497.2,248600.0,2025-07-24 14:52:56.579133
2025-07-24,13226,2025072403028570,SFCL,Sani Securities Company Ltd.,Aryatara Investment & Securities,210,497.2,104412.0,2025-07-24 14:52:56.579221
2025-07-24,12274,2025072403028774,SFCL,Aryatara Investment & Securities,J.F. Securites (PVT) Ltd.,20,497.4,9948.0,2025-07-24 14:53:47.315212
2025-07-24,12273,2025072403028775,SFCL,South Asian Bulls Pvt. Ltd.,J.F. Securites (PVT) Ltd.,20,497.4,9948.0,2025-07-24 14:53:47.315445
2025-07-24,12272,2025072403028776,SFCL,SHUBHAKAMANA SECURITIES PVT. LTD,J.F. Securites (PVT) Ltd.,20,497.3,9946.0,2025-07-24 14:53:47.315544
2025-07-24,12271,2025072403028777,SFCL,Sani Securities Company Ltd.,J.F. Securites (PVT) Ltd.,219,497.2,108886.8,2025-07-24 14:53:47.315641
2025-07-24,12135,2025072403028799,SFCL,Sani Securities Company Ltd.,Asian Securities Private Ltd.,226,497.2,112367.2,2025-07-24 14:53:54.355997
2025-07-24,12134,2025072403028800,SFCL,KALASH STOCK MARKET PVT. LTD.,Asian Securities Private Ltd.,100,497.2,49720.0,2025-07-24 14:53:54.356443
2025-07-24,12133,2025072403028801,SFCL,Trisul Securities & Invt. Ltd.,Asian Securities Private Ltd.,200,497.0,99400.0,2025-07-24 14:53:54.356709
2025-07-24,12132,2025072403028802,SFCL,Imperial Securities Company Pvt. Ltd.,Asian Securities Private Ltd.,50,497.0,24850.0,2025-07-24 14:53:54.356962
2025-07-24,12131,2025072403028803,SFCL,Nepal Investment And Securities Trading Private Limited,Asian Securities Private Ltd.,100,497.0,49700.0,2025-07-24 14:53:54.357234
2025-07-24,12130,2025072403028804,SFCL,Neev Securities Pvt. Ltd.,Asian Securities Private Ltd.,324,496.8,160963.2,2025-07-24 14:53:54.357498
2025-07-24,12098,2025072403028810,SFCL,Vision Securities Pvt. Ltd,Linch Stock Market Ltd.,10,497.4,4974.0,2025-07-24 14:53:55.829947
2025-07-24,11918,2025072403028837,SFCL,Himalayan Brokerage Company Limited,ABC Securities Private Limited,70,497.0,34790.0,2025-07-24 14:54:05.862237
2025-07-24,11475,2025072403028925,SFCL,Neev Securities Pvt. Ltd.,ABC Securities Private Limited,176,496.8,87436.8,2025-07-24 14:54:28.039923
2025-07-24,11474,2025072403028926,SFCL,Sani Securities Company Ltd.,ABC Securities Private Limited,10,496.4,4964.0,2025-07-24 14:54:28.040166
2025-07-24,11473,2025072403028927,SFCL,Sani Securities Company Ltd.,ABC Securities Private Limited,10,496.3,4963.0,2025-07-24 14:54:28.040252
2025-07-24,11472,2025072403028928,SFCL,Sani Securities Company Ltd.,ABC Securities Private Limited,10,496.2,4962.0,2025-07-24 14:54:28.040336
2025-07-24,11471,2025072403028929,SFCL,Naasa Securities Co. Ltd.,ABC Securities Private Limited,120,496.1,59532.0,2025-07-24 14:54:28.040420
2025-07-24,11470,2025072403028930,SFCL,South Asian Bulls Pvt. Ltd.,ABC Securities Private Limited,20,496.1,9922.0,2025-07-24 14:54:28.040501
2025-07-24,11469,2025072403028931,SFCL,Neev Securities Pvt. Ltd.,ABC Securities Private Limited,154,496.1,76399.4,2025-07-24 14:54:28.040583
2025-07-24,11137,2025072403028980,SFCL,Vision Securities Pvt. Ltd,Dynamic Money Managers Securities Pvt. Ltd.,200,496.8,99360.0,2025-07-24 14:54:43.173829
2025-07-24,10517,2025072403029135,SFCL,Kohinoor Investment & Securities Pvt. Ltd.,Dynamic Money Managers Securities Pvt. Ltd.,340,496.8,168912.0,2025-07-24 14:55:07.339762
2025-07-24,10483,2025072403029144,SFCL,Kohinoor Investment & Securities Pvt. Ltd.,ABC Securities Private Limited,15,496.2,7443.0,2025-07-24 14:55:08.086809
2025-07-24,10482,2025072403029145,SFCL,Neev Securities Pvt. Ltd.,ABC Securities Private Limited,46,496.1,22820.6,2025-07-24 14:55:08.087035
2025-07-24,10481,2025072403029146,SFCL,Asian Securities Private Ltd.,ABC Securities Private Limited,30,496.1,14883.0,2025-07-24 14:55:08.087131
2025-07-24,10480,2025072403029147,SFCL,Premier Securities Company Ltd.,ABC Securities Private Limited,177,496.0,87792.0,2025-07-24 14:55:08.087223
2025-07-24,10479,2025072403029148,SFCL,Sani Securities Company Ltd.,ABC Securities Private Limited,50,496.0,24800.0,2025-07-24 14:55:08.087328
2025-07-24,10478,2025072403029149,SFCL,Sri Hari Securities Pvt. Ltd.,ABC Securities Private Limited,15,496.0,7440.0,2025-07-24 14:55:08.087433
2025-07-24,10477,2025072403029150,SFCL,Premier Securities Company Ltd.,ABC Securities Private Limited,200,496.0,99200.0,2025-07-24 14:55:08.087560
2025-07-24,10476,2025072403029151,SFCL,Online Securities Pvt. Ltd.,ABC Securities Private Limited,10,496.0,4960.0,2025-07-24 14:55:08.087688
2025-07-24,10475,2025072403029152,SFCL,Aryatara Investment & Securities,ABC Securities Private Limited,200,496.0,99200.0,2025-07-24 14:55:08.087811
2025-07-24,10474,2025072403029153,SFCL,Trishakti Securities Public Limited,ABC Securities Private Limited,50,496.0,24800.0,2025-07-24 14:55:08.087945
2025-07-24,10473,2025072403029154,SFCL,Sri Hari Securities Pvt. Ltd.,ABC Securities Private Limited,130,496.0,64480.0,2025-07-24 14:55:08.088075
2025-07-24,10472,2025072403029155,SFCL,Premier Securities Company Ltd.,ABC Securities Private Limited,50,496.0,24800.0,2025-07-24 14:55:08.088205
2025-07-24,10471,2025072403029156,SFCL,Vision Securities Pvt. Ltd,ABC Securities Private Limited,27,495.9,13389.3,2025-07-24 14:55:08.088325
2025-07-24,10273,2025072403029218,SFCL,Naasa Securities Co. Ltd.,Nepal Stock House (PVT) Ltd.,230,496.0,114080.0,2025-07-24 14:55:16.980089
2025-07-24,10157,2025072403029239,SFCL,Naasa Securities Co. Ltd.,Trishakti Securities Public Limited,140,496.0,69440.0,2025-07-24 14:55:21.549176
2025-07-24,9957,2025072403029276,SFCL,Linch Stock Market Ltd.,Opal Securities Investment (PVT) Ltd.,30,496.5,14895.0,2025-07-24 14:55:30.771313
2025-07-24,9847,2025072403029306,SFCL,Naasa Securities Co. Ltd.,Secured Securities Ltd.,30,496.0,14880.0,2025-07-24 14:55:34.543080
2025-07-24,9462,2025072403029406,SFCL,Naasa Securities Co. Ltd.,Dynamic Money Managers Securities Pvt. Ltd.,30,496.1,14883.0,2025-07-24 14:55:47.228811
2025-07-24,9461,2025072403029407,SFCL,Naasa Securities Co. Ltd.,Dynamic Money Managers Securities Pvt. Ltd.,600,496.0,297600.0,2025-07-24 14:55:47.229055
2025-07-24,9460,2025072403029408,SFCL,Naasa Securities Co. Ltd.,Dynamic Money Managers Securities Pvt. Ltd.,135,496.0,66960.0,2025-07-24 14:55:47.229156
2025-07-24,9225,2025072403029452,SFCL,Investment Management Nepal Pvt. Ltd.,Opal Securities Investment (PVT) Ltd.,70,496.5,34755.0,2025-07-24 14:55:56.328146
2025-07-24,9224,2025072403029453,SFCL,Investment Management Nepal Pvt. Ltd.,ABC Securities Private Limited,153,497.0,76041.0,2025-07-24 14:55:56.328205
2025-07-24,9223,2025072403029454,SFCL,Investment Management Nepal Pvt. Ltd.,Online Securities Pvt. Ltd.,77,497.0,38269.0,2025-07-24 14:55:56.328230
2025-07-24,9189,2025072403029467,SFCL,Naasa Securities Co. Ltd.,Dipshikha Dhitopatra Karobar Co. Pvt Ltd.,140,496.0,69440.0,2025-07-24 14:55:58.497072
2025-07-24,9000,2025072403029526,SFCL,Naasa Securities Co. Ltd.,Online Securities Pvt. Ltd.,225,496.0,111600.0,2025-07-24 14:56:06.207304
2025-07-24,8999,2025072403029527,SFCL,Asian Securities Private Ltd.,Online Securities Pvt. Ltd.,23,496.0,11408.0,2025-07-24 14:56:06.207525
2025-07-24,8720,2025072403029608,SFCL,Opal Securities Investment (PVT) Ltd.,Thrive Brokerage House Pvt. Ltd,50,496.5,24825.0,2025-07-24 14:56:16.131580
2025-07-24,8719,2025072403029609,SFCL,Asian Securities Private Ltd.,Thrive Brokerage House Pvt. Ltd,27,496.0,13392.0,2025-07-24 14:56:16.131790
2025-07-24,8718,2025072403029610,SFCL,Dipshikha Dhitopatra Karobar Co. Pvt Ltd.,Thrive Brokerage House Pvt. Ltd,10,496.0,4960.0,2025-07-24 14:56:16.131884
2025-07-24,8717,2025072403029611,SFCL,Trisul Securities & Invt. Ltd.,Thrive Brokerage House Pvt. Ltd,13,496.0,6448.0,2025-07-24 14:56:16.131975
2025-07-24,8671,2025072403029631,SFCL,Online Securities Pvt. Ltd.,Agrawal Securities (PVT) Ltd.,10,498.0,4980.0,2025-07-24 14:56:17.356298
2025-07-24,7543,2025072403029941,SFCL,Creative Securities Pvt Ltd,Agrawal Securities (PVT) Ltd.,50,498.0,24900.0,2025-07-24 14:57:00.257383
2025-07-24,6896,2025072403030085,SFCL,Sani Securities Company Ltd.,Agrawal Securities (PVT) Ltd.,100,498.0,49800.0,2025-07-24 14:57:20.979596
2025-07-24,6844,2025072403030089,SFCL,Thrive Brokerage House Pvt. Ltd,Trishakti Securities Public Limited,50,497.0,24850.0,2025-07-24 14:57:21.791869
2025-07-24,6751,2025072403030113,SFCL,Imperial Securities Company Pvt. Ltd.,Agrawal Securities (PVT) Ltd.,100,498.0,49800.0,2025-07-24 14:57:26.221456
2025-07-24,6326,2025072403030172,SFCL,Oxford Securities Pvt. Ltd.,Agrawal Securities (PVT) Ltd.,40,498.0,19920.0,2025-07-24 14:57:38.270145
2025-07-24,5093,2025072403030448,SFCL,Naasa Securities Co. Ltd.,Cristal Kanchanjanga Securites Pvt. Ltd.,150,498.0,74700.0,2025-07-24 14:58:21.042964
2025-07-24,4579,2025072403030533,SFCL,Kohinoor Investment & Securities Pvt. Ltd.,Kumari Securities Private Limited,50,498.0,24900.0,2025-07-24 14:58:38.132940
2025-07-24,4565,2025072403030536,SFCL,Trisul Securities & Invt. Ltd.,Kumari Securities Private Limited,245,498.0,122010.0,2025-07-24 14:58:38.745888
2025-07-24,4242,2025072403030589,SFCL,Thrive Brokerage House Pvt. Ltd,Dipshikha Dhitopatra Karobar Co. Pvt Ltd.,50,497.0,24850.0,2025-07-24 14:58:47.439262
2025-07-24,4241,2025072403030590,SFCL,Naasa Securities Co. Ltd.,Dipshikha Dhitopatra Karobar Co. Pvt Ltd.,10,497.0,4970.0,2025-07-24 14:58:47.439304
2025-07-24,4240,2025072403030591,SFCL,Naasa Securities Co. Ltd.,Dipshikha Dhitopatra Karobar Co. Pvt Ltd.,100,497.0,49700.0,2025-07-24 14:58:47.439335
2025-07-24,4239,2025072403030592,SFCL,Trisul Securities & Invt. Ltd.,Dipshikha Dhitopatra Karobar Co. Pvt Ltd.,187,497.0,92939.0,2025-07-24 14:58:47.439363
2025-07-24,4238,2025072403030593,SFCL,Asian Securities Private Ltd.,Dipshikha Dhitopatra Karobar Co. Pvt Ltd.,300,497.0,149100.0,2025-07-24 14:58:47.439397
2025-07-24,4237,2025072403030594,SFCL,Premier Securities Company Ltd.,Dipshikha Dhitopatra Karobar Co. Pvt Ltd.,353,497.0,175441.0,2025-07-24 14:58:47.439419
2025-07-24,4057,2025072403030647,SFCL,Siprabi Securities Pvt. Ltd.,Sri Hari Securities Pvt. Ltd.,30,497.8,14934.0,2025-07-24 14:58:51.609560
2025-07-24,3523,2025072403030745,SFCL,Premier Securities Company Ltd.,South Asian Bulls Pvt. Ltd.,450,497.0,223650.0,2025-07-24 14:59:04.521702
2025-07-24,3496,2025072403030757,SFCL,Premier Securities Company Ltd.,Linch Stock Market Ltd.,197,497.0,97909.0,2025-07-24 14:59:05.100579
2025-07-24,3495,2025072403030758,SFCL,Linch Stock Market Ltd.,Linch Stock Market Ltd.,300,497.0,149100.0,2025-07-24 14:59:05.100799
2025-07-24,3196,2025072403030819,SFCL,Trishakti Securities Public Limited,Linch Stock Market Ltd.,28,497.0,13916.0,2025-07-24 14:59:12.359867
2025-07-24,2624,2025072403030904,SFCL,Trishakti Securities Public Limited,Kumari Securities Private Limited,22,497.0,10934.0,2025-07-24 14:59:22.677357
2025-07-24,2623,2025072403030905,SFCL,Vision Securities Pvt. Ltd,Kumari Securities Private Limited,84,497.0,41748.0,2025-07-24 14:59:22.677569
2025-07-24,2462,2025072403030942,SFCL,Vision Securities Pvt. Ltd,Sri Hari Securities Pvt. Ltd.,416,497.0,206752.0,2025-07-24 14:59:25.405114
2025-07-24,2461,2025072403030943,SFCL,Naasa Securities Co. Ltd.,Sri Hari Securities Pvt. Ltd.,40,497.0,19880.0,2025-07-24 14:59:25.405337
2025-07-24,2456,2025072403030944,SFCL,ABC Securities Private Limited,Sri Hari Securities Pvt. Ltd.,300,497.0,149100.0,2025-07-24 14:59:25.506390
2025-07-24,1956,2025072403030987,SFCL,Naasa Securities Co. Ltd.,Sri Hari Securities Pvt. Ltd.,50,497.0,24850.0,2025-07-24 14:59:31.733054
2025-07-24,1486,2025072403031096,SFCL,Naasa Securities Co. Ltd.,Sri Hari Securities Pvt. Ltd.,10,497.0,4970.0,2025-07-24 14:59:38.456835
2025-07-24,966,2025072403031206,SFCL,Arun Securities (PVT) Ltd.,Sri Hari Securities Pvt. Ltd.,100,497.0,49700.0,2025-07-24 14:59:46.156848
2025-07-24,952,2025072403031208,SFCL,Sani Securities Company Ltd.,Sri Hari Securities Pvt. Ltd.,10,497.0,4970.0,2025-07-24 14:59:46.590098
2025-07-24,682,2025072403031265,SFCL,Pragyan Securities (PVT) Ltd.,Sri Hari Securities Pvt. Ltd.,44,497.0,21868.0,2025-07-24 14:59:51.317595
2025-07-24,681,2025072403031266,SFCL,Pragyan Securities (PVT) Ltd.,Naasa Securities Co. Ltd.,56,497.0,27832.0,2025-07-24 14:59:51.317824
2025-07-24,642,2025072403031275,SFCL,ABC Securities Private Limited,Naasa Securities Co. Ltd.,37,497.0,18389.0,2025-07-24 14:59:51.825000
2025-07-24,641,2025072403031276,SFCL,ABC Securities Private Limited,Pragyan Securities (PVT) Ltd.,200,497.0,99400.0,2025-07-24 14:59:51.825270
2025-07-24,640,2025072403031277,SFCL,ABC Securities Private Limited,South Asian Bulls Pvt. Ltd.,163,497.0,81011.0,2025-07-24 14:59:51.825384
2025-07-24,441,2025072403031326,SFCL,Dipshikha Dhitopatra Karobar Co. Pvt Ltd.,Imperial Securities Company Pvt. Ltd.,25,496.7,12417.5,2025-07-24 14:59:54.794749
2025-07-24,440,2025072403031327,SFCL,Trishakti Securities Public Limited,Imperial Securities Company Pvt. Ltd.,50,496.7,24835.0,2025-07-24 14:59:54.794984
2025-07-24,439,2025072403031328,SFCL,Aryatara Investment & Securities,Imperial Securities Company Pvt. Ltd.,25,496.6,12415.0,2025-07-24 14:59:54.795079
2025-07-24,354,2025072403031336,SFCL,NIMB Stock Markets Limited,South Asian Bulls Pvt. Ltd.,135,497.0,67095.0,2025-07-24 14:59:55.708594
2025-07-24,97,2025072403031392,SFCL,Aryatara Investment & Securities,Cristal Kanchanjanga Securites Pvt. Ltd.,40,496.6,19864.0,2025-07-24 14:59:58.701965
