Date,S.N.,Contract ID,Symbol,Buyer Broker,Seller Broker,quantity,rate,amount,transaction_time
2025-07-17,141396,2025071701000005,GBIME,Online Securities Pvt. Ltd.,Nepal Stock House (PVT) Ltd.,20,262.0,5240.0,2025-07-17 10:46:00.047328
2025-07-17,141218,2025071701000069,GBIME,Siprabi Securities Pvt. Ltd.,Naasa Securities Co. Ltd.,10,264.0,2640.0,2025-07-17 11:00:54.129204
2025-07-17,141132,2025071701000080,GBIME,Asian Securities Private Ltd.,Naasa Securities Co. Ltd.,10,264.0,2640.0,2025-07-17 11:01:14.483465
2025-07-17,141131,2025071701000081,GBIME,Asian Securities Private Ltd.,Dynamic Money Managers Securities Pvt. Ltd.,300,264.0,79200.0,2025-07-17 11:01:14.483542
2025-07-17,141092,2025071701000097,GBIME,Asian Securities Private Ltd.,Dynamic Money Managers Securities Pvt. Ltd.,267,264.0,70488.0,2025-07-17 11:01:22.786435
2025-07-17,140997,2025071701000125,GBIME,Asian Securities Private Ltd.,Thrive Brokerage House Pvt. Ltd,30,264.0,7920.0,2025-07-17 11:01:38.403469
2025-07-17,140932,2025071701000151,GBIME,Aakashbhairab Securities Ltd.,Sweta Securities Private Limited,103,264.4,27233.2,2025-07-17 11:01:50.621190
2025-07-17,140822,2025071701000175,GBIME,Aakashbhairab Securities Ltd.,Naasa Securities Co. Ltd.,10,264.4,2644.0,2025-07-17 11:02:09.965529
2025-07-17,140729,2025071701000209,GBIME,Aakashbhairab Securities Ltd.,Sri Hari Securities Pvt. Ltd.,380,264.4,100472.0,2025-07-17 11:02:24.515313
2025-07-17,140711,2025071701000215,GBIME,Shree Krishna Securities Ltd.,Vision Securities Pvt. Ltd,210,264.5,55545.0,2025-07-17 11:02:27.109129
2025-07-17,140710,2025071701000216,GBIME,Shree Krishna Securities Ltd.,Nepal Stock House (PVT) Ltd.,200,264.6,52920.0,2025-07-17 11:02:27.109173
2025-07-17,140709,2025071701000217,GBIME,Shree Krishna Securities Ltd.,Dakshinkali Investment & Securities Pvt. Ltd.,68,264.7,17999.6,2025-07-17 11:02:27.109204
2025-07-17,140708,2025071701000218,GBIME,Shree Krishna Securities Ltd.,Sani Securities Company Ltd.,100,264.7,26470.0,2025-07-17 11:02:27.109229
2025-07-17,140707,2025071701000219,GBIME,Shree Krishna Securities Ltd.,Imperial Securities Company Pvt. Ltd.,2000,264.7,529400.0,2025-07-17 11:02:27.109260
2025-07-17,140706,2025071701000220,GBIME,Shree Krishna Securities Ltd.,Dipshikha Dhitopatra Karobar Co. Pvt Ltd.,320,264.7,84704.0,2025-07-17 11:02:27.109286
2025-07-17,140705,2025071701000221,GBIME,Shree Krishna Securities Ltd.,South Asian Bulls Pvt. Ltd.,40,264.7,10588.0,2025-07-17 11:02:27.109310
2025-07-17,140704,2025071701000222,GBIME,Shree Krishna Securities Ltd.,Siprabi Securities Pvt. Ltd.,123,264.7,32558.1,2025-07-17 11:02:27.109333
2025-07-17,140703,2025071701000223,GBIME,Shree Krishna Securities Ltd.,Shree Krishna Securities Ltd.,36,264.7,9529.2,2025-07-17 11:02:27.109358
2025-07-17,140702,2025071701000224,GBIME,Shree Krishna Securities Ltd.,Bhrikuti Stock Broking Co. Pvt. Ltd.,400,264.7,105880.0,2025-07-17 11:02:27.109381
2025-07-17,140701,2025071701000225,GBIME,Shree Krishna Securities Ltd.,Swarna Laxmi Securities Pvt. Ltd.,95,264.7,25146.5,2025-07-17 11:02:27.109404
2025-07-17,140700,2025071701000226,GBIME,Shree Krishna Securities Ltd.,Imperial Securities Company Pvt. Ltd.,1618,265.0,428770.0,2025-07-17 11:02:27.109426
2025-07-17,140699,2025071701000227,GBIME,Shree Krishna Securities Ltd.,Kumari Securities Private Limited,80,265.0,21200.0,2025-07-17 11:02:27.109448
2025-07-17,140698,2025071701000228,GBIME,Shree Krishna Securities Ltd.,Kumari Securities Private Limited,100,265.0,26500.0,2025-07-17 11:02:27.109471
2025-07-17,140697,2025071701000229,GBIME,Shree Krishna Securities Ltd.,Kumari Securities Private Limited,50,265.0,13250.0,2025-07-17 11:02:27.109498
2025-07-17,140696,2025071701000230,GBIME,Shree Krishna Securities Ltd.,Malla & Malla Stock Broking Company Pvt. Limited,100,266.0,26600.0,2025-07-17 11:02:27.109522
2025-07-17,140695,2025071701000231,GBIME,Shree Krishna Securities Ltd.,Kohinoor Investment & Securities Pvt. Ltd.,100,267.0,26700.0,2025-07-17 11:02:27.109546
2025-07-17,140694,2025071701000232,GBIME,Shree Krishna Securities Ltd.,ABC Securities Private Limited,500,267.0,133500.0,2025-07-17 11:02:27.109570
2025-07-17,140693,2025071701000233,GBIME,Shree Krishna Securities Ltd.,Dynamic Money Managers Securities Pvt. Ltd.,200,267.0,53400.0,2025-07-17 11:02:27.109593
2025-07-17,140692,2025071701000234,GBIME,Shree Krishna Securities Ltd.,Swarna Laxmi Securities Pvt. Ltd.,500,267.0,133500.0,2025-07-17 11:02:27.109615
2025-07-17,140691,2025071701000235,GBIME,Shree Krishna Securities Ltd.,APPLE SECURITIES PRIVATE LIMITED,500,267.2,133600.0,2025-07-17 11:02:27.109638
2025-07-17,140690,2025071701000236,GBIME,Shree Krishna Securities Ltd.,Imperial Securities Company Pvt. Ltd.,3220,267.2,860384.0,2025-07-17 11:02:27.109661
2025-07-17,140689,2025071701000237,GBIME,Shree Krishna Securities Ltd.,Sani Securities Company Ltd.,1000,268.0,268000.0,2025-07-17 11:02:27.109701
2025-07-17,140688,2025071701000238,GBIME,Shree Krishna Securities Ltd.,Linch Stock Market Ltd.,50,268.0,13400.0,2025-07-17 11:02:27.109724
2025-07-17,140687,2025071701000239,GBIME,Shree Krishna Securities Ltd.,South Asian Bulls Pvt. Ltd.,500,269.0,134500.0,2025-07-17 11:02:27.109750
2025-07-17,140686,2025071701000240,GBIME,Shree Krishna Securities Ltd.,ABC Securities Private Limited,6596,269.0,1774324.0,2025-07-17 11:02:27.109775
2025-07-17,140685,2025071701000241,GBIME,Shree Krishna Securities Ltd.,Sundhara Securities Limited,100,269.0,26900.0,2025-07-17 11:02:27.109797
2025-07-17,140684,2025071701000242,GBIME,Shree Krishna Securities Ltd.,Deevyaa Securities & Stock House Pvt. Ltd,100,269.0,26900.0,2025-07-17 11:02:27.109836
2025-07-17,140683,2025071701000243,GBIME,Shree Krishna Securities Ltd.,Kumari Securities Private Limited,129,269.0,34701.0,2025-07-17 11:02:27.109860
2025-07-17,140682,2025071701000244,GBIME,Shree Krishna Securities Ltd.,Aryatara Investment & Securities,100,269.0,26900.0,2025-07-17 11:02:27.109901
2025-07-17,140681,2025071701000245,GBIME,Shree Krishna Securities Ltd.,Aryatara Investment & Securities,200,269.0,53800.0,2025-07-17 11:02:27.109922
2025-07-17,140680,2025071701000246,GBIME,Shree Krishna Securities Ltd.,Siprabi Securities Pvt. Ltd.,20,269.2,5384.0,2025-07-17 11:02:27.109944
2025-07-17,140679,2025071701000247,GBIME,Shree Krishna Securities Ltd.,Siprabi Securities Pvt. Ltd.,50,269.2,13460.0,2025-07-17 11:02:27.109964
2025-07-17,140678,2025071701000248,GBIME,Shree Krishna Securities Ltd.,Thrive Brokerage House Pvt. Ltd,400,269.2,107680.0,2025-07-17 11:02:27.109984
2025-07-17,140677,2025071701000249,GBIME,Shree Krishna Securities Ltd.,Nepal Stock House (PVT) Ltd.,195,269.2,52494.0,2025-07-17 11:02:27.110004
2025-07-17,140592,2025071701000274,GBIME,Capital Max Securities Ltd,Aakashbhairab Securities Ltd.,20,265.0,5300.0,2025-07-17 11:02:42.836474
2025-07-17,140486,2025071701000317,GBIME,Sani Securities Company Ltd.,Aakashbhairab Securities Ltd.,1000,265.0,265000.0,2025-07-17 11:02:58.241742
2025-07-17,140461,2025071701000320,GBIME,ABC Securities Private Limited,Aakashbhairab Securities Ltd.,1000,265.0,265000.0,2025-07-17 11:03:02.984274
2025-07-17,140438,2025071701000330,GBIME,Asian Securities Private Ltd.,Sri Hari Securities Pvt. Ltd.,350,264.0,92400.0,2025-07-17 11:03:07.190226
2025-07-17,140425,2025071701000332,GBIME,Aryatara Investment & Securities,Kalika Securities Pvt. Ltd.,18,264.5,4761.0,2025-07-17 11:03:09.503073
2025-07-17,140424,2025071701000333,GBIME,Asian Securities Private Ltd.,Kalika Securities Pvt. Ltd.,22,264.0,5808.0,2025-07-17 11:03:09.503234
2025-07-17,140308,2025071701000362,GBIME,Naasa Securities Co. Ltd.,Online Securities Pvt. Ltd.,10,264.5,2645.0,2025-07-17 11:03:29.681489
2025-07-17,140307,2025071701000363,GBIME,Asian Securities Private Ltd.,Online Securities Pvt. Ltd.,21,264.0,5544.0,2025-07-17 11:03:29.681725
2025-07-17,140070,2025071701000437,GBIME,Agrawal Securities (PVT) Ltd.,Blue Chip Securities Ltd,500,263.1,131550.0,2025-07-17 11:04:03.699175
2025-07-17,140069,2025071701000438,GBIME,ABC Securities Private Limited,Blue Chip Securities Ltd,200,263.0,52600.0,2025-07-17 11:04:03.699263
2025-07-17,140068,2025071701000439,GBIME,Online Securities Pvt. Ltd.,Blue Chip Securities Ltd,480,262.1,125808.0,2025-07-17 11:04:03.699304
2025-07-17,140067,2025071701000440,GBIME,Aryatara Investment & Securities,Blue Chip Securities Ltd,100,262.1,26210.0,2025-07-17 11:04:03.699346
2025-07-17,140066,2025071701000441,GBIME,Sri Hari Securities Pvt. Ltd.,Blue Chip Securities Ltd,220,262.0,57640.0,2025-07-17 11:04:03.699384
2025-07-17,139907,2025071701000481,GBIME,Agrawal Securities (PVT) Ltd.,Blue Chip Securities Ltd,500,262.1,131050.0,2025-07-17 11:04:23.750682
2025-07-17,139906,2025071701000482,GBIME,Sri Hari Securities Pvt. Ltd.,Blue Chip Securities Ltd,280,262.0,73360.0,2025-07-17 11:04:23.750787
2025-07-17,139779,2025071701000508,GBIME,Sri Hari Securities Pvt. Ltd.,BHOLE GANESH SECURITIES LTD,500,262.0,131000.0,2025-07-17 11:04:42.823379
2025-07-17,139778,2025071701000509,GBIME,Creative Securities Pvt Ltd,BHOLE GANESH SECURITIES LTD,50,262.0,13100.0,2025-07-17 11:04:42.823431
2025-07-17,139777,2025071701000510,GBIME,Agrawal Securities (PVT) Ltd.,BHOLE GANESH SECURITIES LTD,500,261.1,130550.0,2025-07-17 11:04:42.823455
2025-07-17,139776,2025071701000511,GBIME,Midas Stock Broking Company Private Limited,BHOLE GANESH SECURITIES LTD,700,261.0,182700.0,2025-07-17 11:04:42.823478
2025-07-17,139775,2025071701000512,GBIME,South Asian Bulls Pvt. Ltd.,BHOLE GANESH SECURITIES LTD,250,261.0,65250.0,2025-07-17 11:04:42.823503
2025-07-17,139689,2025071701000533,GBIME,South Asian Bulls Pvt. Ltd.,BHOLE GANESH SECURITIES LTD,250,260.5,65125.0,2025-07-17 11:04:54.843902
2025-07-17,139688,2025071701000534,GBIME,Agrawal Securities (PVT) Ltd.,BHOLE GANESH SECURITIES LTD,500,260.2,130100.0,2025-07-17 11:04:54.843963
2025-07-17,139687,2025071701000535,GBIME,Aryatara Investment & Securities,BHOLE GANESH SECURITIES LTD,100,260.1,26010.0,2025-07-17 11:04:54.843989
2025-07-17,139686,2025071701000536,GBIME,South Asian Bulls Pvt. Ltd.,BHOLE GANESH SECURITIES LTD,250,260.0,65000.0,2025-07-17 11:04:54.844015
2025-07-17,139685,2025071701000537,GBIME,Imperial Securities Company Pvt. Ltd.,BHOLE GANESH SECURITIES LTD,1000,260.0,260000.0,2025-07-17 11:04:54.844055
2025-07-17,139684,2025071701000538,GBIME,MILKY WAY SHARE BROKER COMPANY LTD ,BHOLE GANESH SECURITIES LTD,1900,260.0,494000.0,2025-07-17 11:04:54.844079
2025-07-17,139049,2025071701000739,GBIME,South Asian Bulls Pvt. Ltd.,Sewa Securities Pvt. Ltd.,50,262.0,13100.0,2025-07-17 11:06:11.771863
2025-07-17,139010,2025071701000749,GBIME,South Asian Bulls Pvt. Ltd.,Himalayan Securities Limited,50,262.0,13100.0,2025-07-17 11:06:16.145082
2025-07-17,138645,2025071701000837,GBIME,Online Securities Pvt. Ltd.,Sani Securities Company Ltd.,600,263.0,157800.0,2025-07-17 11:07:04.617837
2025-07-17,138375,2025071701000904,GBIME,Creative Securities Pvt Ltd,Cristal Kanchanjanga Securites Pvt. Ltd.,10,263.0,2630.0,2025-07-17 11:07:33.134573
2025-07-17,138349,2025071701000911,GBIME,South Asian Bulls Pvt. Ltd.,Opal Securities Investment (PVT) Ltd.,50,262.0,13100.0,2025-07-17 11:07:36.934239
2025-07-17,138312,2025071701000927,GBIME,South Asian Bulls Pvt. Ltd.,Sewa Securities Pvt. Ltd.,30,262.0,7860.0,2025-07-17 11:07:42.267311
2025-07-17,138254,2025071701000947,GBIME,South Asian Bulls Pvt. Ltd.,Sewa Securities Pvt. Ltd.,10,262.0,2620.0,2025-07-17 11:07:52.299295
2025-07-17,138078,2025071701000986,GBIME,Dynamic Money Managers Securities Pvt. Ltd.,Cristal Kanchanjanga Securites Pvt. Ltd.,12,263.0,3156.0,2025-07-17 11:08:15.256823
2025-07-17,138077,2025071701000987,GBIME,Dynamic Money Managers Securities Pvt. Ltd.,Cristal Kanchanjanga Securites Pvt. Ltd.,50,263.0,13150.0,2025-07-17 11:08:15.257104
2025-07-17,138076,2025071701000988,GBIME,Dynamic Money Managers Securities Pvt. Ltd.,Sri Hari Securities Pvt. Ltd.,38,263.0,9994.0,2025-07-17 11:08:15.257264
2025-07-17,137826,2025071701001036,GBIME,South Asian Bulls Pvt. Ltd.,Sewa Securities Pvt. Ltd.,40,262.0,10480.0,2025-07-17 11:08:34.496553
2025-07-17,137665,2025071701001111,GBIME,ABC Securities Private Limited,Sri Hari Securities Pvt. Ltd.,162,263.0,42606.0,2025-07-17 11:08:49.281159
2025-07-17,137664,2025071701001112,GBIME,ABC Securities Private Limited,Capital Max Securities Ltd,232,263.0,61016.0,2025-07-17 11:08:49.281278
2025-07-17,137663,2025071701001113,GBIME,ABC Securities Private Limited,Naasa Securities Co. Ltd.,10,263.0,2630.0,2025-07-17 11:08:49.281331
2025-07-17,137513,2025071701001157,GBIME,ABC Securities Private Limited,Sri Hari Securities Pvt. Ltd.,500,263.0,131500.0,2025-07-17 11:09:11.746548
2025-07-17,136857,2025071701001317,GBIME,Naasa Securities Co. Ltd.,Ashutosh Brokerage & Securities (PVT) Ltd.,50,263.9,13195.0,2025-07-17 11:10:22.253808
2025-07-17,136856,2025071701001318,GBIME,Naasa Securities Co. Ltd.,Online Securities Pvt. Ltd.,35,264.0,9240.0,2025-07-17 11:10:22.253939
2025-07-17,136855,2025071701001319,GBIME,Naasa Securities Co. Ltd.,Sani Securities Company Ltd.,100,264.0,26400.0,2025-07-17 11:10:22.254002
2025-07-17,136854,2025071701001320,GBIME,Naasa Securities Co. Ltd.,Shree Krishna Securities Ltd.,200,264.0,52800.0,2025-07-17 11:10:22.254087
2025-07-17,136853,2025071701001321,GBIME,Naasa Securities Co. Ltd.,Aakashbhairab Securities Ltd.,1215,265.0,321975.0,2025-07-17 11:10:22.254152
2025-07-17,136801,2025071701001334,GBIME,ABC Securities Private Limited,Sewa Securities Pvt. Ltd.,10,263.0,2630.0,2025-07-17 11:10:25.294942
2025-07-17,136717,2025071701001352,GBIME,Naasa Securities Co. Ltd.,Aakashbhairab Securities Ltd.,60,265.0,15900.0,2025-07-17 11:10:32.710593
2025-07-17,136550,2025071701001392,GBIME,Agrawal Securities (PVT) Ltd.,Aakashbhairab Securities Ltd.,10,265.0,2650.0,2025-07-17 11:10:46.462693
2025-07-17,136471,2025071701001415,GBIME,Sani Securities Company Ltd.,Aakashbhairab Securities Ltd.,200,265.0,53000.0,2025-07-17 11:10:54.323461
2025-07-17,136325,2025071701001460,GBIME,ABC Securities Private Limited,Blue Chip Securities Ltd,200,264.0,52800.0,2025-07-17 11:11:12.428863
2025-07-17,136320,2025071701001462,GBIME,Sumeru Securities Pvt. Ltd.,Blue Chip Securities Ltd,500,264.0,132000.0,2025-07-17 11:11:13.158180
2025-07-17,136202,2025071701001486,GBIME,ABC Securities Private Limited,Blue Chip Securities Ltd,20,264.0,5280.0,2025-07-17 11:11:26.348246
2025-07-17,136201,2025071701001487,GBIME,ABC Securities Private Limited,Naasa Securities Co. Ltd.,100,264.9,26490.0,2025-07-17 11:11:26.348421
2025-07-17,136200,2025071701001488,GBIME,ABC Securities Private Limited,Market Securities & Exchange (PVT) Ltd.,380,264.9,100662.0,2025-07-17 11:11:26.348491
2025-07-17,135966,2025071701001545,GBIME,ABC Securities Private Limited,Sri Hari Securities Pvt. Ltd.,200,264.0,52800.0,2025-07-17 11:11:52.160348
2025-07-17,135810,2025071701001598,GBIME,Shree Krishna Securities Ltd.,Capital Max Securities Ltd,100,264.0,26400.0,2025-07-17 11:12:06.305829
2025-07-17,135809,2025071701001599,GBIME,Shree Krishna Securities Ltd.,Sri Hari Securities Pvt. Ltd.,500,264.5,132250.0,2025-07-17 11:12:06.305877
2025-07-17,135808,2025071701001600,GBIME,Shree Krishna Securities Ltd.,Market Securities & Exchange (PVT) Ltd.,620,264.9,164238.0,2025-07-17 11:12:06.305905
2025-07-17,135807,2025071701001601,GBIME,Shree Krishna Securities Ltd.,Aakashbhairab Securities Ltd.,1495,265.0,396175.0,2025-07-17 11:12:06.305930
2025-07-17,135806,2025071701001602,GBIME,Shree Krishna Securities Ltd.,Online Securities Pvt. Ltd.,1000,265.0,265000.0,2025-07-17 11:12:06.305954
2025-07-17,135805,2025071701001603,GBIME,Shree Krishna Securities Ltd.,Aryatara Investment & Securities,119,265.0,31535.0,2025-07-17 11:12:06.305977
2025-07-17,135804,2025071701001604,GBIME,Shree Krishna Securities Ltd.,Bhrikuti Stock Broking Co. Pvt. Ltd.,280,265.0,74200.0,2025-07-17 11:12:06.306005
2025-07-17,135803,2025071701001605,GBIME,Shree Krishna Securities Ltd.,Nepal Investment And Securities Trading Private Limited,100,265.0,26500.0,2025-07-17 11:12:06.306051
2025-07-17,135802,2025071701001606,GBIME,Shree Krishna Securities Ltd.,Himalayan Securities Limited,50,265.0,13250.0,2025-07-17 11:12:06.306075
2025-07-17,135801,2025071701001607,GBIME,Shree Krishna Securities Ltd.,Naasa Securities Co. Ltd.,70,265.0,18550.0,2025-07-17 11:12:06.306100
2025-07-17,135800,2025071701001608,GBIME,Shree Krishna Securities Ltd.,Nepal Stock House (PVT) Ltd.,20,265.0,5300.0,2025-07-17 11:12:06.306139
2025-07-17,135799,2025071701001609,GBIME,Shree Krishna Securities Ltd.,Agrawal Securities (PVT) Ltd.,205,265.0,54325.0,2025-07-17 11:12:06.306166
2025-07-17,135798,2025071701001610,GBIME,Shree Krishna Securities Ltd.,Premier Securities Company Ltd.,500,265.0,132500.0,2025-07-17 11:12:06.306193
2025-07-17,135797,2025071701001611,GBIME,Shree Krishna Securities Ltd.,South Asian Bulls Pvt. Ltd.,200,265.0,53000.0,2025-07-17 11:12:06.306218
2025-07-17,135796,2025071701001612,GBIME,Shree Krishna Securities Ltd.,Midas Stock Broking Company Private Limited,170,265.0,45050.0,2025-07-17 11:12:06.306241
2025-07-17,135795,2025071701001613,GBIME,Shree Krishna Securities Ltd.,Imperial Securities Company Pvt. Ltd.,300,265.0,79500.0,2025-07-17 11:12:06.306264
2025-07-17,135794,2025071701001614,GBIME,Shree Krishna Securities Ltd.,Thrive Brokerage House Pvt. Ltd,450,265.0,119250.0,2025-07-17 11:12:06.306289
2025-07-17,135793,2025071701001615,GBIME,Shree Krishna Securities Ltd.,Thrive Brokerage House Pvt. Ltd,300,266.0,79800.0,2025-07-17 11:12:06.306313
2025-07-17,135792,2025071701001616,GBIME,Shree Krishna Securities Ltd.,Imperial Securities Company Pvt. Ltd.,200,266.0,53200.0,2025-07-17 11:12:06.306334
2025-07-17,135791,2025071701001617,GBIME,Shree Krishna Securities Ltd.,Agrawal Securities (PVT) Ltd.,200,266.0,53200.0,2025-07-17 11:12:06.306357
2025-07-17,135790,2025071701001618,GBIME,Shree Krishna Securities Ltd.,Aryatara Investment & Securities,1121,266.0,298186.0,2025-07-17 11:12:06.306381
2025-07-17,135630,2025071701001665,GBIME,Shree Krishna Securities Ltd.,Aryatara Investment & Securities,1629,266.0,433314.0,2025-07-17 11:12:20.352317
2025-07-17,134740,2025071701001931,GBIME,ABC Securities Private Limited,Sri Hari Securities Pvt. Ltd.,86,263.0,22618.0,2025-07-17 11:13:33.753177
2025-07-17,134739,2025071701001932,GBIME,Creative Securities Pvt Ltd,Sri Hari Securities Pvt. Ltd.,10,263.0,2630.0,2025-07-17 11:13:33.753334
2025-07-17,134738,2025071701001933,GBIME,Sri Hari Securities Pvt. Ltd.,Sri Hari Securities Pvt. Ltd.,190,263.0,49970.0,2025-07-17 11:13:33.753409
2025-07-17,134737,2025071701001934,GBIME,MILKY WAY SHARE BROKER COMPANY LTD ,Sri Hari Securities Pvt. Ltd.,100,263.0,26300.0,2025-07-17 11:13:33.753480
2025-07-17,134736,2025071701001935,GBIME,ABC Securities Private Limited,Sri Hari Securities Pvt. Ltd.,414,263.0,108882.0,2025-07-17 11:13:33.753551
2025-07-17,134458,2025071701002026,GBIME,ABC Securities Private Limited,Asian Securities Private Ltd.,14,263.0,3682.0,2025-07-17 11:14:03.810318
2025-07-17,134106,2025071701002155,GBIME,ABC Securities Private Limited,BHOLE GANESH SECURITIES LTD,72,263.0,18936.0,2025-07-17 11:14:36.079512
2025-07-17,134105,2025071701002156,GBIME,Linch Stock Market Ltd.,BHOLE GANESH SECURITIES LTD,300,263.0,78900.0,2025-07-17 11:14:36.079549
2025-07-17,134104,2025071701002157,GBIME,Imperial Securities Company Pvt. Ltd.,BHOLE GANESH SECURITIES LTD,624,263.0,164112.0,2025-07-17 11:14:36.079571
2025-07-17,133917,2025071701002220,GBIME,Vision Securities Pvt. Ltd,Siprabi Securities Pvt. Ltd.,95,265.0,25175.0,2025-07-17 11:14:54.899094
2025-07-17,133450,2025071701002356,GBIME,Premier Securities Company Ltd.,Creative Securities Pvt Ltd,10,264.5,2645.0,2025-07-17 11:15:36.944135
2025-07-17,133441,2025071701002365,GBIME,Naasa Securities Co. Ltd.,Creative Securities Pvt Ltd,50,264.5,13225.0,2025-07-17 11:15:37.352824
2025-07-17,133176,2025071701002425,GBIME,Vision Securities Pvt. Ltd,BHOLE GANESH SECURITIES LTD,100,263.1,26310.0,2025-07-17 11:15:58.298942
2025-07-17,133175,2025071701002426,GBIME,Imperial Securities Company Pvt. Ltd.,BHOLE GANESH SECURITIES LTD,376,263.0,98888.0,2025-07-17 11:15:58.299008
2025-07-17,133174,2025071701002427,GBIME,Agrawal Securities (PVT) Ltd.,BHOLE GANESH SECURITIES LTD,1000,262.3,262300.0,2025-07-17 11:15:58.299048
2025-07-17,133173,2025071701002428,GBIME,ABC Securities Private Limited,BHOLE GANESH SECURITIES LTD,1000,262.2,262200.0,2025-07-17 11:15:58.299073
2025-07-17,133172,2025071701002429,GBIME,Asian Securities Private Ltd.,BHOLE GANESH SECURITIES LTD,2000,262.2,524400.0,2025-07-17 11:15:58.299101
2025-07-17,133171,2025071701002430,GBIME,Online Securities Pvt. Ltd.,BHOLE GANESH SECURITIES LTD,500,262.1,131050.0,2025-07-17 11:15:58.299126
2025-07-17,133170,2025071701002431,GBIME,South Asian Bulls Pvt. Ltd.,BHOLE GANESH SECURITIES LTD,20,262.0,5240.0,2025-07-17 11:15:58.299153
2025-07-17,133169,2025071701002432,GBIME,Creative Securities Pvt Ltd,BHOLE GANESH SECURITIES LTD,200,262.0,52400.0,2025-07-17 11:15:58.299179
2025-07-17,133168,2025071701002433,GBIME,Creative Securities Pvt Ltd,BHOLE GANESH SECURITIES LTD,10,262.0,2620.0,2025-07-17 11:15:58.299206
2025-07-17,133167,2025071701002434,GBIME,Dynamic Money Managers Securities Pvt. Ltd.,BHOLE GANESH SECURITIES LTD,200,262.0,52400.0,2025-07-17 11:15:58.299233
2025-07-17,133166,2025071701002435,GBIME,ABC Securities Private Limited,BHOLE GANESH SECURITIES LTD,14,262.0,3668.0,2025-07-17 11:15:58.299257
2025-07-17,133165,2025071701002436,GBIME,Naasa Securities Co. Ltd.,BHOLE GANESH SECURITIES LTD,500,262.0,131000.0,2025-07-17 11:15:58.299282
2025-07-17,133164,2025071701002437,GBIME,ABC Securities Private Limited,BHOLE GANESH SECURITIES LTD,500,262.0,131000.0,2025-07-17 11:15:58.299302
2025-07-17,133163,2025071701002438,GBIME,Indira securities pvt. ltd,BHOLE GANESH SECURITIES LTD,580,262.0,151960.0,2025-07-17 11:15:58.299340
2025-07-17,132237,2025071701002712,GBIME,Sagarmatha Securities Private Limited,Sri Hari Securities Pvt. Ltd.,50,263.0,13150.0,2025-07-17 11:17:24.715352
2025-07-17,132236,2025071701002713,GBIME,Online Securities Pvt. Ltd.,Sri Hari Securities Pvt. Ltd.,400,263.0,105200.0,2025-07-17 11:17:24.715552
2025-07-17,132235,2025071701002714,GBIME,Imperial Securities Company Pvt. Ltd.,Sri Hari Securities Pvt. Ltd.,50,263.0,13150.0,2025-07-17 11:17:24.715648
2025-07-17,132197,2025071701002728,GBIME,Imperial Securities Company Pvt. Ltd.,Siprabi Securities Pvt. Ltd.,50,263.0,13150.0,2025-07-17 11:17:28.372745
2025-07-17,132142,2025071701002744,GBIME,Shree Krishna Securities Ltd.,Siprabi Securities Pvt. Ltd.,55,263.0,14465.0,2025-07-17 11:17:33.754361
2025-07-17,132141,2025071701002745,GBIME,Shree Krishna Securities Ltd.,Online Securities Pvt. Ltd.,300,264.4,79320.0,2025-07-17 11:17:33.754407
2025-07-17,132140,2025071701002746,GBIME,Shree Krishna Securities Ltd.,Creative Securities Pvt Ltd,440,264.5,116380.0,2025-07-17 11:17:33.754436
2025-07-17,132139,2025071701002747,GBIME,Shree Krishna Securities Ltd.,R.B.B. Securities Company Ltd,50,264.5,13225.0,2025-07-17 11:17:33.754480
2025-07-17,132138,2025071701002748,GBIME,Shree Krishna Securities Ltd.,Sani Securities Company Ltd.,500,264.7,132350.0,2025-07-17 11:17:33.754504
2025-07-17,132137,2025071701002749,GBIME,Shree Krishna Securities Ltd.,Kumari Securities Private Limited,805,264.9,213244.5,2025-07-17 11:17:33.754530
2025-07-17,132136,2025071701002750,GBIME,Shree Krishna Securities Ltd.,Online Securities Pvt. Ltd.,1000,264.9,264900.0,2025-07-17 11:17:33.754554
2025-07-17,132135,2025071701002751,GBIME,Shree Krishna Securities Ltd.,Asian Securities Private Ltd.,800,265.0,212000.0,2025-07-17 11:17:33.754578
2025-07-17,132134,2025071701002752,GBIME,Shree Krishna Securities Ltd.,Thrive Brokerage House Pvt. Ltd,21,265.0,5565.0,2025-07-17 11:17:33.754604
2025-07-17,132133,2025071701002753,GBIME,Shree Krishna Securities Ltd.,South Asian Bulls Pvt. Ltd.,500,265.0,132500.0,2025-07-17 11:17:33.754628
2025-07-17,132132,2025071701002754,GBIME,Shree Krishna Securities Ltd.,Sani Securities Company Ltd.,19,265.0,5035.0,2025-07-17 11:17:33.754651
2025-07-17,132131,2025071701002755,GBIME,Shree Krishna Securities Ltd.,Agrawal Securities (PVT) Ltd.,250,265.0,66250.0,2025-07-17 11:17:33.754673
2025-07-17,132130,2025071701002756,GBIME,Shree Krishna Securities Ltd.,Sweta Securities Private Limited,260,265.0,68900.0,2025-07-17 11:17:33.754696
2025-07-17,132026,2025071701002784,GBIME,Shree Krishna Securities Ltd.,Sweta Securities Private Limited,170,265.0,45050.0,2025-07-17 11:17:41.945117
2025-07-17,132025,2025071701002785,GBIME,Shree Krishna Securities Ltd.,Imperial Securities Company Pvt. Ltd.,200,265.0,53000.0,2025-07-17 11:17:41.945161
2025-07-17,132024,2025071701002786,GBIME,Shree Krishna Securities Ltd.,INDEX SECURITIES LIMITED,2796,265.0,740940.0,2025-07-17 11:17:41.945185
2025-07-17,131891,2025071701002817,GBIME,Shree Krishna Securities Ltd.,Aryatara Investment & Securities,1000,265.0,265000.0,2025-07-17 11:17:53.977667
2025-07-17,131794,2025071701002845,GBIME,Sweta Securities Private Limited,Asian Securities Private Ltd.,7,260.0,1820.0,2025-07-17 11:18:02.873475
2025-07-17,131666,2025071701002881,GBIME,Imperial Securities Company Pvt. Ltd.,Sri Hari Securities Pvt. Ltd.,300,264.5,79350.0,2025-07-17 11:18:16.270933
2025-07-17,131246,2025071701003042,GBIME,Dakshinkali Investment & Securities Pvt. Ltd.,Naasa Securities Co. Ltd.,23,265.0,6095.0,2025-07-17 11:18:56.031466
2025-07-17,131245,2025071701003043,GBIME,Dakshinkali Investment & Securities Pvt. Ltd.,Sri Hari Securities Pvt. Ltd.,127,265.5,33718.5,2025-07-17 11:18:56.031668
2025-07-17,129794,2025071701003434,GBIME,Online Securities Pvt. Ltd.,ABC Securities Private Limited,100,264.0,26400.0,2025-07-17 11:21:22.289193
2025-07-17,129784,2025071701003438,GBIME,Shree Krishna Securities Ltd.,Siprabi Securities Pvt. Ltd.,900,265.0,238500.0,2025-07-17 11:21:22.750049
2025-07-17,129607,2025071701003518,GBIME,Shree Krishna Securities Ltd.,J.F. Securites (PVT) Ltd.,20,265.4,5308.0,2025-07-17 11:21:40.803472
2025-07-17,129606,2025071701003519,GBIME,Shree Krishna Securities Ltd.,Sri Hari Securities Pvt. Ltd.,373,265.5,99031.5,2025-07-17 11:21:40.804005
2025-07-17,129605,2025071701003520,GBIME,Shree Krishna Securities Ltd.,Thrive Brokerage House Pvt. Ltd,500,265.5,132750.0,2025-07-17 11:21:40.804489
2025-07-17,129604,2025071701003521,GBIME,Shree Krishna Securities Ltd.,BHOLE GANESH SECURITIES LTD,100,266.0,26600.0,2025-07-17 11:21:40.804892
2025-07-17,129603,2025071701003522,GBIME,Shree Krishna Securities Ltd.,Linch Stock Market Ltd.,96,266.0,25536.0,2025-07-17 11:21:40.805343
2025-07-17,129602,2025071701003523,GBIME,Shree Krishna Securities Ltd.,Vision Securities Pvt. Ltd,10,266.0,2660.0,2025-07-17 11:21:40.805798
2025-07-17,129601,2025071701003524,GBIME,Shree Krishna Securities Ltd.,Market Securities & Exchange (PVT) Ltd.,100,266.0,26600.0,2025-07-17 11:21:40.806309
2025-07-17,129600,2025071701003525,GBIME,Shree Krishna Securities Ltd.,Primo Securities (PVT) Ltd.,3000,266.0,798000.0,2025-07-17 11:21:40.806773
2025-07-17,129599,2025071701003526,GBIME,Shree Krishna Securities Ltd.,Sani Securities Company Ltd.,252,266.0,67032.0,2025-07-17 11:21:40.807224
2025-07-17,129598,2025071701003527,GBIME,Shree Krishna Securities Ltd.,Kumari Securities Private Limited,103,266.0,27398.0,2025-07-17 11:21:40.807635
2025-07-17,129597,2025071701003528,GBIME,Shree Krishna Securities Ltd.,Market Securities & Exchange (PVT) Ltd.,100,266.0,26600.0,2025-07-17 11:21:40.808088
2025-07-17,129596,2025071701003529,GBIME,Shree Krishna Securities Ltd.,Sewa Securities Pvt. Ltd.,1284,266.0,341544.0,2025-07-17 11:21:40.808496
2025-07-17,129595,2025071701003530,GBIME,Shree Krishna Securities Ltd.,South Asian Bulls Pvt. Ltd.,200,266.0,53200.0,2025-07-17 11:21:40.808893
2025-07-17,129594,2025071701003531,GBIME,Shree Krishna Securities Ltd.,Nepal Investment And Securities Trading Private Limited,50,266.0,13300.0,2025-07-17 11:21:40.809321
2025-07-17,129593,2025071701003532,GBIME,Shree Krishna Securities Ltd.,Sri Hari Securities Pvt. Ltd.,200,266.5,53300.0,2025-07-17 11:21:40.809755
2025-07-17,129592,2025071701003533,GBIME,Shree Krishna Securities Ltd.,Premier Securities Company Ltd.,100,266.5,26650.0,2025-07-17 11:21:40.810176
2025-07-17,129591,2025071701003534,GBIME,Shree Krishna Securities Ltd.,Sani Securities Company Ltd.,1000,266.7,266700.0,2025-07-17 11:21:40.810568
2025-07-17,129590,2025071701003535,GBIME,Shree Krishna Securities Ltd.,Thrive Brokerage House Pvt. Ltd,1000,266.8,266800.0,2025-07-17 11:21:40.810700
2025-07-17,129589,2025071701003536,GBIME,Shree Krishna Securities Ltd.,Premier Securities Company Ltd.,100,266.9,26690.0,2025-07-17 11:21:40.810842
2025-07-17,129588,2025071701003537,GBIME,Shree Krishna Securities Ltd.,Aryatara Investment & Securities,216,267.0,57672.0,2025-07-17 11:21:40.810986
2025-07-17,129587,2025071701003538,GBIME,Shree Krishna Securities Ltd.,Sweta Securities Private Limited,50,267.0,13350.0,2025-07-17 11:21:40.811133
2025-07-17,129586,2025071701003539,GBIME,Shree Krishna Securities Ltd.,Nepal Investment And Securities Trading Private Limited,105,267.0,28035.0,2025-07-17 11:21:40.811285
2025-07-17,129585,2025071701003540,GBIME,Shree Krishna Securities Ltd.,Premier Securities Company Ltd.,100,267.0,26700.0,2025-07-17 11:21:40.811420
2025-07-17,129584,2025071701003541,GBIME,Shree Krishna Securities Ltd.,Sumeru Securities Pvt. Ltd.,42,267.0,11214.0,2025-07-17 11:21:40.811554
2025-07-17,129583,2025071701003542,GBIME,Shree Krishna Securities Ltd.,Primo Securities (PVT) Ltd.,70,267.0,18690.0,2025-07-17 11:21:40.811684
2025-07-17,129582,2025071701003543,GBIME,Shree Krishna Securities Ltd.,Opal Securities Investment (PVT) Ltd.,39,267.0,10413.0,2025-07-17 11:21:40.811812
2025-07-17,129581,2025071701003544,GBIME,Shree Krishna Securities Ltd.,Sundhara Securities Limited,303,267.0,80901.0,2025-07-17 11:21:40.811935
2025-07-17,129580,2025071701003545,GBIME,Shree Krishna Securities Ltd.,Vision Securities Pvt. Ltd,200,267.0,53400.0,2025-07-17 11:21:40.812078
2025-07-17,129579,2025071701003546,GBIME,Shree Krishna Securities Ltd.,Naasa Securities Co. Ltd.,5000,267.0,1335000.0,2025-07-17 11:21:40.812212
2025-07-17,129578,2025071701003547,GBIME,Shree Krishna Securities Ltd.,Neev Securities Pvt. Ltd.,1000,267.0,267000.0,2025-07-17 11:21:40.812339
2025-07-17,129577,2025071701003548,GBIME,Shree Krishna Securities Ltd.,Naasa Securities Co. Ltd.,1800,267.0,480600.0,2025-07-17 11:21:40.812467
2025-07-17,129576,2025071701003549,GBIME,Shree Krishna Securities Ltd.,KALASH STOCK MARKET PVT. LTD.,1000,267.0,267000.0,2025-07-17 11:21:40.812586
2025-07-17,129575,2025071701003550,GBIME,Shree Krishna Securities Ltd.,Dynamic Money Managers Securities Pvt. Ltd.,600,267.0,160200.0,2025-07-17 11:21:40.812727
2025-07-17,129574,2025071701003551,GBIME,Shree Krishna Securities Ltd.,Agrawal Securities (PVT) Ltd.,20,267.0,5340.0,2025-07-17 11:21:40.812855
2025-07-17,129573,2025071701003552,GBIME,Shree Krishna Securities Ltd.,Bhrikuti Stock Broking Co. Pvt. Ltd.,55,267.0,14685.0,2025-07-17 11:21:40.812981
2025-07-17,129572,2025071701003553,GBIME,Shree Krishna Securities Ltd.,Vision Securities Pvt. Ltd,45,267.0,12015.0,2025-07-17 11:21:40.813116
2025-07-17,129571,2025071701003554,GBIME,Shree Krishna Securities Ltd.,Aryatara Investment & Securities,40,267.0,10680.0,2025-07-17 11:21:40.813247
2025-07-17,129570,2025071701003555,GBIME,Shree Krishna Securities Ltd.,Aryatara Investment & Securities,100,267.2,26720.0,2025-07-17 11:21:40.813366
2025-07-17,129569,2025071701003556,GBIME,Shree Krishna Securities Ltd.,Naasa Securities Co. Ltd.,170,267.2,45424.0,2025-07-17 11:21:40.813493
2025-07-17,129568,2025071701003557,GBIME,Shree Krishna Securities Ltd.,Sumeru Securities Pvt. Ltd.,100,267.2,26720.0,2025-07-17 11:21:40.813614
2025-07-17,129567,2025071701003558,GBIME,Shree Krishna Securities Ltd.,Aryatara Investment & Securities,700,267.7,187390.0,2025-07-17 11:21:40.813709
2025-07-17,129566,2025071701003559,GBIME,Shree Krishna Securities Ltd.,Naasa Securities Co. Ltd.,426,268.0,114168.0,2025-07-17 11:21:40.813833
2025-07-17,129565,2025071701003560,GBIME,Shree Krishna Securities Ltd.,Global IME Securities Limited,1000,268.0,268000.0,2025-07-17 11:21:40.813953
2025-07-17,129564,2025071701003561,GBIME,Shree Krishna Securities Ltd.,Trishakti Securities Public Limited,200,268.0,53600.0,2025-07-17 11:21:40.814078
2025-07-17,129563,2025071701003562,GBIME,Shree Krishna Securities Ltd.,Sani Securities Company Ltd.,10,268.0,2680.0,2025-07-17 11:21:40.814197
2025-07-17,129562,2025071701003563,GBIME,Shree Krishna Securities Ltd.,Dipshikha Dhitopatra Karobar Co. Pvt Ltd.,128,268.0,34304.0,2025-07-17 11:21:40.814309
2025-07-17,129561,2025071701003564,GBIME,Shree Krishna Securities Ltd.,Trishakti Securities Public Limited,53,268.0,14204.0,2025-07-17 11:21:40.814432
2025-07-17,129560,2025071701003565,GBIME,Shree Krishna Securities Ltd.,Dynamic Money Managers Securities Pvt. Ltd.,80,268.0,21440.0,2025-07-17 11:21:40.814554
2025-07-17,129559,2025071701003566,GBIME,Shree Krishna Securities Ltd.,Sani Securities Company Ltd.,4601,268.0,1233068.0,2025-07-17 11:21:40.814671
2025-07-17,129558,2025071701003567,GBIME,Shree Krishna Securities Ltd.,Aryatara Investment & Securities,100,268.0,26800.0,2025-07-17 11:21:40.814780
2025-07-17,129557,2025071701003568,GBIME,Shree Krishna Securities Ltd.,Aryatara Investment & Securities,50,268.0,13400.0,2025-07-17 11:21:40.814895
2025-07-17,129556,2025071701003569,GBIME,Shree Krishna Securities Ltd.,Imperial Securities Company Pvt. Ltd.,250,268.0,67000.0,2025-07-17 11:21:40.815002
2025-07-17,129555,2025071701003570,GBIME,Shree Krishna Securities Ltd.,Linch Stock Market Ltd.,183,268.0,49044.0,2025-07-17 11:21:40.815125
2025-07-17,129554,2025071701003571,GBIME,Shree Krishna Securities Ltd.,Oxford Securities Pvt. Ltd.,161,268.0,43148.0,2025-07-17 11:21:40.815245
2025-07-17,129553,2025071701003572,GBIME,Shree Krishna Securities Ltd.,Sani Securities Company Ltd.,16,268.0,4288.0,2025-07-17 11:21:40.815360
2025-07-17,129552,2025071701003573,GBIME,Shree Krishna Securities Ltd.,Aryatara Investment & Securities,213,268.0,57084.0,2025-07-17 11:21:40.815470
2025-07-17,129551,2025071701003574,GBIME,Shree Krishna Securities Ltd.,Sewa Securities Pvt. Ltd.,50,268.0,13400.0,2025-07-17 11:21:40.815584
2025-07-17,129550,2025071701003575,GBIME,Shree Krishna Securities Ltd.,Trisul Securities & Invt. Ltd.,30,268.0,8040.0,2025-07-17 11:21:40.815698
2025-07-17,129549,2025071701003576,GBIME,Shree Krishna Securities Ltd.,Capital Max Securities Ltd,713,268.0,191084.0,2025-07-17 11:21:40.815818
2025-07-17,129548,2025071701003577,GBIME,Shree Krishna Securities Ltd.,Malla & Malla Stock Broking Company Pvt. Limited,100,268.0,26800.0,2025-07-17 11:21:40.815940
2025-07-17,129547,2025071701003578,GBIME,Shree Krishna Securities Ltd.,K.B.L. Securities Limited ,1000,268.0,268000.0,2025-07-17 11:21:40.816053
2025-07-17,129546,2025071701003579,GBIME,Shree Krishna Securities Ltd.,Siprabi Securities Pvt. Ltd.,100,268.2,26820.0,2025-07-17 11:21:40.816176
2025-07-17,129545,2025071701003580,GBIME,Shree Krishna Securities Ltd.,Kumari Securities Private Limited,200,268.2,53640.0,2025-07-17 11:21:40.816291
2025-07-17,129544,2025071701003581,GBIME,Shree Krishna Securities Ltd.,Nepal Investment And Securities Trading Private Limited,3050,268.2,818010.0,2025-07-17 11:21:40.816400
2025-07-17,129543,2025071701003582,GBIME,Shree Krishna Securities Ltd.,Online Securities Pvt. Ltd.,100,268.2,26820.0,2025-07-17 11:21:40.816505
2025-07-17,129542,2025071701003583,GBIME,Shree Krishna Securities Ltd.,Online Securities Pvt. Ltd.,20,268.2,5364.0,2025-07-17 11:21:40.816615
2025-07-17,129541,2025071701003584,GBIME,Shree Krishna Securities Ltd.,Naasa Securities Co. Ltd.,100,268.2,26820.0,2025-07-17 11:21:40.816718
2025-07-17,129540,2025071701003585,GBIME,Shree Krishna Securities Ltd.,Imperial Securities Company Pvt. Ltd.,100,268.2,26820.0,2025-07-17 11:21:40.816827
2025-07-17,129539,2025071701003586,GBIME,Shree Krishna Securities Ltd.,Sani Securities Company Ltd.,100,268.2,26820.0,2025-07-17 11:21:40.816936
2025-07-17,129538,2025071701003587,GBIME,Shree Krishna Securities Ltd.,J.F. Securites (PVT) Ltd.,10,268.2,2682.0,2025-07-17 11:21:40.817049
2025-07-17,129537,2025071701003588,GBIME,Shree Krishna Securities Ltd.,Linch Stock Market Ltd.,62,268.5,16647.0,2025-07-17 11:21:40.817162
2025-07-17,129536,2025071701003589,GBIME,Shree Krishna Securities Ltd.,Dynamic Money Managers Securities Pvt. Ltd.,500,268.9,134450.0,2025-07-17 11:21:40.817258
2025-07-17,129535,2025071701003590,GBIME,Shree Krishna Securities Ltd.,Trisul Securities & Invt. Ltd.,200,269.0,53800.0,2025-07-17 11:21:40.817353
2025-07-17,129534,2025071701003591,GBIME,Shree Krishna Securities Ltd.,Imperial Securities Company Pvt. Ltd.,1000,269.0,269000.0,2025-07-17 11:21:40.817465
2025-07-17,129533,2025071701003592,GBIME,Shree Krishna Securities Ltd.,Naasa Securities Co. Ltd.,300,269.0,80700.0,2025-07-17 11:21:40.817571
2025-07-17,129532,2025071701003593,GBIME,Shree Krishna Securities Ltd.,INDEX SECURITIES LIMITED,300,269.0,80700.0,2025-07-17 11:21:40.817675
2025-07-17,129531,2025071701003594,GBIME,Shree Krishna Securities Ltd.,Naasa Securities Co. Ltd.,1199,269.0,322531.0,2025-07-17 11:21:40.817780
2025-07-17,129530,2025071701003595,GBIME,Shree Krishna Securities Ltd.,ABC Securities Private Limited,10,269.0,2690.0,2025-07-17 11:21:40.817882
2025-07-17,129529,2025071701003596,GBIME,Shree Krishna Securities Ltd.,South Asian Bulls Pvt. Ltd.,100,269.0,26900.0,2025-07-17 11:21:40.817991
2025-07-17,129528,2025071701003597,GBIME,Shree Krishna Securities Ltd.,Aryatara Investment & Securities,200,269.0,53800.0,2025-07-17 11:21:40.818110
2025-07-17,129527,2025071701003598,GBIME,Shree Krishna Securities Ltd.,Online Securities Pvt. Ltd.,219,269.0,58911.0,2025-07-17 11:21:40.818223
2025-07-17,129526,2025071701003599,GBIME,Shree Krishna Securities Ltd.,Midas Stock Broking Company Private Limited,500,269.0,134500.0,2025-07-17 11:21:40.818311
2025-07-17,129525,2025071701003600,GBIME,Shree Krishna Securities Ltd.,Trisul Securities & Invt. Ltd.,40,269.0,10760.0,2025-07-17 11:21:40.818415
2025-07-17,129524,2025071701003601,GBIME,Shree Krishna Securities Ltd.,Sani Securities Company Ltd.,100,269.0,26900.0,2025-07-17 11:21:40.818517
2025-07-17,129523,2025071701003602,GBIME,Shree Krishna Securities Ltd.,Nepal Stock House (PVT) Ltd.,65,269.2,17498.0,2025-07-17 11:21:40.818620
2025-07-17,129522,2025071701003603,GBIME,Shree Krishna Securities Ltd.,Shree Krishna Securities Ltd.,500,269.2,134600.0,2025-07-17 11:21:40.818698
2025-07-17,129521,2025071701003604,GBIME,Shree Krishna Securities Ltd.,ABC Securities Private Limited,70,269.2,18844.0,2025-07-17 11:21:40.818801
2025-07-17,129520,2025071701003605,GBIME,Shree Krishna Securities Ltd.,Naasa Securities Co. Ltd.,20,269.2,5384.0,2025-07-17 11:21:40.818901
2025-07-17,129519,2025071701003606,GBIME,Shree Krishna Securities Ltd.,ABC Securities Private Limited,500,269.2,134600.0,2025-07-17 11:21:40.818981
2025-07-17,129518,2025071701003607,GBIME,Shree Krishna Securities Ltd.,Aryatara Investment & Securities,100,269.2,26920.0,2025-07-17 11:21:40.819088
2025-07-17,129517,2025071701003608,GBIME,Shree Krishna Securities Ltd.,Agrawal Securities (PVT) Ltd.,40,269.2,10768.0,2025-07-17 11:21:40.819192
2025-07-17,129516,2025071701003609,GBIME,Shree Krishna Securities Ltd.,Dipshikha Dhitopatra Karobar Co. Pvt Ltd.,61,269.2,16421.2,2025-07-17 11:21:40.819306
2025-07-17,129515,2025071701003610,GBIME,Shree Krishna Securities Ltd.,Ashutosh Brokerage & Securities (PVT) Ltd.,200,269.2,53840.0,2025-07-17 11:21:40.819411
2025-07-17,129514,2025071701003611,GBIME,Shree Krishna Securities Ltd.,Online Securities Pvt. Ltd.,500,269.2,134600.0,2025-07-17 11:21:40.819508
2025-07-17,129513,2025071701003612,GBIME,Shree Krishna Securities Ltd.,Online Securities Pvt. Ltd.,100,269.2,26920.0,2025-07-17 11:21:40.819601
2025-07-17,129512,2025071701003613,GBIME,Shree Krishna Securities Ltd.,INDEX SECURITIES LIMITED,802,269.2,215898.4,2025-07-17 11:21:40.819699
2025-07-17,129511,2025071701003614,GBIME,Shree Krishna Securities Ltd.,Online Securities Pvt. Ltd.,1000,269.5,269500.0,2025-07-17 11:21:40.819803
2025-07-17,129510,2025071701003615,GBIME,Shree Krishna Securities Ltd.,Sewa Securities Pvt. Ltd.,30,269.5,8085.0,2025-07-17 11:21:40.819904
2025-07-17,129509,2025071701003616,GBIME,Shree Krishna Securities Ltd.,Naasa Securities Co. Ltd.,60,269.6,16176.0,2025-07-17 11:21:40.820003
2025-07-17,129508,2025071701003617,GBIME,Shree Krishna Securities Ltd.,ABC Securities Private Limited,100,269.6,26960.0,2025-07-17 11:21:40.820118
2025-07-17,129507,2025071701003618,GBIME,Shree Krishna Securities Ltd.,Agrawal Securities (PVT) Ltd.,1000,269.7,269700.0,2025-07-17 11:21:40.820213
2025-07-17,129506,2025071701003619,GBIME,Shree Krishna Securities Ltd.,Oxford Securities Pvt. Ltd.,99,269.7,26700.3,2025-07-17 11:21:40.820309
2025-07-17,129505,2025071701003620,GBIME,Shree Krishna Securities Ltd.,Vision Securities Pvt. Ltd,200,269.8,53960.0,2025-07-17 11:21:40.820409
2025-07-17,129504,2025071701003621,GBIME,Shree Krishna Securities Ltd.,Bhrikuti Stock Broking Co. Pvt. Ltd.,5000,269.9,1349500.0,2025-07-17 11:21:40.820501
2025-07-17,129503,2025071701003622,GBIME,Shree Krishna Securities Ltd.,Kumari Securities Private Limited,436,270.0,117720.0,2025-07-17 11:21:40.820603
2025-07-17,129502,2025071701003623,GBIME,Online Securities Pvt. Ltd.,BHOLE GANESH SECURITIES LTD,100,264.0,26400.0,2025-07-17 11:21:40.952520
2025-07-17,129501,2025071701003624,GBIME,APPLE SECURITIES PRIVATE LIMITED,BHOLE GANESH SECURITIES LTD,500,262.1,131050.0,2025-07-17 11:21:40.952585
2025-07-17,129500,2025071701003625,GBIME,Imperial Securities Company Pvt. Ltd.,BHOLE GANESH SECURITIES LTD,1000,262.1,262100.0,2025-07-17 11:21:40.952611
2025-07-17,129499,2025071701003626,GBIME,Shree Krishna Securities Ltd.,BHOLE GANESH SECURITIES LTD,50,262.0,13100.0,2025-07-17 11:21:40.952636
2025-07-17,129498,2025071701003627,GBIME,Dipshikha Dhitopatra Karobar Co. Pvt Ltd.,BHOLE GANESH SECURITIES LTD,70,262.0,18340.0,2025-07-17 11:21:40.952665
2025-07-17,129497,2025071701003628,GBIME,Midas Stock Broking Company Private Limited,BHOLE GANESH SECURITIES LTD,50,262.0,13100.0,2025-07-17 11:21:40.952686
2025-07-17,129496,2025071701003629,GBIME,Indira securities pvt. ltd,BHOLE GANESH SECURITIES LTD,3230,262.0,846260.0,2025-07-17 11:21:40.952707
2025-07-17,129370,2025071701003651,GBIME,Shree Krishna Securities Ltd.,Kumari Securities Private Limited,2564,270.0,692280.0,2025-07-17 11:21:52.857407
2025-07-17,129369,2025071701003652,GBIME,Shree Krishna Securities Ltd.,Online Securities Pvt. Ltd.,1000,270.0,270000.0,2025-07-17 11:21:52.857545
2025-07-17,129368,2025071701003653,GBIME,Shree Krishna Securities Ltd.,Capital Hub P. Ltd,2000,270.0,540000.0,2025-07-17 11:21:52.857635
2025-07-17,129367,2025071701003654,GBIME,Shree Krishna Securities Ltd.,Naasa Securities Co. Ltd.,1000,270.0,270000.0,2025-07-17 11:21:52.857714
2025-07-17,129366,2025071701003655,GBIME,Shree Krishna Securities Ltd.,Sani Securities Company Ltd.,11,270.0,2970.0,2025-07-17 11:21:52.857801
2025-07-17,129365,2025071701003656,GBIME,Shree Krishna Securities Ltd.,Thrive Brokerage House Pvt. Ltd,400,270.0,108000.0,2025-07-17 11:21:52.857879
2025-07-17,129364,2025071701003657,GBIME,Shree Krishna Securities Ltd.,Sewa Securities Pvt. Ltd.,19,270.0,5130.0,2025-07-17 11:21:52.857949
2025-07-17,129363,2025071701003658,GBIME,Shree Krishna Securities Ltd.,Siprabi Securities Pvt. Ltd.,100,270.0,27000.0,2025-07-17 11:21:52.858019
2025-07-17,129362,2025071701003659,GBIME,Shree Krishna Securities Ltd.,Agrawal Securities (PVT) Ltd.,15,270.0,4050.0,2025-07-17 11:21:52.858107
2025-07-17,129361,2025071701003660,GBIME,Shree Krishna Securities Ltd.,Naasa Securities Co. Ltd.,1600,270.0,432000.0,2025-07-17 11:21:52.858177
2025-07-17,129360,2025071701003661,GBIME,Shree Krishna Securities Ltd.,Agrawal Securities (PVT) Ltd.,411,270.0,110970.0,2025-07-17 11:21:52.858248
2025-07-17,129359,2025071701003662,GBIME,Shree Krishna Securities Ltd.,Kohinoor Investment & Securities Pvt. Ltd.,100,270.0,27000.0,2025-07-17 11:21:52.858317
2025-07-17,129358,2025071701003663,GBIME,Shree Krishna Securities Ltd.,Online Securities Pvt. Ltd.,30,270.0,8100.0,2025-07-17 11:21:52.858402
2025-07-17,129357,2025071701003664,GBIME,Shree Krishna Securities Ltd.,Dipshikha Dhitopatra Karobar Co. Pvt Ltd.,432,270.0,116640.0,2025-07-17 11:21:52.858472
2025-07-17,129356,2025071701003665,GBIME,Shree Krishna Securities Ltd.,Agrawal Securities (PVT) Ltd.,20,270.0,5400.0,2025-07-17 11:21:52.858553
2025-07-17,129355,2025071701003666,GBIME,Shree Krishna Securities Ltd.,Imperial Securities Company Pvt. Ltd.,500,270.0,135000.0,2025-07-17 11:21:52.858666
2025-07-17,129354,2025071701003667,GBIME,Shree Krishna Securities Ltd.,Asian Securities Private Ltd.,50,270.0,13500.0,2025-07-17 11:21:52.858745
2025-07-17,129353,2025071701003668,GBIME,Shree Krishna Securities Ltd.,Dynamic Money Managers Securities Pvt. Ltd.,120,270.0,32400.0,2025-07-17 11:21:52.858824
2025-07-17,129352,2025071701003669,GBIME,Shree Krishna Securities Ltd.,South Asian Bulls Pvt. Ltd.,500,270.0,135000.0,2025-07-17 11:21:52.858902
2025-07-17,129351,2025071701003670,GBIME,Shree Krishna Securities Ltd.,Sani Securities Company Ltd.,8000,270.0,2160000.0,2025-07-17 11:21:52.858971
2025-07-17,129350,2025071701003671,GBIME,Shree Krishna Securities Ltd.,Vision Securities Pvt. Ltd,412,270.0,111240.0,2025-07-17 11:21:52.859064
2025-07-17,129349,2025071701003672,GBIME,Shree Krishna Securities Ltd.,Sani Securities Company Ltd.,92,270.0,24840.0,2025-07-17 11:21:52.859137
2025-07-17,129348,2025071701003673,GBIME,Shree Krishna Securities Ltd.,Deevyaa Securities & Stock House Pvt. Ltd,124,270.0,33480.0,2025-07-17 11:21:52.859215
2025-07-17,129347,2025071701003674,GBIME,Shree Krishna Securities Ltd.,Secured Securities Ltd.,30,270.0,8100.0,2025-07-17 11:21:52.859286
2025-07-17,129346,2025071701003675,GBIME,Shree Krishna Securities Ltd.,Cristal Kanchanjanga Securites Pvt. Ltd.,25,270.0,6750.0,2025-07-17 11:21:52.859354
2025-07-17,129345,2025071701003676,GBIME,Shree Krishna Securities Ltd.,Cristal Kanchanjanga Securites Pvt. Ltd.,25,270.0,6750.0,2025-07-17 11:21:52.859426
2025-07-17,129344,2025071701003677,GBIME,Shree Krishna Securities Ltd.,Deevyaa Securities & Stock House Pvt. Ltd,300,270.0,81000.0,2025-07-17 11:21:52.859497
2025-07-17,129343,2025071701003678,GBIME,Shree Krishna Securities Ltd.,Nepal Stock House (PVT) Ltd.,1028,270.0,277560.0,2025-07-17 11:21:52.859565
2025-07-17,129342,2025071701003679,GBIME,Shree Krishna Securities Ltd.,ABC Securities Private Limited,50,270.0,13500.0,2025-07-17 11:21:52.859635
2025-07-17,129341,2025071701003680,GBIME,Shree Krishna Securities Ltd.,Online Securities Pvt. Ltd.,400,270.0,108000.0,2025-07-17 11:21:52.859708
2025-07-17,129340,2025071701003681,GBIME,Shree Krishna Securities Ltd.,Market Securities & Exchange (PVT) Ltd.,150,270.0,40500.0,2025-07-17 11:21:52.859780
2025-07-17,129339,2025071701003682,GBIME,Shree Krishna Securities Ltd.,Sweta Securities Private Limited,500,270.0,135000.0,2025-07-17 11:21:52.859849
2025-07-17,129338,2025071701003683,GBIME,Shree Krishna Securities Ltd.,South Asian Bulls Pvt. Ltd.,52,270.0,14040.0,2025-07-17 11:21:52.859907
2025-07-17,129337,2025071701003684,GBIME,Shree Krishna Securities Ltd.,Dipshikha Dhitopatra Karobar Co. Pvt Ltd.,150,270.1,40515.0,2025-07-17 11:21:52.859982
2025-07-17,129336,2025071701003685,GBIME,Shree Krishna Securities Ltd.,Midas Stock Broking Company Private Limited,40,270.1,10804.0,2025-07-17 11:21:52.860063
2025-07-17,129335,2025071701003686,GBIME,Shree Krishna Securities Ltd.,Dynamic Money Managers Securities Pvt. Ltd.,1259,270.1,340055.9,2025-07-17 11:21:52.860129
2025-07-17,129334,2025071701003687,GBIME,Shree Krishna Securities Ltd.,Ashutosh Brokerage & Securities (PVT) Ltd.,1000,270.3,270300.0,2025-07-17 11:21:52.860210
2025-07-17,129333,2025071701003688,GBIME,Shree Krishna Securities Ltd.,Aryatara Investment & Securities,500,270.3,135150.0,2025-07-17 11:21:52.860282
2025-07-17,129332,2025071701003689,GBIME,Shree Krishna Securities Ltd.,Siprabi Securities Pvt. Ltd.,30,270.3,8109.0,2025-07-17 11:21:52.860347
2025-07-17,129331,2025071701003690,GBIME,Shree Krishna Securities Ltd.,Deevyaa Securities & Stock House Pvt. Ltd,111,270.3,30003.3,2025-07-17 11:21:52.860415
2025-07-17,129330,2025071701003691,GBIME,Shree Krishna Securities Ltd.,Dipshikha Dhitopatra Karobar Co. Pvt Ltd.,210,270.3,56763.0,2025-07-17 11:21:52.860490
2025-07-17,129329,2025071701003692,GBIME,Shree Krishna Securities Ltd.,Midas Stock Broking Company Private Limited,236,270.3,63790.8,2025-07-17 11:21:52.860582
2025-07-17,129328,2025071701003693,GBIME,Shree Krishna Securities Ltd.,Aryatara Investment & Securities,185,270.3,50005.5,2025-07-17 11:21:52.860651
2025-07-17,129327,2025071701003694,GBIME,Shree Krishna Securities Ltd.,Trisul Securities & Invt. Ltd.,200,270.3,54060.0,2025-07-17 11:21:52.860720
2025-07-17,129326,2025071701003695,GBIME,Shree Krishna Securities Ltd.,Aryatara Investment & Securities,150,270.3,40545.0,2025-07-17 11:21:52.860795
2025-07-17,129325,2025071701003696,GBIME,Shree Krishna Securities Ltd.,Kumari Securities Private Limited,100,270.3,27030.0,2025-07-17 11:21:52.860863
2025-07-17,129324,2025071701003697,GBIME,Shree Krishna Securities Ltd.,Aryatara Investment & Securities,200,270.5,54100.0,2025-07-17 11:21:52.860932
2025-07-17,129323,2025071701003698,GBIME,Shree Krishna Securities Ltd.,Nepal Investment And Securities Trading Private Limited,92,270.7,24904.4,2025-07-17 11:21:52.861018
2025-07-17,129322,2025071701003699,GBIME,Shree Krishna Securities Ltd.,Nepal Stock House (PVT) Ltd.,752,270.8,203641.6,2025-07-17 11:21:52.861109
2025-07-17,129321,2025071701003700,GBIME,Shree Krishna Securities Ltd.,Bhrikuti Stock Broking Co. Pvt. Ltd.,56,270.8,15164.8,2025-07-17 11:21:52.861180
2025-07-17,129320,2025071701003701,GBIME,Shree Krishna Securities Ltd.,Siprabi Securities Pvt. Ltd.,20,270.8,5416.0,2025-07-17 11:21:52.861246
2025-07-17,129319,2025071701003702,GBIME,Shree Krishna Securities Ltd.,Naasa Securities Co. Ltd.,26,270.8,7040.8,2025-07-17 11:21:52.861313
2025-07-17,129318,2025071701003703,GBIME,Shree Krishna Securities Ltd.,Naasa Securities Co. Ltd.,3600,270.8,974880.0,2025-07-17 11:21:52.861375
2025-07-17,129317,2025071701003704,GBIME,Shree Krishna Securities Ltd.,Dipshikha Dhitopatra Karobar Co. Pvt Ltd.,204,270.8,55243.2,2025-07-17 11:21:52.861466
2025-07-17,129316,2025071701003705,GBIME,Shree Krishna Securities Ltd.,Nepal Stock House (PVT) Ltd.,50,270.8,13540.0,2025-07-17 11:21:52.861534
2025-07-17,129315,2025071701003706,GBIME,Shree Krishna Securities Ltd.,Premier Securities Company Ltd.,100,270.8,27080.0,2025-07-17 11:21:52.861603
2025-07-17,129314,2025071701003707,GBIME,Shree Krishna Securities Ltd.,Siprabi Securities Pvt. Ltd.,300,270.8,81240.0,2025-07-17 11:21:52.861670
2025-07-17,129313,2025071701003708,GBIME,Shree Krishna Securities Ltd.,Vision Securities Pvt. Ltd,100,270.8,27080.0,2025-07-17 11:21:52.861731
2025-07-17,129312,2025071701003709,GBIME,Shree Krishna Securities Ltd.,Investment Management Nepal Pvt. Ltd.,15,270.8,4062.0,2025-07-17 11:21:52.861793
2025-07-17,129311,2025071701003710,GBIME,Shree Krishna Securities Ltd.,Linch Stock Market Ltd.,500,270.9,135450.0,2025-07-17 11:21:52.861863
2025-07-17,129310,2025071701003711,GBIME,Shree Krishna Securities Ltd.,ABC Securities Private Limited,10,271.0,2710.0,2025-07-17 11:21:52.861933
2025-07-17,129309,2025071701003712,GBIME,Shree Krishna Securities Ltd.,Naasa Securities Co. Ltd.,200,271.0,54200.0,2025-07-17 11:21:52.862016
2025-07-17,129308,2025071701003713,GBIME,Shree Krishna Securities Ltd.,Sundhara Securities Limited,10,271.0,2710.0,2025-07-17 11:21:52.862106
2025-07-17,129307,2025071701003714,GBIME,Shree Krishna Securities Ltd.,Online Securities Pvt. Ltd.,100,271.0,27100.0,2025-07-17 11:21:52.862186
2025-07-17,129306,2025071701003715,GBIME,Shree Krishna Securities Ltd.,Imperial Securities Company Pvt. Ltd.,1000,271.0,271000.0,2025-07-17 11:21:52.862260
2025-07-17,129305,2025071701003716,GBIME,Shree Krishna Securities Ltd.,Opal Securities Investment (PVT) Ltd.,1000,271.0,271000.0,2025-07-17 11:21:52.862327
2025-07-17,129304,2025071701003717,GBIME,Shree Krishna Securities Ltd.,Sweta Securities Private Limited,500,271.0,135500.0,2025-07-17 11:21:52.862402
2025-07-17,129303,2025071701003718,GBIME,Shree Krishna Securities Ltd.,Neev Securities Pvt. Ltd.,50,271.0,13550.0,2025-07-17 11:21:52.862469
2025-07-17,129302,2025071701003719,GBIME,Shree Krishna Securities Ltd.,Vision Securities Pvt. Ltd,500,271.0,135500.0,2025-07-17 11:21:52.862535
2025-07-17,129301,2025071701003720,GBIME,Shree Krishna Securities Ltd.,Aryatara Investment & Securities,100,271.2,27120.0,2025-07-17 11:21:52.862606
2025-07-17,129300,2025071701003721,GBIME,Shree Krishna Securities Ltd.,Nepal Investment And Securities Trading Private Limited,20,271.3,5426.0,2025-07-17 11:21:52.862684
2025-07-17,129299,2025071701003722,GBIME,Shree Krishna Securities Ltd.,Vision Securities Pvt. Ltd,13,271.3,3526.9,2025-07-17 11:21:52.862744
2025-07-17,129298,2025071701003723,GBIME,Shree Krishna Securities Ltd.,Nepal Investment And Securities Trading Private Limited,200,271.3,54260.0,2025-07-17 11:21:52.862805
2025-07-17,129297,2025071701003724,GBIME,Shree Krishna Securities Ltd.,Premier Securities Company Ltd.,527,271.3,142975.1,2025-07-17 11:21:52.862873
2025-07-17,129296,2025071701003725,GBIME,Shree Krishna Securities Ltd.,Sumeru Securities Pvt. Ltd.,100,271.3,27130.0,2025-07-17 11:21:52.862924
2025-07-17,129295,2025071701003726,GBIME,Shree Krishna Securities Ltd.,Dipshikha Dhitopatra Karobar Co. Pvt Ltd.,100,271.3,27130.0,2025-07-17 11:21:52.863005
2025-07-17,129294,2025071701003727,GBIME,Shree Krishna Securities Ltd.,Nepal Stock House (PVT) Ltd.,200,271.3,54260.0,2025-07-17 11:21:52.863111
2025-07-17,129293,2025071701003728,GBIME,Shree Krishna Securities Ltd.,Naasa Securities Co. Ltd.,10,271.3,2713.0,2025-07-17 11:21:52.863182
2025-07-17,129292,2025071701003729,GBIME,Shree Krishna Securities Ltd.,Midas Stock Broking Company Private Limited,264,271.3,71623.2,2025-07-17 11:21:52.863264
2025-07-17,129291,2025071701003730,GBIME,Shree Krishna Securities Ltd.,Siprabi Securities Pvt. Ltd.,20,271.3,5426.0,2025-07-17 11:21:52.863338
2025-07-17,129290,2025071701003731,GBIME,Shree Krishna Securities Ltd.,Sweta Securities Private Limited,6750,271.3,1831275.0,2025-07-17 11:21:52.863403
2025-07-17,129289,2025071701003732,GBIME,Shree Krishna Securities Ltd.,ABC Securities Private Limited,80,274.5,21960.0,2025-07-17 11:21:52.863469
2025-07-17,128885,2025071701003851,GBIME,Shree Krishna Securities Ltd.,ABC Securities Private Limited,232,274.5,63684.0,2025-07-17 11:22:24.974040
2025-07-17,128884,2025071701003852,GBIME,Shree Krishna Securities Ltd.,Trisul Securities & Invt. Ltd.,10,278.9,2789.0,2025-07-17 11:22:24.974080
2025-07-17,128633,2025071701003948,GBIME,Dynamic Money Managers Securities Pvt. Ltd.,Primo Securities (PVT) Ltd.,200,274.0,54800.0,2025-07-17 11:22:51.362616
2025-07-17,128520,2025071701003977,GBIME,Nepal Stock House (PVT) Ltd.,Primo Securities (PVT) Ltd.,200,270.0,54000.0,2025-07-17 11:23:01.166969
2025-07-17,128493,2025071701003985,GBIME,Nepal Stock House (PVT) Ltd.,Midas Stock Broking Company Private Limited,420,270.0,113400.0,2025-07-17 11:23:04.331287
2025-07-17,128393,2025071701004017,GBIME,Sharepro Securities Private Limited,Midas Stock Broking Company Private Limited,80,270.0,21600.0,2025-07-17 11:23:09.726259
2025-07-17,128392,2025071701004018,GBIME,Sharepro Securities Private Limited,Online Securities Pvt. Ltd.,1000,273.0,273000.0,2025-07-17 11:23:09.726298
2025-07-17,128391,2025071701004019,GBIME,Sharepro Securities Private Limited,Primo Securities (PVT) Ltd.,2800,274.0,767200.0,2025-07-17 11:23:09.726328
2025-07-17,128390,2025071701004020,GBIME,Sharepro Securities Private Limited,Naasa Securities Co. Ltd.,1120,274.0,306880.0,2025-07-17 11:23:09.726357
2025-07-17,128210,2025071701004082,GBIME,Online Securities Pvt. Ltd.,Midas Stock Broking Company Private Limited,200,270.0,54000.0,2025-07-17 11:23:25.441154
2025-07-17,128183,2025071701004089,GBIME,Online Securities Pvt. Ltd.,Naasa Securities Co. Ltd.,10,265.0,2650.0,2025-07-17 11:23:28.716252
2025-07-17,128181,2025071701004091,GBIME,Vision Securities Pvt. Ltd,Midas Stock Broking Company Private Limited,100,270.0,27000.0,2025-07-17 11:23:28.747813
2025-07-17,128137,2025071701004105,GBIME,Naasa Securities Co. Ltd.,Linch Stock Market Ltd.,5,265.0,1325.0,2025-07-17 11:23:33.501974
2025-07-17,128136,2025071701004106,GBIME,Vision Securities Pvt. Ltd,Aryatara Investment & Securities,100,270.0,27000.0,2025-07-17 11:23:33.823698
2025-07-17,128013,2025071701004162,GBIME,Dipshikha Dhitopatra Karobar Co. Pvt Ltd.,Aryatara Investment & Securities,500,270.0,135000.0,2025-07-17 11:23:42.848193
2025-07-17,127737,2025071701004281,GBIME,Kohinoor Investment & Securities Pvt. Ltd.,Aryatara Investment & Securities,20,270.0,5400.0,2025-07-17 11:24:17.473290
2025-07-17,127640,2025071701004321,GBIME,Aryatara Investment & Securities,Aryatara Investment & Securities,380,270.0,102600.0,2025-07-17 11:24:29.239613
2025-07-17,127639,2025071701004322,GBIME,Aryatara Investment & Securities,Thrive Brokerage House Pvt. Ltd,120,270.0,32400.0,2025-07-17 11:24:29.239766
2025-07-17,127602,2025071701004341,GBIME,Imperial Securities Company Pvt. Ltd.,Thrive Brokerage House Pvt. Ltd,180,270.0,48600.0,2025-07-17 11:24:32.101979
2025-07-17,127601,2025071701004342,GBIME,Imperial Securities Company Pvt. Ltd.,Sani Securities Company Ltd.,65,270.0,17550.0,2025-07-17 11:24:32.102136
2025-07-17,127600,2025071701004343,GBIME,Imperial Securities Company Pvt. Ltd.,Siprabi Securities Pvt. Ltd.,100,270.0,27000.0,2025-07-17 11:24:32.102202
2025-07-17,127599,2025071701004344,GBIME,Imperial Securities Company Pvt. Ltd.,Cristal Kanchanjanga Securites Pvt. Ltd.,207,270.0,55890.0,2025-07-17 11:24:32.102289
2025-07-17,127598,2025071701004345,GBIME,Imperial Securities Company Pvt. Ltd.,Primo Securities (PVT) Ltd.,148,270.0,39960.0,2025-07-17 11:24:32.102383
2025-07-17,127482,2025071701004390,GBIME,Trisul Securities & Invt. Ltd.,Kumari Securities Private Limited,100,268.6,26860.0,2025-07-17 11:24:46.477925
2025-07-17,127404,2025071701004427,GBIME,Sani Securities Company Ltd.,Ashutosh Brokerage & Securities (PVT) Ltd.,50,269.9,13495.0,2025-07-17 11:24:56.183543
2025-07-17,127403,2025071701004428,GBIME,Sani Securities Company Ltd.,Oxford Securities Pvt. Ltd.,50,269.9,13495.0,2025-07-17 11:24:56.183697
2025-07-17,127340,2025071701004450,GBIME,Sharepro Securities Private Limited,Oxford Securities Pvt. Ltd.,150,269.9,40485.0,2025-07-17 11:25:04.147496
2025-07-17,127339,2025071701004451,GBIME,Sharepro Securities Private Limited,Primo Securities (PVT) Ltd.,2852,270.0,770040.0,2025-07-17 11:25:04.147550
2025-07-17,127338,2025071701004452,GBIME,Sharepro Securities Private Limited,Indira securities pvt. ltd,4998,270.0,1349460.0,2025-07-17 11:25:04.147579
2025-07-17,126408,2025071701004739,GBIME,Agrawal Securities (PVT) Ltd.,J.F. Securites (PVT) Ltd.,10,267.0,2670.0,2025-07-17 11:26:41.840344
2025-07-17,126407,2025071701004740,GBIME,Siprabi Securities Pvt. Ltd.,J.F. Securites (PVT) Ltd.,190,267.0,50730.0,2025-07-17 11:26:41.840558
2025-07-17,126304,2025071701004767,GBIME,Aryatara Investment & Securities,Sweta Securities Private Limited,10,268.9,2689.0,2025-07-17 11:26:49.654533
2025-07-17,126208,2025071701004813,GBIME,Siprabi Securities Pvt. Ltd.,Secured Securities Ltd.,310,267.0,82770.0,2025-07-17 11:27:02.557541
2025-07-17,126207,2025071701004814,GBIME,Prabhu Stock Market Limited,Secured Securities Ltd.,690,267.0,184230.0,2025-07-17 11:27:02.557759
2025-07-17,126007,2025071701004868,GBIME,Sundhara Securities Limited,Sri Hari Securities Pvt. Ltd.,100,267.1,26710.0,2025-07-17 11:27:21.817871
2025-07-17,125894,2025071701004919,GBIME,Prabhu Stock Market Limited,Naasa Securities Co. Ltd.,20,267.0,5340.0,2025-07-17 11:27:30.969635
2025-07-17,125753,2025071701004986,GBIME,Prabhu Stock Market Limited,Dynamic Money Managers Securities Pvt. Ltd.,40,267.0,10680.0,2025-07-17 11:27:44.472914
2025-07-17,125698,2025071701004998,GBIME,Naasa Securities Co. Ltd.,Online Securities Pvt. Ltd.,10,268.0,2680.0,2025-07-17 11:27:51.542720
2025-07-17,125662,2025071701005014,GBIME,Prabhu Stock Market Limited,Primo Securities (PVT) Ltd.,40,267.0,10680.0,2025-07-17 11:27:56.306376
2025-07-17,125632,2025071701005020,GBIME,Prabhu Stock Market Limited,Imperial Securities Company Pvt. Ltd.,210,267.0,56070.0,2025-07-17 11:27:58.585708
2025-07-17,125631,2025071701005021,GBIME,Indira securities pvt. ltd,Imperial Securities Company Pvt. Ltd.,690,267.0,184230.0,2025-07-17 11:27:58.585949
2025-07-17,125536,2025071701005056,GBIME,Indira securities pvt. ltd,Kohinoor Investment & Securities Pvt. Ltd.,10,267.0,2670.0,2025-07-17 11:28:10.568168
2025-07-17,125360,2025071701005118,GBIME,Siprabi Securities Pvt. Ltd.,Sumeru Securities Pvt. Ltd.,30,267.3,8019.0,2025-07-17 11:28:30.653688
2025-07-17,125359,2025071701005119,GBIME,Indira securities pvt. ltd,Sumeru Securities Pvt. Ltd.,31,267.0,8277.0,2025-07-17 11:28:30.654218
2025-07-17,124792,2025071701005279,GBIME,Indira securities pvt. ltd,Sundhara Securities Limited,150,267.0,40050.0,2025-07-17 11:29:26.314351
2025-07-17,124733,2025071701005297,GBIME,KALASH STOCK MARKET PVT. LTD.,Thrive Brokerage House Pvt. Ltd,30,267.7,8031.0,2025-07-17 11:29:33.370155
2025-07-17,124732,2025071701005298,GBIME,KALASH STOCK MARKET PVT. LTD.,Shree Krishna Securities Ltd.,150,267.9,40185.0,2025-07-17 11:29:33.370669
2025-07-17,124731,2025071701005299,GBIME,KALASH STOCK MARKET PVT. LTD.,Online Securities Pvt. Ltd.,200,267.9,53580.0,2025-07-17 11:29:33.371042
2025-07-17,124730,2025071701005300,GBIME,KALASH STOCK MARKET PVT. LTD.,Dipshikha Dhitopatra Karobar Co. Pvt Ltd.,100,267.9,26790.0,2025-07-17 11:29:33.371398
2025-07-17,124602,2025071701005309,GBIME,KALASH STOCK MARKET PVT. LTD.,ABC Securities Private Limited,20,267.9,5358.0,2025-07-17 11:29:37.853117
2025-07-17,124601,2025071701005310,GBIME,Indira securities pvt. ltd,ABC Securities Private Limited,180,267.0,48060.0,2025-07-17 11:29:37.853415
2025-07-17,124478,2025071701005338,GBIME,Indira securities pvt. ltd,Siprabi Securities Pvt. Ltd.,710,267.0,189570.0,2025-07-17 11:29:51.982741
2025-07-17,124476,2025071701005339,GBIME,Sweta Securities Private Limited,Aryatara Investment & Securities,50,267.5,13375.0,2025-07-17 11:29:52.243436
2025-07-17,124446,2025071701005348,GBIME,Indira securities pvt. ltd,Malla & Malla Stock Broking Company Pvt. Limited,540,267.0,144180.0,2025-07-17 11:29:56.158043
2025-07-17,124436,2025071701005354,GBIME,Indira securities pvt. ltd,Sani Securities Company Ltd.,2400,267.0,640800.0,2025-07-17 11:29:56.576135
2025-07-17,124347,2025071701005366,GBIME,Sani Securities Company Ltd.,Aryatara Investment & Securities,74,267.5,19795.0,2025-07-17 11:30:04.668174
2025-07-17,124346,2025071701005367,GBIME,Sani Securities Company Ltd.,Online Securities Pvt. Ltd.,126,268.0,33768.0,2025-07-17 11:30:04.668434
2025-07-17,124041,2025071701005444,GBIME,Indira securities pvt. ltd,K.B.L. Securities Limited ,1359,267.0,362853.0,2025-07-17 11:30:33.570663
2025-07-17,123808,2025071701005501,GBIME,Indira securities pvt. ltd,Sri Hari Securities Pvt. Ltd.,120,267.0,32040.0,2025-07-17 11:31:06.987329
2025-07-17,123807,2025071701005502,GBIME,Online Securities Pvt. Ltd.,Sri Hari Securities Pvt. Ltd.,50,267.0,13350.0,2025-07-17 11:31:06.987920
2025-07-17,123806,2025071701005503,GBIME,Imperial Securities Company Pvt. Ltd.,Sri Hari Securities Pvt. Ltd.,500,267.0,133500.0,2025-07-17 11:31:06.988322
2025-07-17,123805,2025071701005504,GBIME,J.F. Securites (PVT) Ltd.,Sri Hari Securities Pvt. Ltd.,730,267.0,194910.0,2025-07-17 11:31:06.988707
2025-07-17,123612,2025071701005579,GBIME,J.F. Securites (PVT) Ltd.,Nepal Stock House (PVT) Ltd.,242,267.0,64614.0,2025-07-17 11:31:21.092216
2025-07-17,123496,2025071701005624,GBIME,Sani Securities Company Ltd.,Online Securities Pvt. Ltd.,364,268.0,97552.0,2025-07-17 11:31:34.374556
2025-07-17,123495,2025071701005625,GBIME,Sani Securities Company Ltd.,South Asian Bulls Pvt. Ltd.,500,268.0,134000.0,2025-07-17 11:31:34.374871
2025-07-17,123494,2025071701005626,GBIME,Sani Securities Company Ltd.,Sani Securities Company Ltd.,600,268.0,160800.0,2025-07-17 11:31:34.375005
2025-07-17,123493,2025071701005627,GBIME,Sani Securities Company Ltd.,Trisul Securities & Invt. Ltd.,50,268.0,13400.0,2025-07-17 11:31:34.375150
2025-07-17,123492,2025071701005628,GBIME,Sani Securities Company Ltd.,Online Securities Pvt. Ltd.,486,268.0,130248.0,2025-07-17 11:31:34.375283
2025-07-17,123047,2025071701005743,GBIME,Naasa Securities Co. Ltd.,Trishakti Securities Public Limited,100,267.5,26750.0,2025-07-17 11:32:18.967591
2025-07-17,122878,2025071701005775,GBIME,J.F. Securites (PVT) Ltd.,Himalayan Brokerage Company Limited,28,267.0,7476.0,2025-07-17 11:32:32.424109
2025-07-17,122877,2025071701005776,GBIME,Aryatara Investment & Securities,Himalayan Brokerage Company Limited,10,267.0,2670.0,2025-07-17 11:32:32.424389
2025-07-17,122876,2025071701005777,GBIME,Nepal Stock House (PVT) Ltd.,Himalayan Brokerage Company Limited,550,267.0,146850.0,2025-07-17 11:32:32.424521
2025-07-17,122875,2025071701005778,GBIME,Trisul Securities & Invt. Ltd.,Himalayan Brokerage Company Limited,412,266.5,109798.0,2025-07-17 11:32:32.424650
2025-07-17,122664,2025071701005827,GBIME,Dakshinkali Investment & Securities Pvt. Ltd.,Sani Securities Company Ltd.,90,267.0,24030.0,2025-07-17 11:32:53.823021
2025-07-17,122502,2025071701005900,GBIME,Dakshinkali Investment & Securities Pvt. Ltd.,Investment Management Nepal Pvt. Ltd.,200,267.0,53400.0,2025-07-17 11:33:12.574921
2025-07-17,122485,2025071701005911,GBIME,Dakshinkali Investment & Securities Pvt. Ltd.,Sri Hari Securities Pvt. Ltd.,110,267.0,29370.0,2025-07-17 11:33:14.519840
2025-07-17,122484,2025071701005912,GBIME,Sumeru Securities Pvt. Ltd.,Sri Hari Securities Pvt. Ltd.,15,267.0,4005.0,2025-07-17 11:33:14.520126
2025-07-17,122256,2025071701005974,GBIME,Trisul Securities & Invt. Ltd.,Sri Hari Securities Pvt. Ltd.,200,266.5,53300.0,2025-07-17 11:33:36.920077
2025-07-17,122187,2025071701005992,GBIME,Imperial Securities Company Pvt. Ltd.,Sri Hari Securities Pvt. Ltd.,31,267.0,8277.0,2025-07-17 11:33:47.130893
2025-07-17,122186,2025071701005993,GBIME,Imperial Securities Company Pvt. Ltd.,Naasa Securities Co. Ltd.,50,267.0,13350.0,2025-07-17 11:33:47.131487
2025-07-17,122185,2025071701005994,GBIME,Imperial Securities Company Pvt. Ltd.,Kalika Securities Pvt. Ltd.,218,267.5,58315.0,2025-07-17 11:33:47.131900
2025-07-17,122184,2025071701005995,GBIME,Imperial Securities Company Pvt. Ltd.,Premier Securities Company Ltd.,51,267.5,13642.5,2025-07-17 11:33:47.132354
2025-07-17,122031,2025071701006045,GBIME,Asian Securities Private Ltd.,Sweta Securities Private Limited,40,267.4,10696.0,2025-07-17 11:33:58.904746
2025-07-17,122030,2025071701006046,GBIME,Asian Securities Private Ltd.,Premier Securities Company Ltd.,460,267.5,123050.0,2025-07-17 11:33:58.905051
2025-07-17,121856,2025071701006098,GBIME,Imperial Securities Company Pvt. Ltd.,Sumeru Securities Pvt. Ltd.,16,266.6,4265.6,2025-07-17 11:34:15.964152
2025-07-17,121699,2025071701006144,GBIME,Imperial Securities Company Pvt. Ltd.,Dipshikha Dhitopatra Karobar Co. Pvt Ltd.,34,266.6,9064.4,2025-07-17 11:34:29.254390
2025-07-17,121698,2025071701006145,GBIME,Trisul Securities & Invt. Ltd.,Dipshikha Dhitopatra Karobar Co. Pvt Ltd.,388,266.5,103402.0,2025-07-17 11:34:29.254975
2025-07-17,121697,2025071701006146,GBIME,Vision Securities Pvt. Ltd,Dipshikha Dhitopatra Karobar Co. Pvt Ltd.,78,266.5,20787.0,2025-07-17 11:34:29.255411
2025-07-17,121587,2025071701006191,GBIME,Vision Securities Pvt. Ltd,Agrawal Securities (PVT) Ltd.,50,266.5,13325.0,2025-07-17 11:34:46.631180
2025-07-17,121495,2025071701006227,GBIME,Vision Securities Pvt. Ltd,Oxford Securities Pvt. Ltd.,150,266.5,39975.0,2025-07-17 11:34:55.621381
2025-07-17,120902,2025071701006465,GBIME,Vision Securities Pvt. Ltd,Vision Securities Pvt. Ltd,20,266.5,5330.0,2025-07-17 11:35:41.355762
2025-07-17,120660,2025071701006558,GBIME,Vision Securities Pvt. Ltd,Himalayan Securities Limited,50,266.5,13325.0,2025-07-17 11:36:10.769157
2025-07-17,120653,2025071701006559,GBIME,Vision Securities Pvt. Ltd,Kohinoor Investment & Securities Pvt. Ltd.,124,266.5,33046.0,2025-07-17 11:36:11.069962
2025-07-17,120600,2025071701006577,GBIME,Vision Securities Pvt. Ltd,Sani Securities Company Ltd.,35,266.5,9327.5,2025-07-17 11:36:17.053588
2025-07-17,120496,2025071701006628,GBIME,Imperial Securities Company Pvt. Ltd.,Cristal Kanchanjanga Securites Pvt. Ltd.,20,267.0,5340.0,2025-07-17 11:36:27.088954
2025-07-17,120495,2025071701006629,GBIME,Imperial Securities Company Pvt. Ltd.,Sani Securities Company Ltd.,180,267.0,48060.0,2025-07-17 11:36:27.089292
2025-07-17,120350,2025071701006670,GBIME,Sewa Securities Pvt. Ltd.,Sani Securities Company Ltd.,120,267.0,32040.0,2025-07-17 11:36:44.003613
2025-07-17,120349,2025071701006671,GBIME,Sewa Securities Pvt. Ltd.,Primo Securities (PVT) Ltd.,111,267.3,29670.3,2025-07-17 11:36:44.003916
2025-07-17,120348,2025071701006672,GBIME,Sewa Securities Pvt. Ltd.,Premier Securities Company Ltd.,100,267.4,26740.0,2025-07-17 11:36:44.004124
2025-07-17,120347,2025071701006673,GBIME,Sewa Securities Pvt. Ltd.,Premier Securities Company Ltd.,1469,267.5,392957.5,2025-07-17 11:36:44.004283
2025-07-17,119570,2025071701006910,GBIME,Capital Max Securities Ltd,Premier Securities Company Ltd.,20,267.5,5350.0,2025-07-17 11:38:09.389880
2025-07-17,119569,2025071701006911,GBIME,Capital Max Securities Ltd,Sani Securities Company Ltd.,223,267.5,59652.5,2025-07-17 11:38:09.390235
2025-07-17,119426,2025071701006960,GBIME,Premier Securities Company Ltd.,Online Securities Pvt. Ltd.,14,268.0,3752.0,2025-07-17 11:38:24.206524
2025-07-17,119425,2025071701006961,GBIME,Premier Securities Company Ltd.,Nepal Investment And Securities Trading Private Limited,332,268.0,88976.0,2025-07-17 11:38:24.206566
2025-07-17,119424,2025071701006962,GBIME,Premier Securities Company Ltd.,Vision Securities Pvt. Ltd,265,268.0,71020.0,2025-07-17 11:38:24.206590
2025-07-17,119326,2025071701006986,GBIME,Agrawal Securities (PVT) Ltd.,Vision Securities Pvt. Ltd,35,268.0,9380.0,2025-07-17 11:38:35.513482
2025-07-17,119325,2025071701006987,GBIME,Agrawal Securities (PVT) Ltd.,Trishakti Securities Public Limited,15,268.0,4020.0,2025-07-17 11:38:35.513790
2025-07-17,118885,2025071701007145,GBIME,Stoxkarts Securities Limited,BHOLE GANESH SECURITIES LTD,10,267.6,2676.0,2025-07-17 11:39:15.311101
2025-07-17,118884,2025071701007146,GBIME,Capital Max Securities Ltd,BHOLE GANESH SECURITIES LTD,757,267.5,202497.5,2025-07-17 11:39:15.311161
2025-07-17,118883,2025071701007147,GBIME,Cristal Kanchanjanga Securites Pvt. Ltd.,BHOLE GANESH SECURITIES LTD,10,267.5,2675.0,2025-07-17 11:39:15.311191
2025-07-17,118882,2025071701007148,GBIME,Swarna Laxmi Securities Pvt. Ltd.,BHOLE GANESH SECURITIES LTD,100,266.7,26670.0,2025-07-17 11:39:15.311229
2025-07-17,118881,2025071701007149,GBIME,Sani Securities Company Ltd.,BHOLE GANESH SECURITIES LTD,123,266.6,32791.8,2025-07-17 11:39:15.311254
2025-07-17,118391,2025071701007302,GBIME,Sani Securities Company Ltd.,Aryatara Investment & Securities,377,266.6,100508.2,2025-07-17 11:40:10.857769
2025-07-17,118390,2025071701007303,GBIME,Vision Securities Pvt. Ltd,Aryatara Investment & Securities,493,266.5,131384.5,2025-07-17 11:40:10.857831
2025-07-17,118389,2025071701007304,GBIME,Opal Securities Investment (PVT) Ltd.,Aryatara Investment & Securities,100,266.5,26650.0,2025-07-17 11:40:10.857872
2025-07-17,118388,2025071701007305,GBIME,Dynamic Money Managers Securities Pvt. Ltd.,Aryatara Investment & Securities,1000,266.5,266500.0,2025-07-17 11:40:10.857927
2025-07-17,118387,2025071701007306,GBIME,Sri Hari Securities Pvt. Ltd.,Aryatara Investment & Securities,5000,266.5,1332500.0,2025-07-17 11:40:10.857957
2025-07-17,118386,2025071701007307,GBIME,Aryatara Investment & Securities,Aryatara Investment & Securities,500,266.5,133250.0,2025-07-17 11:40:10.857983
2025-07-17,118385,2025071701007308,GBIME,Aakashbhairab Securities Ltd.,Aryatara Investment & Securities,530,266.5,141245.0,2025-07-17 11:40:10.858013
2025-07-17,118120,2025071701007413,GBIME,Aakashbhairab Securities Ltd.,Imperial Securities Company Pvt. Ltd.,200,266.5,53300.0,2025-07-17 11:40:39.817344
2025-07-17,117488,2025071701007562,GBIME,Aakashbhairab Securities Ltd.,R.B.B. Securities Company Ltd,50,266.5,13325.0,2025-07-17 11:41:38.983327
2025-07-17,117234,2025071701007621,GBIME,Aakashbhairab Securities Ltd.,Deevyaa Securities & Stock House Pvt. Ltd,200,266.5,53300.0,2025-07-17 11:42:04.410186
2025-07-17,117034,2025071701007694,GBIME,Agrawal Securities (PVT) Ltd.,Nepal Investment And Securities Trading Private Limited,10,266.9,2669.0,2025-07-17 11:42:26.537393
2025-07-17,116957,2025071701007734,GBIME,Aakashbhairab Securities Ltd.,Aryatara Investment & Securities,20,266.5,5330.0,2025-07-17 11:42:33.372449
2025-07-17,116954,2025071701007736,GBIME,Sewa Securities Pvt. Ltd.,Aryatara Investment & Securities,10,266.5,2665.0,2025-07-17 11:42:33.455284
2025-07-17,116550,2025071701007873,GBIME,Naasa Securities Co. Ltd.,Naasa Securities Co. Ltd.,3,266.7,800.1,2025-07-17 11:43:17.771085
2025-07-17,116535,2025071701007882,GBIME,Himalayan Brokerage Company Limited,Aryatara Investment & Securities,71,266.5,18921.5,2025-07-17 11:43:20.169193
2025-07-17,116534,2025071701007883,GBIME,Himalayan Brokerage Company Limited,Nepal Investment And Securities Trading Private Limited,190,266.9,50711.0,2025-07-17 11:43:20.170109
2025-07-17,116533,2025071701007884,GBIME,Himalayan Brokerage Company Limited,Trishakti Securities Public Limited,200,266.9,53380.0,2025-07-17 11:43:20.170904
2025-07-17,116370,2025071701007939,GBIME,Imperial Securities Company Pvt. Ltd.,Sani Securities Company Ltd.,100,267.0,26700.0,2025-07-17 11:43:34.599667
2025-07-17,116367,2025071701007940,GBIME,Sewa Securities Pvt. Ltd.,Sani Securities Company Ltd.,10,267.0,2670.0,2025-07-17 11:43:35.968539
2025-07-17,116325,2025071701007960,GBIME,Himalayan Brokerage Company Limited,Sani Securities Company Ltd.,39,267.0,10413.0,2025-07-17 11:43:41.232916
2025-07-17,116319,2025071701007963,GBIME,Aryatara Investment & Securities,Midas Stock Broking Company Private Limited,10,266.0,2660.0,2025-07-17 11:43:41.567184
2025-07-17,116318,2025071701007964,GBIME,Arun Securities (PVT) Ltd.,Midas Stock Broking Company Private Limited,112,266.0,29792.0,2025-07-17 11:43:41.567544
2025-07-17,116317,2025071701007965,GBIME,Oxford Securities Pvt. Ltd.,Midas Stock Broking Company Private Limited,78,266.0,20748.0,2025-07-17 11:43:41.567716
2025-07-17,116239,2025071701007981,GBIME,Oxford Securities Pvt. Ltd.,ABC Securities Private Limited,100,266.0,26600.0,2025-07-17 11:43:50.529154
2025-07-17,116195,2025071701008008,GBIME,Siprabi Securities Pvt. Ltd.,Sani Securities Company Ltd.,351,267.0,93717.0,2025-07-17 11:43:52.580184
2025-07-17,116194,2025071701008009,GBIME,Siprabi Securities Pvt. Ltd.,Online Securities Pvt. Ltd.,500,267.0,133500.0,2025-07-17 11:43:52.580943
2025-07-17,116193,2025071701008010,GBIME,Siprabi Securities Pvt. Ltd.,J.F. Securites (PVT) Ltd.,21,267.0,5607.0,2025-07-17 11:43:52.581478
2025-07-17,116081,2025071701008043,GBIME,Siprabi Securities Pvt. Ltd.,Capital Max Securities Ltd,50,267.0,13350.0,2025-07-17 11:44:07.912325
2025-07-17,115958,2025071701008101,GBIME,Siprabi Securities Pvt. Ltd.,Sewa Securities Pvt. Ltd.,20,267.0,5340.0,2025-07-17 11:44:22.337995
2025-07-17,115658,2025071701008188,GBIME,Siprabi Securities Pvt. Ltd.,Investment Management Nepal Pvt. Ltd.,50,267.0,13350.0,2025-07-17 11:44:58.586119
2025-07-17,115656,2025071701008190,GBIME,Siprabi Securities Pvt. Ltd.,Cristal Kanchanjanga Securites Pvt. Ltd.,160,267.0,42720.0,2025-07-17 11:44:59.013304
2025-07-17,115646,2025071701008195,GBIME,Primo Securities (PVT) Ltd.,Trishakti Securities Public Limited,150,268.0,40200.0,2025-07-17 11:44:59.936852
2025-07-17,115559,2025071701008213,GBIME,Siprabi Securities Pvt. Ltd.,ABC Securities Private Limited,293,267.0,78231.0,2025-07-17 11:45:08.173307
2025-07-17,115558,2025071701008214,GBIME,Kumari Securities Private Limited,ABC Securities Private Limited,100,267.0,26700.0,2025-07-17 11:45:08.174087
2025-07-17,115557,2025071701008215,GBIME,Sri Hari Securities Pvt. Ltd.,ABC Securities Private Limited,10,267.0,2670.0,2025-07-17 11:45:08.174617
2025-07-17,115481,2025071701008232,GBIME,Shree Krishna Securities Ltd.,ABC Securities Private Limited,597,267.0,159399.0,2025-07-17 11:45:18.862413
2025-07-17,115480,2025071701008233,GBIME,Shree Krishna Securities Ltd.,Trishakti Securities Public Limited,35,268.0,9380.0,2025-07-17 11:45:18.862763
2025-07-17,115479,2025071701008234,GBIME,Shree Krishna Securities Ltd.,Ashutosh Brokerage & Securities (PVT) Ltd.,85,268.0,22780.0,2025-07-17 11:45:18.862942
2025-07-17,115478,2025071701008235,GBIME,Shree Krishna Securities Ltd.,Cristal Kanchanjanga Securites Pvt. Ltd.,20,268.0,5360.0,2025-07-17 11:45:18.863127
2025-07-17,115477,2025071701008236,GBIME,Shree Krishna Securities Ltd.,ABC Securities Private Limited,10,268.0,2680.0,2025-07-17 11:45:18.863300
2025-07-17,115476,2025071701008237,GBIME,Shree Krishna Securities Ltd.,Naasa Securities Co. Ltd.,20,268.0,5360.0,2025-07-17 11:45:18.863471
2025-07-17,115475,2025071701008238,GBIME,Shree Krishna Securities Ltd.,Aryatara Investment & Securities,100,268.0,26800.0,2025-07-17 11:45:18.863660
2025-07-17,115474,2025071701008239,GBIME,Shree Krishna Securities Ltd.,Oxford Securities Pvt. Ltd.,500,268.0,134000.0,2025-07-17 11:45:18.863830
2025-07-17,115473,2025071701008240,GBIME,Shree Krishna Securities Ltd.,Bhrikuti Stock Broking Co. Pvt. Ltd.,36,268.0,9648.0,2025-07-17 11:45:18.864020
2025-07-17,115472,2025071701008241,GBIME,Shree Krishna Securities Ltd.,Ashutosh Brokerage & Securities (PVT) Ltd.,100,268.0,26800.0,2025-07-17 11:45:18.864200
2025-07-17,115441,2025071701008251,GBIME,Shree Krishna Securities Ltd.,Bhrikuti Stock Broking Co. Pvt. Ltd.,15,268.0,4020.0,2025-07-17 11:45:22.217285
2025-07-17,115082,2025071701008381,GBIME,Sani Securities Company Ltd.,Premier Securities Company Ltd.,200,267.1,53420.0,2025-07-17 11:46:03.793049
2025-07-17,115081,2025071701008382,GBIME,Shree Krishna Securities Ltd.,Premier Securities Company Ltd.,3800,267.0,1014600.0,2025-07-17 11:46:03.793790
2025-07-17,114541,2025071701008511,GBIME,Naasa Securities Co. Ltd.,Sani Securities Company Ltd.,10,268.0,2680.0,2025-07-17 11:47:03.146770
2025-07-17,114364,2025071701008564,GBIME,Sani Securities Company Ltd.,Sani Securities Company Ltd.,25,268.0,6700.0,2025-07-17 11:47:20.572631
2025-07-17,114346,2025071701008567,GBIME,Sewa Securities Pvt. Ltd.,Sani Securities Company Ltd.,50,268.0,13400.0,2025-07-17 11:47:22.179834
2025-07-17,114297,2025071701008592,GBIME,Sani Securities Company Ltd.,Naasa Securities Co. Ltd.,200,267.3,53460.0,2025-07-17 11:47:28.635009
2025-07-17,114012,2025071701008654,GBIME,Ashutosh Brokerage & Securities (PVT) Ltd.,ABC Securities Private Limited,200,267.2,53440.0,2025-07-17 11:47:53.708254
2025-07-17,114011,2025071701008655,GBIME,Naasa Securities Co. Ltd.,ABC Securities Private Limited,150,267.2,40080.0,2025-07-17 11:47:53.708653
2025-07-17,114010,2025071701008656,GBIME,Oxford Securities Pvt. Ltd.,ABC Securities Private Limited,22,267.0,5874.0,2025-07-17 11:47:53.708875
2025-07-17,114009,2025071701008657,GBIME,Trisul Securities & Invt. Ltd.,ABC Securities Private Limited,133,267.0,35511.0,2025-07-17 11:47:53.709092
2025-07-17,113572,2025071701008779,GBIME,Imperial Securities Company Pvt. Ltd.,Aryatara Investment & Securities,100,267.5,26750.0,2025-07-17 11:48:38.976508
2025-07-17,113238,2025071701008910,GBIME,Imperial Securities Company Pvt. Ltd.,ABC Securities Private Limited,52,267.9,13930.8,2025-07-17 11:49:16.484909
2025-07-17,113237,2025071701008911,GBIME,Imperial Securities Company Pvt. Ltd.,Sani Securities Company Ltd.,248,268.0,66464.0,2025-07-17 11:49:16.485365
2025-07-17,113146,2025071701008938,GBIME,Secured Securities Ltd.,South Asian Bulls Pvt. Ltd.,200,267.9,53580.0,2025-07-17 11:49:25.489930
2025-07-17,112968,2025071701008991,GBIME,Primo Securities (PVT) Ltd.,Kalika Securities Pvt. Ltd.,52,267.9,13930.8,2025-07-17 11:49:46.715348
2025-07-17,112967,2025071701008992,GBIME,Trisul Securities & Invt. Ltd.,Kalika Securities Pvt. Ltd.,192,267.0,51264.0,2025-07-17 11:49:46.715765
2025-07-17,112270,2025071701009222,GBIME,Sumeru Securities Pvt. Ltd.,Kalika Securities Pvt. Ltd.,200,267.5,53500.0,2025-07-17 11:51:00.958547
2025-07-17,112269,2025071701009223,GBIME,Sumeru Securities Pvt. Ltd.,Sani Securities Company Ltd.,52,268.0,13936.0,2025-07-17 11:51:00.958950
2025-07-17,112268,2025071701009224,GBIME,Sumeru Securities Pvt. Ltd.,Naasa Securities Co. Ltd.,20,268.0,5360.0,2025-07-17 11:51:00.959161
2025-07-17,112267,2025071701009225,GBIME,Sumeru Securities Pvt. Ltd.,INDEX SECURITIES LIMITED,728,268.0,195104.0,2025-07-17 11:51:00.959357
2025-07-17,111786,2025071701009386,GBIME,Trisul Securities & Invt. Ltd.,Investment Management Nepal Pvt. Ltd.,78,267.0,20826.0,2025-07-17 11:51:50.833643
2025-07-17,111414,2025071701009510,GBIME,Trisul Securities & Invt. Ltd.,J.F. Securites (PVT) Ltd.,97,267.0,25899.0,2025-07-17 11:52:32.643075
2025-07-17,111300,2025071701009535,GBIME,Dipshikha Dhitopatra Karobar Co. Pvt Ltd.,Linch Stock Market Ltd.,10,267.0,2670.0,2025-07-17 11:52:46.603601
2025-07-17,111299,2025071701009536,GBIME,Naasa Securities Co. Ltd.,Linch Stock Market Ltd.,10,267.0,2670.0,2025-07-17 11:52:46.604052
2025-07-17,111212,2025071701009560,GBIME,Aryatara Investment & Securities,Midas Stock Broking Company Private Limited,93,266.7,24803.1,2025-07-17 11:52:57.345911
2025-07-17,111211,2025071701009561,GBIME,Nepal Stock House (PVT) Ltd.,Midas Stock Broking Company Private Limited,156,266.5,41574.0,2025-07-17 11:52:57.346894
2025-07-17,110840,2025071701009671,GBIME,Nepal Stock House (PVT) Ltd.,Market Securities & Exchange (PVT) Ltd.,975,266.5,259837.5,2025-07-17 11:53:39.216332
2025-07-17,110782,2025071701009685,GBIME,Nepal Stock House (PVT) Ltd.,Indira securities pvt. ltd,869,266.5,231588.5,2025-07-17 11:53:47.814970
2025-07-17,110623,2025071701009726,GBIME,Sharepro Securities Private Limited,Bhrikuti Stock Broking Co. Pvt. Ltd.,1055,267.0,281685.0,2025-07-17 11:54:09.113725
2025-07-17,110622,2025071701009727,GBIME,Sharepro Securities Private Limited,Investment Management Nepal Pvt. Ltd.,79,267.0,21093.0,2025-07-17 11:54:09.113785
2025-07-17,110621,2025071701009728,GBIME,Sharepro Securities Private Limited,Sani Securities Company Ltd.,950,267.0,253650.0,2025-07-17 11:54:09.113821
2025-07-17,110620,2025071701009729,GBIME,Sharepro Securities Private Limited,Cristal Kanchanjanga Securites Pvt. Ltd.,202,267.8,54095.6,2025-07-17 11:54:09.113861
2025-07-17,110619,2025071701009730,GBIME,Sharepro Securities Private Limited,Naasa Securities Co. Ltd.,414,267.9,110910.6,2025-07-17 11:54:09.113900
2025-07-17,110199,2025071701009846,GBIME,Deevyaa Securities & Stock House Pvt. Ltd,Naasa Securities Co. Ltd.,60,267.0,16020.0,2025-07-17 11:54:58.021196
2025-07-17,110090,2025071701009862,GBIME,Deevyaa Securities & Stock House Pvt. Ltd,Midas Stock Broking Company Private Limited,138,267.0,36846.0,2025-07-17 11:55:06.060772
2025-07-17,109699,2025071701009989,GBIME,Magnet Securities and Investment Company Private Limited,Dipshikha Dhitopatra Karobar Co. Pvt Ltd.,50,267.0,13350.0,2025-07-17 11:55:46.093424
2025-07-17,108711,2025071701010318,GBIME,Cristal Kanchanjanga Securites Pvt. Ltd.,Dipshikha Dhitopatra Karobar Co. Pvt Ltd.,12,267.0,3204.0,2025-07-17 11:57:24.363465
2025-07-17,108397,2025071701010422,GBIME,Nepal Investment And Securities Trading Private Limited,Imperial Securities Company Pvt. Ltd.,50,266.0,13300.0,2025-07-17 11:57:51.811502
2025-07-17,108117,2025071701010509,GBIME,Nepal Investment And Securities Trading Private Limited,Shree Krishna Securities Ltd.,50,266.0,13300.0,2025-07-17 11:58:18.116185
2025-07-17,108116,2025071701010510,GBIME,ABC Securities Private Limited,Shree Krishna Securities Ltd.,1000,266.0,266000.0,2025-07-17 11:58:18.117090
2025-07-17,108115,2025071701010511,GBIME,Imperial Securities Company Pvt. Ltd.,Shree Krishna Securities Ltd.,180,266.0,47880.0,2025-07-17 11:58:18.117760
2025-07-17,108114,2025071701010512,GBIME,Sani Securities Company Ltd.,Shree Krishna Securities Ltd.,500,266.0,133000.0,2025-07-17 11:58:18.118434
2025-07-17,108113,2025071701010513,GBIME,Naasa Securities Co. Ltd.,Shree Krishna Securities Ltd.,20,266.0,5320.0,2025-07-17 11:58:18.119107
2025-07-17,108112,2025071701010514,GBIME,Aryatara Investment & Securities,Shree Krishna Securities Ltd.,100,266.0,26600.0,2025-07-17 11:58:18.119758
2025-07-17,108111,2025071701010515,GBIME,Aakashbhairab Securities Ltd.,Shree Krishna Securities Ltd.,200,266.0,53200.0,2025-07-17 11:58:18.120422
2025-07-17,108110,2025071701010516,GBIME,Kalika Securities Pvt. Ltd.,Shree Krishna Securities Ltd.,18,266.0,4788.0,2025-07-17 11:58:18.121082
2025-07-17,108109,2025071701010517,GBIME,Nepal Investment And Securities Trading Private Limited,Shree Krishna Securities Ltd.,500,266.0,133000.0,2025-07-17 11:58:18.121743
2025-07-17,108108,2025071701010518,GBIME,Dipshikha Dhitopatra Karobar Co. Pvt Ltd.,Shree Krishna Securities Ltd.,432,266.0,114912.0,2025-07-17 11:58:18.122400
2025-07-17,108107,2025071701010519,GBIME,Imperial Securities Company Pvt. Ltd.,Dipshikha Dhitopatra Karobar Co. Pvt Ltd.,10,267.0,2670.0,2025-07-17 11:58:18.300457
2025-07-17,107994,2025071701010555,GBIME,Dipshikha Dhitopatra Karobar Co. Pvt Ltd.,Investment Management Nepal Pvt. Ltd.,68,266.0,18088.0,2025-07-17 11:58:27.807742
2025-07-17,107993,2025071701010556,GBIME,Sewa Securities Pvt. Ltd.,Investment Management Nepal Pvt. Ltd.,100,266.0,26600.0,2025-07-17 11:58:27.808185
2025-07-17,107992,2025071701010557,GBIME,Naasa Securities Co. Ltd.,Investment Management Nepal Pvt. Ltd.,332,266.0,88312.0,2025-07-17 11:58:27.808405
2025-07-17,107902,2025071701010578,GBIME,Naasa Securities Co. Ltd.,Naasa Securities Co. Ltd.,15,266.0,3990.0,2025-07-17 11:58:34.004362
2025-07-17,107839,2025071701010604,GBIME,Vision Securities Pvt. Ltd,Shree Krishna Securities Ltd.,16,266.9,4270.4,2025-07-17 11:58:39.426358
2025-07-17,107332,2025071701010762,GBIME,Naasa Securities Co. Ltd.,Global IME Securities Limited,64,266.0,17024.0,2025-07-17 11:59:24.928556
2025-07-17,107331,2025071701010763,GBIME,Magnet Securities and Investment Company Private Limited,Global IME Securities Limited,36,266.0,9576.0,2025-07-17 11:59:24.928971
2025-07-17,107284,2025071701010789,GBIME,Magnet Securities and Investment Company Private Limited,Naasa Securities Co. Ltd.,964,266.0,256424.0,2025-07-17 11:59:29.412657
2025-07-17,107283,2025071701010790,GBIME,Aryatara Investment & Securities,Naasa Securities Co. Ltd.,36,266.0,9576.0,2025-07-17 11:59:29.413597
2025-07-17,107265,2025071701010794,GBIME,Shree Krishna Securities Ltd.,Imperial Securities Company Pvt. Ltd.,200,266.8,53360.0,2025-07-17 11:59:31.451507
2025-07-17,107264,2025071701010795,GBIME,Shree Krishna Securities Ltd.,Shree Krishna Securities Ltd.,184,266.9,49109.6,2025-07-17 11:59:31.451953
2025-07-17,107263,2025071701010796,GBIME,Shree Krishna Securities Ltd.,Dipshikha Dhitopatra Karobar Co. Pvt Ltd.,28,267.0,7476.0,2025-07-17 11:59:31.452191
2025-07-17,107262,2025071701010797,GBIME,Shree Krishna Securities Ltd.,Indira securities pvt. ltd,1000,267.0,267000.0,2025-07-17 11:59:31.452427
2025-07-17,107261,2025071701010798,GBIME,Shree Krishna Securities Ltd.,Asian Securities Private Ltd.,74,267.0,19758.0,2025-07-17 11:59:31.452701
2025-07-17,107260,2025071701010799,GBIME,Shree Krishna Securities Ltd.,Online Securities Pvt. Ltd.,500,267.0,133500.0,2025-07-17 11:59:31.452967
2025-07-17,107259,2025071701010800,GBIME,Shree Krishna Securities Ltd.,Agrawal Securities (PVT) Ltd.,20,267.0,5340.0,2025-07-17 11:59:31.453233
2025-07-17,107258,2025071701010801,GBIME,Shree Krishna Securities Ltd.,Sumeru Securities Pvt. Ltd.,250,267.0,66750.0,2025-07-17 11:59:31.453496
2025-07-17,107257,2025071701010802,GBIME,Shree Krishna Securities Ltd.,Naasa Securities Co. Ltd.,46,267.9,12323.4,2025-07-17 11:59:31.453750
2025-07-17,107256,2025071701010803,GBIME,Shree Krishna Securities Ltd.,Secured Securities Ltd.,103,267.9,27593.7,2025-07-17 11:59:31.453998
2025-07-17,107255,2025071701010804,GBIME,Shree Krishna Securities Ltd.,ABC Securities Private Limited,1000,267.9,267900.0,2025-07-17 11:59:31.454277
2025-07-17,107254,2025071701010805,GBIME,Shree Krishna Securities Ltd.,INDEX SECURITIES LIMITED,272,268.0,72896.0,2025-07-17 11:59:31.454641
2025-07-17,107253,2025071701010806,GBIME,Shree Krishna Securities Ltd.,Sani Securities Company Ltd.,380,268.0,101840.0,2025-07-17 11:59:31.454882
2025-07-17,107252,2025071701010807,GBIME,Shree Krishna Securities Ltd.,Sewa Securities Pvt. Ltd.,60,268.0,16080.0,2025-07-17 11:59:31.455110
2025-07-17,107251,2025071701010808,GBIME,Shree Krishna Securities Ltd.,Linch Stock Market Ltd.,40,268.0,10720.0,2025-07-17 11:59:31.455331
2025-07-17,107250,2025071701010809,GBIME,Shree Krishna Securities Ltd.,Primo Securities (PVT) Ltd.,200,268.0,53600.0,2025-07-17 11:59:31.455576
2025-07-17,107249,2025071701010810,GBIME,Shree Krishna Securities Ltd.,Primo Securities (PVT) Ltd.,5000,268.0,1340000.0,2025-07-17 11:59:31.455803
2025-07-17,107248,2025071701010811,GBIME,Shree Krishna Securities Ltd.,K.B.L. Securities Limited ,1000,268.0,268000.0,2025-07-17 11:59:31.456027
2025-07-17,107247,2025071701010812,GBIME,Shree Krishna Securities Ltd.,Investment Management Nepal Pvt. Ltd.,100,268.0,26800.0,2025-07-17 11:59:31.456248
2025-07-17,107246,2025071701010813,GBIME,Shree Krishna Securities Ltd.,Shree Krishna Securities Ltd.,200,268.0,53600.0,2025-07-17 11:59:31.456465
2025-07-17,107245,2025071701010814,GBIME,Shree Krishna Securities Ltd.,Sani Securities Company Ltd.,509,268.0,136412.0,2025-07-17 11:59:31.456688
2025-07-17,107244,2025071701010815,GBIME,Shree Krishna Securities Ltd.,Naasa Securities Co. Ltd.,252,268.0,67536.0,2025-07-17 11:59:31.456901
2025-07-17,107243,2025071701010816,GBIME,Shree Krishna Securities Ltd.,Imperial Securities Company Pvt. Ltd.,100,268.0,26800.0,2025-07-17 11:59:31.457131
2025-07-17,107242,2025071701010817,GBIME,Shree Krishna Securities Ltd.,Naasa Securities Co. Ltd.,1000,268.0,268000.0,2025-07-17 11:59:31.457348
2025-07-17,107241,2025071701010818,GBIME,Shree Krishna Securities Ltd.,Agrawal Securities (PVT) Ltd.,130,268.0,34840.0,2025-07-17 11:59:31.457562
2025-07-17,107240,2025071701010819,GBIME,Shree Krishna Securities Ltd.,Deevyaa Securities & Stock House Pvt. Ltd,200,268.0,53600.0,2025-07-17 11:59:31.457779
2025-07-17,107239,2025071701010820,GBIME,Shree Krishna Securities Ltd.,Sani Securities Company Ltd.,292,268.0,78256.0,2025-07-17 11:59:31.457992
2025-07-17,107219,2025071701010831,GBIME,Shree Krishna Securities Ltd.,Indira securities pvt. ltd,1077,268.0,288636.0,2025-07-17 11:59:32.901626
2025-07-17,107193,2025071701010838,GBIME,Shree Krishna Securities Ltd.,Bhrikuti Stock Broking Co. Pvt. Ltd.,50,268.0,13400.0,2025-07-17 11:59:35.801999
2025-07-17,107140,2025071701010850,GBIME,Shree Krishna Securities Ltd.,Indira securities pvt. ltd,5000,268.0,1340000.0,2025-07-17 11:59:41.926792
2025-07-17,107137,2025071701010851,GBIME,Shree Krishna Securities Ltd.,Imperial Securities Company Pvt. Ltd.,200,268.0,53600.0,2025-07-17 11:59:42.662932
2025-07-17,107073,2025071701010871,GBIME,Shree Krishna Securities Ltd.,Dipshikha Dhitopatra Karobar Co. Pvt Ltd.,2075,268.0,556100.0,2025-07-17 11:59:47.904780
2025-07-17,107072,2025071701010872,GBIME,Shree Krishna Securities Ltd.,Global IME Securities Limited,500,268.0,134000.0,2025-07-17 11:59:47.994358
2025-07-17,107063,2025071701010875,GBIME,Shree Krishna Securities Ltd.,Indira securities pvt. ltd,8398,268.0,2250664.0,2025-07-17 11:59:48.955003
2025-07-17,106881,2025071701010917,GBIME,ABC Securities Private Limited,Indira securities pvt. ltd,500,268.0,134000.0,2025-07-17 12:00:04.454645
2025-07-17,106545,2025071701011026,GBIME,Aryatara Investment & Securities,Shree Krishna Securities Ltd.,77,266.5,20520.5,2025-07-17 12:00:34.145393
2025-07-17,106015,2025071701011171,GBIME,Dynamic Money Managers Securities Pvt. Ltd.,R.B.B. Securities Company Ltd,50,265.8,13290.0,2025-07-17 12:01:09.475852
2025-07-17,105999,2025071701011176,GBIME,Sani Securities Company Ltd.,Oxford Securities Pvt. Ltd.,50,266.0,13300.0,2025-07-17 12:01:10.630766
2025-07-17,105963,2025071701011186,GBIME,Dynamic Money Managers Securities Pvt. Ltd.,Imperial Securities Company Pvt. Ltd.,450,265.8,119610.0,2025-07-17 12:01:13.378779
2025-07-17,105962,2025071701011187,GBIME,Sani Securities Company Ltd.,Imperial Securities Company Pvt. Ltd.,500,265.7,132850.0,2025-07-17 12:01:13.379266
2025-07-17,105663,2025071701011305,GBIME,Dynamic Money Managers Securities Pvt. Ltd.,Linch Stock Market Ltd.,12,265.6,3187.2,2025-07-17 12:01:38.624270
2025-07-17,105662,2025071701011306,GBIME,Dynamic Money Managers Securities Pvt. Ltd.,Nepal Investment And Securities Trading Private Limited,988,265.6,262412.8,2025-07-17 12:01:38.707324
2025-07-17,105616,2025071701011322,GBIME,Online Securities Pvt. Ltd.,Nepal Investment And Securities Trading Private Limited,224,265.6,59494.4,2025-07-17 12:01:43.326379
2025-07-17,105497,2025071701011351,GBIME,Sani Securities Company Ltd.,Nepal Investment And Securities Trading Private Limited,50,265.6,13280.0,2025-07-17 12:01:54.389179
2025-07-17,105364,2025071701011408,GBIME,Linch Stock Market Ltd.,Capital Max Securities Ltd,500,265.5,132750.0,2025-07-17 12:02:02.586385
2025-07-17,105315,2025071701011423,GBIME,Linch Stock Market Ltd.,ABC Securities Private Limited,500,265.5,132750.0,2025-07-17 12:02:05.926919
2025-07-17,105227,2025071701011444,GBIME,ABC Securities Private Limited,Nepal Investment And Securities Trading Private Limited,63,265.6,16732.8,2025-07-17 12:02:12.986483
2025-07-17,105226,2025071701011445,GBIME,ABC Securities Private Limited,Naasa Securities Co. Ltd.,937,265.6,248867.2,2025-07-17 12:02:12.987239
2025-07-17,104966,2025071701011534,GBIME,Oxford Securities Pvt. Ltd.,Shree Krishna Securities Ltd.,150,265.4,39810.0,2025-07-17 12:02:32.908486
2025-07-17,104902,2025071701011546,GBIME,Aryatara Investment & Securities,Naasa Securities Co. Ltd.,63,265.6,16732.8,2025-07-17 12:02:35.704632
2025-07-17,104797,2025071701011567,GBIME,Aryatara Investment & Securities,Naasa Securities Co. Ltd.,100,265.6,26560.0,2025-07-17 12:02:45.050988
2025-07-17,104759,2025071701011574,GBIME,Aryatara Investment & Securities,Nepal Investment And Securities Trading Private Limited,200,265.6,53120.0,2025-07-17 12:02:48.341898
2025-07-17,104686,2025071701011616,GBIME,Aryatara Investment & Securities,Midas Stock Broking Company Private Limited,105,265.6,27888.0,2025-07-17 12:02:54.214609
2025-07-17,104635,2025071701011637,GBIME,Aryatara Investment & Securities,Imperial Securities Company Pvt. Ltd.,300,265.6,79680.0,2025-07-17 12:02:57.072241
2025-07-17,104538,2025071701011660,GBIME,Aryatara Investment & Securities,Aryatara Investment & Securities,232,265.6,61619.2,2025-07-17 12:03:02.225151
2025-07-17,104494,2025071701011673,GBIME,Oxford Securities Pvt. Ltd.,ABC Securities Private Limited,100,265.4,26540.0,2025-07-17 12:03:04.694336
2025-07-17,104493,2025071701011674,GBIME,Online Securities Pvt. Ltd.,ABC Securities Private Limited,50,265.2,13260.0,2025-07-17 12:03:04.694780
2025-07-17,104492,2025071701011675,GBIME,Online Securities Pvt. Ltd.,ABC Securities Private Limited,500,265.1,132550.0,2025-07-17 12:03:04.695066
2025-07-17,104491,2025071701011676,GBIME,Kohinoor Investment & Securities Pvt. Ltd.,ABC Securities Private Limited,100,265.1,26510.0,2025-07-17 12:03:04.695313
2025-07-17,104490,2025071701011677,GBIME,ABC Securities Private Limited,ABC Securities Private Limited,2000,265.0,530000.0,2025-07-17 12:03:04.695578
2025-07-17,104489,2025071701011678,GBIME,Naasa Securities Co. Ltd.,ABC Securities Private Limited,10,265.0,2650.0,2025-07-17 12:03:04.695825
2025-07-17,104488,2025071701011679,GBIME,J.F. Securites (PVT) Ltd.,ABC Securities Private Limited,10,265.0,2650.0,2025-07-17 12:03:04.696117
2025-07-17,104487,2025071701011680,GBIME,Aryatara Investment & Securities,ABC Securities Private Limited,10,265.0,2650.0,2025-07-17 12:03:04.696395
2025-07-17,104486,2025071701011681,GBIME,Sri Hari Securities Pvt. Ltd.,ABC Securities Private Limited,50,265.0,13250.0,2025-07-17 12:03:04.696661
2025-07-17,104485,2025071701011682,GBIME,Sani Securities Company Ltd.,ABC Securities Private Limited,40,265.0,10600.0,2025-07-17 12:03:04.696891
2025-07-17,104484,2025071701011683,GBIME,Sani Securities Company Ltd.,ABC Securities Private Limited,500,265.0,132500.0,2025-07-17 12:03:04.697130
2025-07-17,104483,2025071701011684,GBIME,Sundhara Securities Limited,ABC Securities Private Limited,80,265.0,21200.0,2025-07-17 12:03:04.697355
2025-07-17,104482,2025071701011685,GBIME,Nepal Stock House (PVT) Ltd.,ABC Securities Private Limited,300,265.0,79500.0,2025-07-17 12:03:04.697577
2025-07-17,104481,2025071701011686,GBIME,Aakashbhairab Securities Ltd.,ABC Securities Private Limited,200,265.0,53000.0,2025-07-17 12:03:04.697800
2025-07-17,104480,2025071701011687,GBIME,ABC Securities Private Limited,ABC Securities Private Limited,500,265.0,132500.0,2025-07-17 12:03:04.698020
2025-07-17,104479,2025071701011688,GBIME,Agrawal Securities (PVT) Ltd.,ABC Securities Private Limited,200,265.0,53000.0,2025-07-17 12:03:04.698246
2025-07-17,104478,2025071701011689,GBIME,Trisul Securities & Invt. Ltd.,ABC Securities Private Limited,5000,265.0,1325000.0,2025-07-17 12:03:04.698470
2025-07-17,104477,2025071701011690,GBIME,Naasa Securities Co. Ltd.,ABC Securities Private Limited,100,265.0,26500.0,2025-07-17 12:03:04.698690
2025-07-17,104476,2025071701011691,GBIME,Naasa Securities Co. Ltd.,ABC Securities Private Limited,11,265.0,2915.0,2025-07-17 12:03:04.698907
2025-07-17,104475,2025071701011692,GBIME,Aakashbhairab Securities Ltd.,ABC Securities Private Limited,100,265.0,26500.0,2025-07-17 12:03:04.699129
2025-07-17,104474,2025071701011693,GBIME,Sani Securities Company Ltd.,ABC Securities Private Limited,139,265.0,36835.0,2025-07-17 12:03:04.699356
2025-07-17,104277,2025071701011765,GBIME,Sani Securities Company Ltd.,Investment Management Nepal Pvt. Ltd.,119,265.0,31535.0,2025-07-17 12:03:19.867301
2025-07-17,104276,2025071701011766,GBIME,Online Securities Pvt. Ltd.,Investment Management Nepal Pvt. Ltd.,81,265.0,21465.0,2025-07-17 12:03:19.867726
2025-07-17,104271,2025071701011767,GBIME,Online Securities Pvt. Ltd.,Naasa Securities Co. Ltd.,319,265.0,84535.0,2025-07-17 12:03:20.776202
2025-07-17,103934,2025071701011870,GBIME,Naasa Securities Co. Ltd.,Naasa Securities Co. Ltd.,22,264.6,5821.2,2025-07-17 12:03:54.229664
2025-07-17,103933,2025071701011871,GBIME,Capital Hub P. Ltd,Naasa Securities Co. Ltd.,878,264.6,232318.8,2025-07-17 12:03:54.230104
2025-07-17,103794,2025071701011909,GBIME,Capital Hub P. Ltd,Opal Securities Investment (PVT) Ltd.,122,264.6,32281.2,2025-07-17 12:04:07.673058
2025-07-17,103793,2025071701011910,GBIME,Aryatara Investment & Securities,Opal Securities Investment (PVT) Ltd.,78,264.6,20638.8,2025-07-17 12:04:07.673495
2025-07-17,103697,2025071701011924,GBIME,Aryatara Investment & Securities,Sweta Securities Private Limited,102,264.6,26989.2,2025-07-17 12:04:17.181931
2025-07-17,103696,2025071701011925,GBIME,Sumeru Securities Pvt. Ltd.,Sweta Securities Private Limited,101,264.6,26724.6,2025-07-17 12:04:17.182435
2025-07-17,103583,2025071701011954,GBIME,Online Securities Pvt. Ltd.,Aryatara Investment & Securities,500,264.1,132050.0,2025-07-17 12:04:27.770080
