Date,S.N.,Contract ID,Symbol,Buyer Broker,Seller Broker,quantity,rate,amount,transaction_time
2025-07-17,139617,2025071704000644,UNHPL,Cristal Kanchanjanga Securites Pvt. Ltd.,Kumari Securities Private Limited,500,422.0,211000.0,2025-07-17 11:05:03.178239
2025-07-17,139557,2025071704000657,UNHPL,K.B.L. Securities Limited ,Investment Management Nepal Pvt. Ltd.,100,421.9,42190.0,2025-07-17 11:05:10.065983
2025-07-17,139435,2025071704000691,UNHPL,Cristal Kanchanjanga Securites Pvt. Ltd.,Investment Management Nepal Pvt. Ltd.,100,421.9,42190.0,2025-07-17 11:05:25.277078
2025-07-17,139081,2025071704000803,UNHPL,Infinity Securities Limited,Sri Hari Securities Pvt. Ltd.,500,421.9,210950.0,2025-07-17 11:06:07.297447
2025-07-17,139080,2025071704000804,UNHPL,Infinity Securities Limited,Kumari Securities Private Limited,500,422.0,211000.0,2025-07-17 11:06:07.297599
2025-07-17,139079,2025071704000805,UNHPL,Infinity Securities Limited,Kumari Securities Private Limited,100,423.0,42300.0,2025-07-17 11:06:07.297693
2025-07-17,138959,2025071704000848,UNHPL,APPLE SECURITIES PRIVATE LIMITED,Kumari Securities Private Limited,900,423.0,380700.0,2025-07-17 11:06:26.344566
2025-07-17,138857,2025071704000879,UNHPL,APPLE SECURITIES PRIVATE LIMITED,Aryatara Investment & Securities,100,423.0,42300.0,2025-07-17 11:06:38.252859
2025-07-17,138856,2025071704000880,UNHPL,Kalika Securities Pvt. Ltd.,Aryatara Investment & Securities,200,423.0,84600.0,2025-07-17 11:06:38.252928
2025-07-17,138855,2025071704000881,UNHPL,Shree Krishna Securities Ltd.,Aryatara Investment & Securities,500,422.0,211000.0,2025-07-17 11:06:38.252964
2025-07-17,138854,2025071704000882,UNHPL,MILKY WAY SHARE BROKER COMPANY LTD ,Aryatara Investment & Securities,200,421.5,84300.0,2025-07-17 11:06:38.253012
2025-07-17,138749,2025071704000923,UNHPL,Hatemalo Financial Services Private Limited,Miyo Securities Pvt Ltd,40,423.0,16920.0,2025-07-17 11:06:51.313254
2025-07-17,138748,2025071704000924,UNHPL,MILKY WAY SHARE BROKER COMPANY LTD ,Miyo Securities Pvt Ltd,300,421.5,126450.0,2025-07-17 11:06:51.313378
2025-07-17,138726,2025071704000934,UNHPL,Infinity Securities Limited,Miyo Securities Pvt Ltd,60,421.5,25290.0,2025-07-17 11:06:55.414241
2025-07-17,138725,2025071704000935,UNHPL,Infinity Securities Limited,Kumari Securities Private Limited,20,423.6,8472.0,2025-07-17 11:06:55.414344
2025-07-17,138687,2025071704000947,UNHPL,Nagarik Stock Dealer ,Kumari Securities Private Limited,980,423.6,415128.0,2025-07-17 11:06:59.399518
2025-07-17,138686,2025071704000948,UNHPL,Nagarik Stock Dealer ,Cristal Kanchanjanga Securites Pvt. Ltd.,100,424.0,42400.0,2025-07-17 11:06:59.399584
2025-07-17,138685,2025071704000949,UNHPL,Nagarik Stock Dealer ,Capital Max Securities Ltd,200,424.0,84800.0,2025-07-17 11:06:59.399617
2025-07-17,138374,2025071704001054,UNHPL,Opal Securities Investment (PVT) Ltd.,Aryatara Investment & Securities,100,422.0,42200.0,2025-07-17 11:07:33.280414
2025-07-17,137200,2025071704001530,UNHPL,Cristal Kanchanjanga Securites Pvt. Ltd.,Asian Securities Private Ltd.,500,424.8,212400.0,2025-07-17 11:09:50.886834
2025-07-17,136476,2025071704001774,UNHPL,Cristal Kanchanjanga Securites Pvt. Ltd.,Cristal Kanchanjanga Securites Pvt. Ltd.,350,424.7,148645.0,2025-07-17 11:10:53.697218
2025-07-17,136475,2025071704001775,UNHPL,Cristal Kanchanjanga Securites Pvt. Ltd.,Asian Securities Private Ltd.,50,424.8,21240.0,2025-07-17 11:10:53.697468
2025-07-17,136323,2025071704001841,UNHPL,Sani Securities Company Ltd.,Asian Securities Private Ltd.,450,424.8,191160.0,2025-07-17 11:11:12.969489
2025-07-17,136322,2025071704001842,UNHPL,Sani Securities Company Ltd.,Capital Max Securities Ltd,500,424.9,212450.0,2025-07-17 11:11:12.969605
2025-07-17,136321,2025071704001843,UNHPL,Sani Securities Company Ltd.,Naasa Securities Co. Ltd.,50,425.0,21250.0,2025-07-17 11:11:12.969648
2025-07-17,136264,2025071704001864,UNHPL,Sani Securities Company Ltd.,Naasa Securities Co. Ltd.,240,425.0,102000.0,2025-07-17 11:11:21.149932
2025-07-17,136263,2025071704001865,UNHPL,Sani Securities Company Ltd.,Nepal Stock House (PVT) Ltd.,285,425.0,121125.0,2025-07-17 11:11:21.150062
2025-07-17,136262,2025071704001866,UNHPL,Sani Securities Company Ltd.,Market Securities & Exchange (PVT) Ltd.,50,425.0,21250.0,2025-07-17 11:11:21.150104
2025-07-17,136093,2025071704001927,UNHPL,Sani Securities Company Ltd.,Thrive Brokerage House Pvt. Ltd,100,425.0,42500.0,2025-07-17 11:11:37.208151
2025-07-17,136089,2025071704001930,UNHPL,Sani Securities Company Ltd.,Himalayan Brokerage Company Limited,300,425.0,127500.0,2025-07-17 11:11:37.894133
2025-07-17,135555,2025071704002109,UNHPL,Naasa Securities Co. Ltd.,Asian Securities Private Ltd.,1000,426.0,426000.0,2025-07-17 11:12:25.516833
2025-07-17,135022,2025071704002279,UNHPL,Dipshikha Dhitopatra Karobar Co. Pvt Ltd.,Sani Securities Company Ltd.,100,426.0,42600.0,2025-07-17 11:13:16.309330
2025-07-17,134549,2025071704002393,UNHPL,Sani Securities Company Ltd.,Kumari Securities Private Limited,25,425.0,10625.0,2025-07-17 11:13:53.304670
2025-07-17,134548,2025071704002394,UNHPL,Thrive Brokerage House Pvt. Ltd,Kumari Securities Private Limited,600,425.0,255000.0,2025-07-17 11:13:53.304844
2025-07-17,134427,2025071704002438,UNHPL,Property Wiard Limited,Kumari Securities Private Limited,175,425.0,74375.0,2025-07-17 11:14:06.424097
2025-07-17,134426,2025071704002439,UNHPL,Property Wiard Limited,Cristal Kanchanjanga Securites Pvt. Ltd.,75,425.9,31942.5,2025-07-17 11:14:06.424198
2025-07-17,133753,2025071704002664,UNHPL,Trademow Securities Private Limited,Cristal Kanchanjanga Securites Pvt. Ltd.,25,425.7,10642.5,2025-07-17 11:15:05.452035
2025-07-17,133752,2025071704002665,UNHPL,Trademow Securities Private Limited,Capital Max Securities Ltd,275,425.8,117095.0,2025-07-17 11:15:05.452198
2025-07-17,133724,2025071704002667,UNHPL,SHUBHAKAMANA SECURITIES PVT. LTD,Nepal Stock House (PVT) Ltd.,500,424.1,212050.0,2025-07-17 11:15:07.237068
2025-07-17,133584,2025071704002713,UNHPL,Nagarik Stock Dealer ,Kohinoor Investment & Securities Pvt. Ltd.,1000,424.0,424000.0,2025-07-17 11:15:24.251611
2025-07-17,132877,2025071704002952,UNHPL,NIMB Stock Markets Limited,Naasa Securities Co. Ltd.,170,425.0,72250.0,2025-07-17 11:16:24.228793
2025-07-17,132754,2025071704002992,UNHPL,NIMB Stock Markets Limited,Cristal Kanchanjanga Securites Pvt. Ltd.,50,425.0,21250.0,2025-07-17 11:16:37.229435
2025-07-17,132219,2025071704003192,UNHPL,Nagarik Stock Dealer ,Deevyaa Securities & Stock House Pvt. Ltd,1000,425.1,425100.0,2025-07-17 11:17:25.596045
2025-07-17,132114,2025071704003226,UNHPL,Vision Securities Pvt. Ltd,Vision Securities Pvt. Ltd,100,425.7,42570.0,2025-07-17 11:17:35.036454
2025-07-17,132043,2025071704003250,UNHPL,Aakashbhairab Securities Ltd.,Nepal Stock House (PVT) Ltd.,2000,425.1,850200.0,2025-07-17 11:17:39.885478
2025-07-17,131738,2025071704003341,UNHPL,Trademow Securities Private Limited,Nepal Stock House (PVT) Ltd.,400,425.1,170040.0,2025-07-17 11:18:06.858029
2025-07-17,131724,2025071704003351,UNHPL,NIMB Stock Markets Limited,KALASH STOCK MARKET PVT. LTD.,150,425.0,63750.0,2025-07-17 11:18:07.862299
2025-07-17,131638,2025071704003384,UNHPL,Himalayan Brokerage Company Limited,Nepal Stock House (PVT) Ltd.,600,425.1,255060.0,2025-07-17 11:18:18.750329
2025-07-17,131354,2025071704003449,UNHPL,Online Securities Pvt. Ltd.,Cristal Kanchanjanga Securites Pvt. Ltd.,50,425.6,21280.0,2025-07-17 11:18:46.644547
2025-07-17,131353,2025071704003450,UNHPL,Online Securities Pvt. Ltd.,Capital Max Securities Ltd,225,425.8,95805.0,2025-07-17 11:18:46.644668
2025-07-17,131352,2025071704003451,UNHPL,Online Securities Pvt. Ltd.,Sri Hari Securities Pvt. Ltd.,100,425.9,42590.0,2025-07-17 11:18:46.644713
2025-07-17,131351,2025071704003452,UNHPL,Online Securities Pvt. Ltd.,Sani Securities Company Ltd.,95,426.0,40470.0,2025-07-17 11:18:46.644763
2025-07-17,131284,2025071704003470,UNHPL,Nagarik Stock Dealer ,Sani Securities Company Ltd.,720,426.0,306720.0,2025-07-17 11:18:51.875302
2025-07-17,131151,2025071704003523,UNHPL,J.F. Securites (PVT) Ltd.,Sani Securities Company Ltd.,85,426.0,36210.0,2025-07-17 11:19:09.509165
2025-07-17,131098,2025071704003528,UNHPL,J.F. Securites (PVT) Ltd.,Capital Max Securities Ltd,100,426.0,42600.0,2025-07-17 11:19:15.336012
2025-07-17,130936,2025071704003574,UNHPL,J.F. Securites (PVT) Ltd.,Investment Management Nepal Pvt. Ltd.,200,428.0,85600.0,2025-07-17 11:19:31.599889
2025-07-17,130935,2025071704003575,UNHPL,J.F. Securites (PVT) Ltd.,Trademow Securities Private Limited,100,428.0,42800.0,2025-07-17 11:19:31.599993
2025-07-17,130934,2025071704003576,UNHPL,J.F. Securites (PVT) Ltd.,Trishakti Securities Public Limited,515,428.0,220420.0,2025-07-17 11:19:31.600040
2025-07-17,130397,2025071704003747,UNHPL,Dipshikha Dhitopatra Karobar Co. Pvt Ltd.,Capital Max Securities Ltd,50,427.5,21375.0,2025-07-17 11:20:28.189712
2025-07-17,129913,2025071704003918,UNHPL,ABC Securities Private Limited,Neev Securities Pvt. Ltd.,500,427.0,213500.0,2025-07-17 11:21:09.949880
2025-07-17,129608,2025071704003991,UNHPL,Thrive Brokerage House Pvt. Ltd,KALASH STOCK MARKET PVT. LTD.,16,426.8,6828.8,2025-07-17 11:21:40.301128
2025-07-17,129267,2025071704004040,UNHPL,Oxford Securities Pvt. Ltd.,ABC Securities Private Limited,450,427.0,192150.0,2025-07-17 11:21:56.012386
2025-07-17,129138,2025071704004090,UNHPL,Sani Securities Company Ltd.,Cristal Kanchanjanga Securites Pvt. Ltd.,50,427.4,21370.0,2025-07-17 11:22:05.977139
2025-07-17,128925,2025071704004139,UNHPL,J.F. Securites (PVT) Ltd.,Capital Max Securities Ltd,50,427.5,21375.0,2025-07-17 11:22:21.981802
2025-07-17,128924,2025071704004140,UNHPL,J.F. Securites (PVT) Ltd.,Dakshinkali Investment & Securities Pvt. Ltd.,51,427.9,21822.9,2025-07-17 11:22:21.982014
2025-07-17,128923,2025071704004141,UNHPL,J.F. Securites (PVT) Ltd.,Trishakti Securities Public Limited,165,428.0,70620.0,2025-07-17 11:22:21.982155
2025-07-17,128922,2025071704004142,UNHPL,J.F. Securites (PVT) Ltd.,Himalayan Brokerage Company Limited,200,428.0,85600.0,2025-07-17 11:22:21.982289
2025-07-17,128921,2025071704004143,UNHPL,J.F. Securites (PVT) Ltd.,Capital Max Securities Ltd,100,428.0,42800.0,2025-07-17 11:22:21.982447
2025-07-17,128890,2025071704004165,UNHPL,J.F. Securites (PVT) Ltd.,Imperial Securities Company Pvt. Ltd.,50,428.0,21400.0,2025-07-17 11:22:24.340395
2025-07-17,128809,2025071704004183,UNHPL,J.F. Securites (PVT) Ltd.,Sagarmatha Securities Private Limited,384,428.0,164352.0,2025-07-17 11:22:32.280218
2025-07-17,128636,2025071704004231,UNHPL,Shree Krishna Securities Ltd.,Sri Hari Securities Pvt. Ltd.,50,427.0,21350.0,2025-07-17 11:22:50.545552
2025-07-17,128441,2025071704004310,UNHPL,Vision Securities Pvt. Ltd,Sumeru Securities Pvt. Ltd.,200,427.1,85420.0,2025-07-17 11:23:06.424918
2025-07-17,127910,2025071704004454,UNHPL,Thrive Brokerage House Pvt. Ltd,Cristal Kanchanjanga Securites Pvt. Ltd.,50,427.9,21395.0,2025-07-17 11:23:57.882772
2025-07-17,127909,2025071704004455,UNHPL,Thrive Brokerage House Pvt. Ltd,Sagarmatha Securities Private Limited,434,428.0,185752.0,2025-07-17 11:23:57.882887
2025-07-17,127840,2025071704004466,UNHPL,Capital Max Securities Ltd,Sagarmatha Securities Private Limited,14,428.0,5992.0,2025-07-17 11:24:08.258589
2025-07-17,127245,2025071704004613,UNHPL,NIMB Stock Markets Limited,Agrawal Securities (PVT) Ltd.,130,428.0,55640.0,2025-07-17 11:25:12.491986
2025-07-17,127130,2025071704004655,UNHPL,Roadshow securities limited,Agrawal Securities (PVT) Ltd.,370,428.0,158360.0,2025-07-17 11:25:26.378727
2025-07-17,126986,2025071704004706,UNHPL,Roadshow securities limited,Infinity Securities Limited,130,428.0,55640.0,2025-07-17 11:25:40.655007
2025-07-17,126788,2025071704004789,UNHPL,Secured Securities Ltd.,Infinity Securities Limited,170,428.0,72760.0,2025-07-17 11:26:00.459280
2025-07-17,126787,2025071704004790,UNHPL,Secured Securities Ltd.,Sagarmatha Securities Private Limited,168,428.0,71904.0,2025-07-17 11:26:00.459451
2025-07-17,126786,2025071704004791,UNHPL,Secured Securities Ltd.,Cristal Kanchanjanga Securites Pvt. Ltd.,50,428.8,21440.0,2025-07-17 11:26:00.459500
2025-07-17,126785,2025071704004792,UNHPL,Secured Securities Ltd.,Asian Securities Private Ltd.,1000,428.9,428900.0,2025-07-17 11:26:00.459575
2025-07-17,126784,2025071704004793,UNHPL,Secured Securities Ltd.,Capital Max Securities Ltd,500,429.0,214500.0,2025-07-17 11:26:00.459622
2025-07-17,126783,2025071704004794,UNHPL,Secured Securities Ltd.,Kohinoor Investment & Securities Pvt. Ltd.,100,429.0,42900.0,2025-07-17 11:26:00.459687
2025-07-17,126782,2025071704004795,UNHPL,Secured Securities Ltd.,Online Securities Pvt. Ltd.,900,429.0,386100.0,2025-07-17 11:26:00.459730
2025-07-17,126781,2025071704004796,UNHPL,Secured Securities Ltd.,Online Securities Pvt. Ltd.,100,429.9,42990.0,2025-07-17 11:26:00.459775
2025-07-17,126780,2025071704004797,UNHPL,Secured Securities Ltd.,Premier Securities Company Ltd.,12,429.9,5158.8,2025-07-17 11:26:00.459819
2025-07-17,126455,2025071704004897,UNHPL,Agrawal Securities (PVT) Ltd.,Sri Hari Securities Pvt. Ltd.,1000,428.0,428000.0,2025-07-17 11:26:35.231186
2025-07-17,126139,2025071704004994,UNHPL,Deevyaa Securities & Stock House Pvt. Ltd,Dakshinkali Investment & Securities Pvt. Ltd.,50,428.1,21405.0,2025-07-17 11:27:10.888965
2025-07-17,125803,2025071704005104,UNHPL,Vision Securities Pvt. Ltd,Imperial Securities Company Pvt. Ltd.,800,427.3,341840.0,2025-07-17 11:27:40.279393
2025-07-17,125802,2025071704005105,UNHPL,J.F. Securites (PVT) Ltd.,Imperial Securities Company Pvt. Ltd.,1000,427.2,427200.0,2025-07-17 11:27:40.279552
2025-07-17,125801,2025071704005106,UNHPL,Nagarik Stock Dealer ,Imperial Securities Company Pvt. Ltd.,200,427.1,85420.0,2025-07-17 11:27:40.279604
2025-07-17,125682,2025071704005142,UNHPL,Nagarik Stock Dealer ,Infinity Securities Limited,800,427.1,341680.0,2025-07-17 11:27:52.927594
2025-07-17,125681,2025071704005143,UNHPL,Shree Krishna Securities Ltd.,Infinity Securities Limited,250,427.0,106750.0,2025-07-17 11:27:52.927739
2025-07-17,125680,2025071704005144,UNHPL,Aryatara Investment & Securities,Infinity Securities Limited,5000,427.0,2135000.0,2025-07-17 11:27:52.927789
2025-07-17,125150,2025071704005288,UNHPL,Sani Securities Company Ltd.,Infinity Securities Limited,200,427.0,85400.0,2025-07-17 11:28:49.765719
2025-07-17,124794,2025071704005415,UNHPL,Himalayan Brokerage Company Limited,Infinity Securities Limited,1000,427.0,427000.0,2025-07-17 11:29:26.057298
2025-07-17,124754,2025071704005423,UNHPL,Shree Krishna Securities Ltd.,Naasa Securities Co. Ltd.,135,426.3,57550.5,2025-07-17 11:29:31.506966
2025-07-17,124717,2025071704005435,UNHPL,Shree Krishna Securities Ltd.,Kumari Securities Private Limited,165,426.3,70339.5,2025-07-17 11:29:34.483650
2025-07-17,124716,2025071704005436,UNHPL,Sani Securities Company Ltd.,Kumari Securities Private Limited,200,426.0,85200.0,2025-07-17 11:29:34.483786
2025-07-17,124715,2025071704005437,UNHPL,Trisul Securities & Invt. Ltd.,Kumari Securities Private Limited,2000,426.0,852000.0,2025-07-17 11:29:34.483839
2025-07-17,124714,2025071704005438,UNHPL,Kohinoor Investment & Securities Pvt. Ltd.,Kumari Securities Private Limited,500,426.0,213000.0,2025-07-17 11:29:34.483890
2025-07-17,124073,2025071704005615,UNHPL,Deevyaa Securities & Stock House Pvt. Ltd,Kumari Securities Private Limited,135,426.0,57510.0,2025-07-17 11:30:31.842976
2025-07-17,124072,2025071704005616,UNHPL,Deevyaa Securities & Stock House Pvt. Ltd,Imperial Securities Company Pvt. Ltd.,865,426.8,369182.0,2025-07-17 11:30:31.843085
2025-07-17,123895,2025071704005664,UNHPL,Aakashbhairab Securities Ltd.,Infinity Securities Limited,90,426.9,38421.0,2025-07-17 11:30:55.016140
2025-07-17,123894,2025071704005665,UNHPL,Aakashbhairab Securities Ltd.,Imperial Securities Company Pvt. Ltd.,635,426.9,271081.5,2025-07-17 11:30:55.016247
2025-07-17,123893,2025071704005666,UNHPL,Aakashbhairab Securities Ltd.,Infinity Securities Limited,275,427.0,117425.0,2025-07-17 11:30:55.016305
2025-07-17,123860,2025071704005678,UNHPL,Aryatara Investment & Securities,Infinity Securities Limited,500,427.0,213500.0,2025-07-17 11:31:00.210722
2025-07-17,123137,2025071704005892,UNHPL,Vision Securities Pvt. Ltd,Trishakti Securities Public Limited,30,425.2,12756.0,2025-07-17 11:32:08.115078
2025-07-17,123136,2025071704005893,UNHPL,Midas Stock Broking Company Private Limited,Trishakti Securities Public Limited,2000,425.0,850000.0,2025-07-17 11:32:08.115233
2025-07-17,123135,2025071704005894,UNHPL,Agrawal Securities (PVT) Ltd.,Trishakti Securities Public Limited,300,425.0,127500.0,2025-07-17 11:32:08.115298
2025-07-17,123134,2025071704005895,UNHPL,Nepal Investment And Securities Trading Private Limited,Trishakti Securities Public Limited,790,425.0,335750.0,2025-07-17 11:32:08.115355
2025-07-17,122922,2025071704005963,UNHPL,Nepal Investment And Securities Trading Private Limited,Market Securities & Exchange (PVT) Ltd.,200,425.0,85000.0,2025-07-17 11:32:28.262549
2025-07-17,122346,2025071704006159,UNHPL,Nagarik Stock Dealer ,Infinity Securities Limited,200,426.8,85360.0,2025-07-17 11:33:30.483290
2025-07-17,122345,2025071704006160,UNHPL,Nagarik Stock Dealer ,Sumeru Securities Pvt. Ltd.,500,426.8,213400.0,2025-07-17 11:33:30.483454
2025-07-17,120802,2025071704006596,UNHPL,Deevyaa Securities & Stock House Pvt. Ltd,Infinity Securities Limited,200,426.8,85360.0,2025-07-17 11:35:55.835687
2025-07-17,119776,2025071704006939,UNHPL,Deevyaa Securities & Stock House Pvt. Ltd,Infinity Securities Limited,50,426.8,21340.0,2025-07-17 11:37:45.642235
2025-07-17,118487,2025071704007367,UNHPL,Trademow Securities Private Limited,Infinity Securities Limited,4500,426.0,1917000.0,2025-07-17 11:40:02.614444
2025-07-17,118234,2025071704007425,UNHPL,SHUBHAKAMANA SECURITIES PVT. LTD,Capital Hub P. Ltd,25,425.5,10637.5,2025-07-17 11:40:30.936226
2025-07-17,117310,2025071704007788,UNHPL,Kohinoor Investment & Securities Pvt. Ltd.,South Asian Bulls Pvt. Ltd.,300,426.0,127800.0,2025-07-17 11:41:58.227347
2025-07-17,116955,2025071704007877,UNHPL,SHUBHAKAMANA SECURITIES PVT. LTD,Nepal Stock House (PVT) Ltd.,25,425.5,10637.5,2025-07-17 11:42:33.423511
2025-07-17,116422,2025071704008043,UNHPL,Vision Securities Pvt. Ltd,Oxford Securities Pvt. Ltd.,100,426.6,42660.0,2025-07-17 11:43:30.727388
2025-07-17,116225,2025071704008076,UNHPL,Himalayan Brokerage Company Limited,Sumeru Securities Pvt. Ltd.,500,426.0,213000.0,2025-07-17 11:43:51.275890
2025-07-17,116202,2025071704008082,UNHPL,Kohinoor Investment & Securities Pvt. Ltd.,Swarna Laxmi Securities Pvt. Ltd.,10,425.1,4251.0,2025-07-17 11:43:52.128364
2025-07-17,116201,2025071704008083,UNHPL,Nepal Investment And Securities Trading Private Limited,Swarna Laxmi Securities Pvt. Ltd.,10,425.0,4250.0,2025-07-17 11:43:52.128501
2025-07-17,116200,2025071704008084,UNHPL,Vision Securities Pvt. Ltd,Swarna Laxmi Securities Pvt. Ltd.,10,425.0,4250.0,2025-07-17 11:43:52.128559
2025-07-17,116199,2025071704008085,UNHPL,Deevyaa Securities & Stock House Pvt. Ltd,Swarna Laxmi Securities Pvt. Ltd.,50,425.0,21250.0,2025-07-17 11:43:52.128613
2025-07-17,116198,2025071704008086,UNHPL,Kumari Securities Private Limited,Swarna Laxmi Securities Pvt. Ltd.,50,425.0,21250.0,2025-07-17 11:43:52.128665
2025-07-17,115261,2025071704008428,UNHPL,Capital Max Securities Ltd,Infinity Securities Limited,20,424.5,8490.0,2025-07-17 11:45:40.635157
2025-07-17,115260,2025071704008429,UNHPL,Naasa Securities Co. Ltd.,Infinity Securities Limited,236,424.1,100087.6,2025-07-17 11:45:40.635294
2025-07-17,115259,2025071704008430,UNHPL,South Asian Bulls Pvt. Ltd.,Infinity Securities Limited,100,424.1,42410.0,2025-07-17 11:45:40.635362
2025-07-17,115258,2025071704008431,UNHPL,Agrawal Securities (PVT) Ltd.,Infinity Securities Limited,1000,424.0,424000.0,2025-07-17 11:45:40.635419
2025-07-17,115257,2025071704008432,UNHPL,Investment Management Nepal Pvt. Ltd.,Infinity Securities Limited,100,424.0,42400.0,2025-07-17 11:45:40.635473
2025-07-17,115256,2025071704008433,UNHPL,Trademow Securities Private Limited,Infinity Securities Limited,5000,423.1,2115500.0,2025-07-17 11:45:40.635533
2025-07-17,115255,2025071704008434,UNHPL,Agrawal Securities (PVT) Ltd.,Infinity Securities Limited,1000,423.0,423000.0,2025-07-17 11:45:40.635601
2025-07-17,115254,2025071704008435,UNHPL,Sundhara Securities Limited,Infinity Securities Limited,400,423.0,169200.0,2025-07-17 11:45:40.635659
2025-07-17,115141,2025071704008471,UNHPL,Deevyaa Securities & Stock House Pvt. Ltd,Infinity Securities Limited,300,423.0,126900.0,2025-07-17 11:45:55.101657
2025-07-17,115122,2025071704008476,UNHPL,Infinity Securities Limited,Infinity Securities Limited,1844,423.0,780012.0,2025-07-17 11:45:58.686078
2025-07-17,115118,2025071704008479,UNHPL,Infinity Securities Limited,Swarna Laxmi Securities Pvt. Ltd.,25,423.0,10575.0,2025-07-17 11:45:59.232192
2025-07-17,114947,2025071704008544,UNHPL,Cristal Kanchanjanga Securites Pvt. Ltd.,Online Securities Pvt. Ltd.,200,424.5,84900.0,2025-07-17 11:46:21.429205
2025-07-17,114574,2025071704008683,UNHPL,Primo Securities (PVT) Ltd.,Vision Securities Pvt. Ltd,500,425.0,212500.0,2025-07-17 11:46:57.706815
2025-07-17,114573,2025071704008684,UNHPL,Primo Securities (PVT) Ltd.,Sumeru Securities Pvt. Ltd.,500,425.0,212500.0,2025-07-17 11:46:57.706989
2025-07-17,113560,2025071704009066,UNHPL,Trademow Securities Private Limited,Sumeru Securities Pvt. Ltd.,200,425.0,85000.0,2025-07-17 11:48:40.876909
2025-07-17,113559,2025071704009067,UNHPL,Trademow Securities Private Limited,Capital Max Securities Ltd,100,425.0,42500.0,2025-07-17 11:48:40.877081
2025-07-17,112902,2025071704009290,UNHPL,Elite Stock House Limited,Nepal Stock House (PVT) Ltd.,200,425.0,85000.0,2025-07-17 11:49:54.712296
2025-07-17,112782,2025071704009323,UNHPL,Elite Stock House Limited,Naasa Securities Co. Ltd.,800,425.0,340000.0,2025-07-17 11:50:06.254789
2025-07-17,112332,2025071704009501,UNHPL,Nepal Investment And Securities Trading Private Limited,Infinity Securities Limited,1000,424.0,424000.0,2025-07-17 11:50:55.638616
2025-07-17,112331,2025071704009502,UNHPL,Infinity Securities Limited,Infinity Securities Limited,131,423.0,55413.0,2025-07-17 11:50:55.638761
2025-07-17,112330,2025071704009503,UNHPL,Deevyaa Securities & Stock House Pvt. Ltd,Infinity Securities Limited,120,423.0,50760.0,2025-07-17 11:50:55.638839
2025-07-17,112329,2025071704009504,UNHPL,Capital Max Securities Ltd,Infinity Securities Limited,20,423.0,8460.0,2025-07-17 11:50:55.638892
2025-07-17,112328,2025071704009505,UNHPL,Nepal Investment And Securities Trading Private Limited,Infinity Securities Limited,729,423.0,308367.0,2025-07-17 11:50:55.638947
2025-07-17,112246,2025071704009534,UNHPL,Himalayan Brokerage Company Limited,Sri Hari Securities Pvt. Ltd.,1000,425.0,425000.0,2025-07-17 11:51:03.797588
2025-07-17,110170,2025071704010177,UNHPL,Online Securities Pvt. Ltd.,Infinity Securities Limited,200,425.0,85000.0,2025-07-17 11:54:59.209325
2025-07-17,110169,2025071704010178,UNHPL,Online Securities Pvt. Ltd.,MILKY WAY SHARE BROKER COMPANY LTD ,400,425.8,170320.0,2025-07-17 11:54:59.209512
2025-07-17,110168,2025071704010179,UNHPL,Online Securities Pvt. Ltd.,Nepal Stock House (PVT) Ltd.,100,425.9,42590.0,2025-07-17 11:54:59.209586
2025-07-17,110167,2025071704010180,UNHPL,Online Securities Pvt. Ltd.,Sagarmatha Securities Private Limited,100,425.9,42590.0,2025-07-17 11:54:59.209643
2025-07-17,110166,2025071704010181,UNHPL,Online Securities Pvt. Ltd.,Dipshikha Dhitopatra Karobar Co. Pvt Ltd.,463,426.0,197238.0,2025-07-17 11:54:59.209705
2025-07-17,110165,2025071704010182,UNHPL,Online Securities Pvt. Ltd.,Capital Max Securities Ltd,100,426.0,42600.0,2025-07-17 11:54:59.209764
2025-07-17,110164,2025071704010183,UNHPL,Online Securities Pvt. Ltd.,Online Securities Pvt. Ltd.,637,426.0,271362.0,2025-07-17 11:54:59.209824
2025-07-17,109513,2025071704010431,UNHPL,Agrawal Securities (PVT) Ltd.,Primo Securities (PVT) Ltd.,1000,424.0,424000.0,2025-07-17 11:56:06.696510
2025-07-17,109486,2025071704010441,UNHPL,Sani Securities Company Ltd.,Infinity Securities Limited,1000,425.0,425000.0,2025-07-17 11:56:09.248532
2025-07-17,109372,2025071704010462,UNHPL,Online Securities Pvt. Ltd.,Infinity Securities Limited,2000,425.0,850000.0,2025-07-17 11:56:17.730062
2025-07-17,108822,2025071704010605,UNHPL,Naasa Securities Co. Ltd.,Nepal Investment And Securities Trading Private Limited,30,423.6,12708.0,2025-07-17 11:57:13.139213
2025-07-17,108821,2025071704010606,UNHPL,Deevyaa Securities & Stock House Pvt. Ltd,Nepal Investment And Securities Trading Private Limited,50,423.5,21175.0,2025-07-17 11:57:13.139569
2025-07-17,108820,2025071704010607,UNHPL,KALASH STOCK MARKET PVT. LTD.,Nepal Investment And Securities Trading Private Limited,270,423.5,114345.0,2025-07-17 11:57:13.139749
2025-07-17,108514,2025071704010700,UNHPL,KALASH STOCK MARKET PVT. LTD.,Secured Securities Ltd.,30,423.5,12705.0,2025-07-17 11:57:41.204095
2025-07-17,108272,2025071704010778,UNHPL,Secured Securities Ltd.,Infinity Securities Limited,1220,423.4,516548.0,2025-07-17 11:58:03.933986
2025-07-17,108271,2025071704010779,UNHPL,South Asian Bulls Pvt. Ltd.,Infinity Securities Limited,500,423.3,211650.0,2025-07-17 11:58:03.934363
2025-07-17,108270,2025071704010780,UNHPL,Ashutosh Brokerage & Securities (PVT) Ltd.,Infinity Securities Limited,100,423.3,42330.0,2025-07-17 11:58:03.934552
2025-07-17,108269,2025071704010781,UNHPL,Deevyaa Securities & Stock House Pvt. Ltd,Infinity Securities Limited,100,423.2,42320.0,2025-07-17 11:58:03.934773
2025-07-17,108268,2025071704010782,UNHPL,Malla & Malla Stock Broking Company Pvt. Limited,Infinity Securities Limited,50,423.2,21160.0,2025-07-17 11:58:03.934955
2025-07-17,108267,2025071704010783,UNHPL,Aryatara Investment & Securities,Infinity Securities Limited,315,423.1,133276.5,2025-07-17 11:58:03.935173
2025-07-17,108266,2025071704010784,UNHPL,Nepal Investment And Securities Trading Private Limited,Infinity Securities Limited,271,423.0,114633.0,2025-07-17 11:58:03.935368
2025-07-17,108265,2025071704010785,UNHPL,Neev Securities Pvt. Ltd.,Infinity Securities Limited,117,423.0,49491.0,2025-07-17 11:58:03.935560
2025-07-17,108264,2025071704010786,UNHPL,Cristal Kanchanjanga Securites Pvt. Ltd.,Infinity Securities Limited,1000,423.0,423000.0,2025-07-17 11:58:03.935729
2025-07-17,108161,2025071704010810,UNHPL,Kohinoor Investment & Securities Pvt. Ltd.,Oxford Securities Pvt. Ltd.,300,422.1,126630.0,2025-07-17 11:58:14.386305
2025-07-17,108160,2025071704010811,UNHPL,Secured Securities Ltd.,Oxford Securities Pvt. Ltd.,10,422.0,4220.0,2025-07-17 11:58:14.386477
2025-07-17,108159,2025071704010812,UNHPL,Agrawal Securities (PVT) Ltd.,Oxford Securities Pvt. Ltd.,1000,422.0,422000.0,2025-07-17 11:58:14.386544
2025-07-17,108158,2025071704010813,UNHPL,Investment Management Nepal Pvt. Ltd.,Oxford Securities Pvt. Ltd.,90,422.0,37980.0,2025-07-17 11:58:14.386606
2025-07-17,107810,2025071704010922,UNHPL,Deevyaa Securities & Stock House Pvt. Ltd,Infinity Securities Limited,22,423.0,9306.0,2025-07-17 11:58:42.710302
2025-07-17,106899,2025071704011177,UNHPL,Kalika Securities Pvt. Ltd.,Infinity Securities Limited,52,423.0,21996.0,2025-07-17 12:00:03.167839
2025-07-17,106482,2025071704011297,UNHPL,Vision Securities Pvt. Ltd,Nepal Investment And Securities Trading Private Limited,10,422.0,4220.0,2025-07-17 12:00:39.268136
2025-07-17,106481,2025071704011298,UNHPL,Imperial Securities Company Pvt. Ltd.,Nepal Investment And Securities Trading Private Limited,135,422.0,56970.0,2025-07-17 12:00:39.268445
2025-07-17,106380,2025071704011394,UNHPL,Linch Stock Market Ltd.,Naasa Securities Co. Ltd.,10,422.5,4225.0,2025-07-17 12:00:40.977415
2025-07-17,106098,2025071704011467,UNHPL,Sri Hari Securities Pvt. Ltd.,Trisul Securities & Invt. Ltd.,700,422.9,296030.0,2025-07-17 12:01:03.918201
2025-07-17,106097,2025071704011468,UNHPL,Sri Hari Securities Pvt. Ltd.,Infinity Securities Limited,1253,423.0,530019.0,2025-07-17 12:01:03.918536
2025-07-17,106096,2025071704011469,UNHPL,Sri Hari Securities Pvt. Ltd.,SUN SECURITIES PVT LTD,47,423.0,19881.0,2025-07-17 12:01:03.918740
2025-07-17,105971,2025071704011510,UNHPL,Imperial Securities Company Pvt. Ltd.,Sumeru Securities Pvt. Ltd.,65,422.0,27430.0,2025-07-17 12:01:12.704264
2025-07-17,105970,2025071704011511,UNHPL,Sani Securities Company Ltd.,Sumeru Securities Pvt. Ltd.,500,422.0,211000.0,2025-07-17 12:01:12.704420
2025-07-17,105476,2025071704011639,UNHPL,South Asian Bulls Pvt. Ltd.,Sumeru Securities Pvt. Ltd.,35,420.7,14724.5,2025-07-17 12:01:54.996239
2025-07-17,104896,2025071704011834,UNHPL,Sri Hari Securities Pvt. Ltd.,Agrawal Securities (PVT) Ltd.,500,420.8,210400.0,2025-07-17 12:02:35.840426
2025-07-17,104887,2025071704011836,UNHPL,Sri Hari Securities Pvt. Ltd.,Infinity Securities Limited,1160,420.8,488128.0,2025-07-17 12:02:36.759655
2025-07-17,104886,2025071704011837,UNHPL,South Asian Bulls Pvt. Ltd.,Infinity Securities Limited,465,420.7,195625.5,2025-07-17 12:02:36.759968
2025-07-17,104885,2025071704011838,UNHPL,Trademow Securities Private Limited,Infinity Securities Limited,4041,420.6,1699644.6,2025-07-17 12:02:36.760159
2025-07-17,104884,2025071704011839,UNHPL,Vision Securities Pvt. Ltd,Infinity Securities Limited,20,420.6,8412.0,2025-07-17 12:02:36.760373
2025-07-17,104883,2025071704011840,UNHPL,Online Securities Pvt. Ltd.,Infinity Securities Limited,300,420.5,126150.0,2025-07-17 12:02:36.760556
2025-07-17,104882,2025071704011841,UNHPL,Malla & Malla Stock Broking Company Pvt. Limited,Infinity Securities Limited,50,420.5,21025.0,2025-07-17 12:02:36.760736
2025-07-17,104881,2025071704011842,UNHPL,Trishakti Securities Public Limited,Infinity Securities Limited,25,420.5,10512.5,2025-07-17 12:02:36.760929
2025-07-17,104880,2025071704011843,UNHPL,Imperial Securities Company Pvt. Ltd.,Infinity Securities Limited,300,420.2,126060.0,2025-07-17 12:02:36.761132
2025-07-17,104879,2025071704011844,UNHPL,South Asian Bulls Pvt. Ltd.,Infinity Securities Limited,500,420.1,210050.0,2025-07-17 12:02:36.761328
2025-07-17,104878,2025071704011845,UNHPL,Shree Krishna Securities Ltd.,Infinity Securities Limited,1000,420.1,420100.0,2025-07-17 12:02:36.761524
2025-07-17,104877,2025071704011846,UNHPL,ABC Securities Private Limited,Infinity Securities Limited,1000,420.1,420100.0,2025-07-17 12:02:36.761703
2025-07-17,104876,2025071704011847,UNHPL,APPLE SECURITIES PRIVATE LIMITED,Infinity Securities Limited,500,420.0,210000.0,2025-07-17 12:02:36.761889
2025-07-17,104875,2025071704011848,UNHPL,Online Securities Pvt. Ltd.,Infinity Securities Limited,639,420.0,268380.0,2025-07-17 12:02:36.762094
2025-07-17,104603,2025071704011915,UNHPL,South Asian Bulls Pvt. Ltd.,Infinity Securities Limited,800,420.1,336080.0,2025-07-17 12:02:58.829595
2025-07-17,104602,2025071704011916,UNHPL,Online Securities Pvt. Ltd.,Infinity Securities Limited,1200,420.0,504000.0,2025-07-17 12:02:58.829783
2025-07-17,104422,2025071704011956,UNHPL,Online Securities Pvt. Ltd.,Infinity Securities Limited,541,420.0,227220.0,2025-07-17 12:03:07.864857
2025-07-17,104421,2025071704011957,UNHPL,Online Securities Pvt. Ltd.,Infinity Securities Limited,1434,420.0,602280.0,2025-07-17 12:03:07.865021
2025-07-17,104331,2025071704011992,UNHPL,Online Securities Pvt. Ltd.,Capital Max Securities Ltd,566,420.0,237720.0,2025-07-17 12:03:16.027179
2025-07-17,104330,2025071704011993,UNHPL,Aakashbhairab Securities Ltd.,Capital Max Securities Ltd,1000,420.0,420000.0,2025-07-17 12:03:16.027387
2025-07-17,104329,2025071704011994,UNHPL,Vision Securities Pvt. Ltd,Capital Max Securities Ltd,300,420.0,126000.0,2025-07-17 12:03:16.027453
2025-07-17,104328,2025071704011995,UNHPL,Dipshikha Dhitopatra Karobar Co. Pvt Ltd.,Capital Max Securities Ltd,134,420.0,56280.0,2025-07-17 12:03:16.027516
2025-07-17,103926,2025071704012129,UNHPL,Elite Stock House Limited,Infinity Securities Limited,200,421.0,84200.0,2025-07-17 12:03:55.022239
2025-07-17,103925,2025071704012130,UNHPL,Nepal Investment And Securities Trading Private Limited,Infinity Securities Limited,100,420.1,42010.0,2025-07-17 12:03:55.022415
2025-07-17,103924,2025071704012131,UNHPL,Dipshikha Dhitopatra Karobar Co. Pvt Ltd.,Infinity Securities Limited,366,420.0,153720.0,2025-07-17 12:03:55.022479
2025-07-17,103923,2025071704012132,UNHPL,Nepal Stock House (PVT) Ltd.,Infinity Securities Limited,500,420.0,210000.0,2025-07-17 12:03:55.022543
2025-07-17,103922,2025071704012133,UNHPL,Investment Management Nepal Pvt. Ltd.,Infinity Securities Limited,10,420.0,4200.0,2025-07-17 12:03:55.022605
2025-07-17,103921,2025071704012134,UNHPL,Siprabi Securities Pvt. Ltd.,Infinity Securities Limited,20,420.0,8400.0,2025-07-17 12:03:55.022668
2025-07-17,103920,2025071704012135,UNHPL,Secured Securities Ltd.,Infinity Securities Limited,10,419.0,4190.0,2025-07-17 12:03:55.022727
2025-07-17,103919,2025071704012136,UNHPL,Nagarik Stock Dealer ,Infinity Securities Limited,500,418.7,209350.0,2025-07-17 12:03:55.022789
2025-07-17,103918,2025071704012137,UNHPL,South Asian Bulls Pvt. Ltd.,Infinity Securities Limited,800,418.6,334880.0,2025-07-17 12:03:55.022843
2025-07-17,103917,2025071704012138,UNHPL,Sani Securities Company Ltd.,Infinity Securities Limited,500,418.5,209250.0,2025-07-17 12:03:55.022901
2025-07-17,103916,2025071704012139,UNHPL,Aryatara Investment & Securities,Infinity Securities Limited,10,418.0,4180.0,2025-07-17 12:03:55.022956
2025-07-17,103915,2025071704012140,UNHPL,Secured Securities Ltd.,Infinity Securities Limited,10,418.0,4180.0,2025-07-17 12:03:55.023014
2025-07-17,103914,2025071704012141,UNHPL,Investment Management Nepal Pvt. Ltd.,Infinity Securities Limited,200,418.0,83600.0,2025-07-17 12:03:55.023071
2025-07-17,103913,2025071704012142,UNHPL,Dipshikha Dhitopatra Karobar Co. Pvt Ltd.,Infinity Securities Limited,164,418.0,68552.0,2025-07-17 12:03:55.023128
2025-07-17,102581,2025071704012528,UNHPL,Agrawal Securities (PVT) Ltd.,Nepal Investment And Securities Trading Private Limited,180,419.1,75438.0,2025-07-17 12:06:08.351479
2025-07-17,102580,2025071704012529,UNHPL,Cristal Kanchanjanga Securites Pvt. Ltd.,Nepal Investment And Securities Trading Private Limited,120,419.0,50280.0,2025-07-17 12:06:08.351647
2025-07-17,100696,2025071704013159,UNHPL,Elite Stock House Limited,Dynamic Money Managers Securities Pvt. Ltd.,200,421.0,84200.0,2025-07-17 12:09:38.248858
2025-07-17,100695,2025071704013160,UNHPL,Secured Securities Ltd.,Dynamic Money Managers Securities Pvt. Ltd.,500,420.1,210050.0,2025-07-17 12:09:38.249034
2025-07-17,100694,2025071704013161,UNHPL,Trademow Securities Private Limited,Dynamic Money Managers Securities Pvt. Ltd.,250,420.0,105000.0,2025-07-17 12:09:38.249107
2025-07-17,99394,2025071704013552,UNHPL,South Asian Bulls Pvt. Ltd.,Imperial Securities Company Pvt. Ltd.,10,422.0,4220.0,2025-07-17 12:12:19.613809
2025-07-17,99393,2025071704013553,UNHPL,South Asian Bulls Pvt. Ltd.,INDEX SECURITIES LIMITED,90,422.0,37980.0,2025-07-17 12:12:19.613978
2025-07-17,98934,2025071704013711,UNHPL,Himalayan Brokerage Company Limited,Naasa Securities Co. Ltd.,35,421.2,14742.0,2025-07-17 12:13:16.677560
2025-07-17,98861,2025071704013720,UNHPL,Imperial Securities Company Pvt. Ltd.,INDEX SECURITIES LIMITED,10,422.0,4220.0,2025-07-17 12:13:23.121584
2025-07-17,98486,2025071704013826,UNHPL,Secured Securities Ltd.,SUN SECURITIES PVT LTD,73,423.0,30879.0,2025-07-17 12:14:08.892575
2025-07-17,98485,2025071704013827,UNHPL,Secured Securities Ltd.,Secured Securities Ltd.,70,423.5,29645.0,2025-07-17 12:14:08.892897
2025-07-17,98484,2025071704013828,UNHPL,Secured Securities Ltd.,Premier Securities Company Ltd.,87,423.8,36870.6,2025-07-17 12:14:08.893101
2025-07-17,98197,2025071704013931,UNHPL,Capital Hub P. Ltd,Premier Securities Company Ltd.,500,423.8,211900.0,2025-07-17 12:14:45.037323
2025-07-17,97489,2025071704014101,UNHPL,Cristal Kanchanjanga Securites Pvt. Ltd.,Premier Securities Company Ltd.,473,423.8,200457.4,2025-07-17 12:15:43.080904
2025-07-17,97313,2025071704014143,UNHPL,Premier Securities Company Ltd.,Pragyan Securities (PVT) Ltd.,500,422.1,211050.0,2025-07-17 12:15:59.566194
2025-07-17,95983,2025071704014485,UNHPL,Kumari Securities Private Limited,ABC Securities Private Limited,200,423.8,84760.0,2025-07-17 12:18:34.769794
2025-07-17,95982,2025071704014486,UNHPL,Kumari Securities Private Limited,Kumari Securities Private Limited,700,423.9,296730.0,2025-07-17 12:18:34.770117
2025-07-17,95981,2025071704014487,UNHPL,Kumari Securities Private Limited,Kumari Securities Private Limited,980,423.9,415422.0,2025-07-17 12:18:34.770345
2025-07-17,95980,2025071704014488,UNHPL,Kumari Securities Private Limited,Kumari Securities Private Limited,20,423.9,8478.0,2025-07-17 12:18:34.770550
2025-07-17,95953,2025071704014491,UNHPL,Kumari Securities Private Limited,Premier Securities Company Ltd.,1000,423.9,423900.0,2025-07-17 12:18:38.032565
2025-07-17,95199,2025071704014716,UNHPL,Kumari Securities Private Limited,Midas Stock Broking Company Private Limited,100,423.9,42390.0,2025-07-17 12:20:03.307943
2025-07-17,94273,2025071704014889,UNHPL,Imperial Securities Company Pvt. Ltd.,Arun Securities (PVT) Ltd.,100,423.0,42300.0,2025-07-17 12:21:50.013612
2025-07-17,93610,2025071704015103,UNHPL,Himalayan Brokerage Company Limited,Primo Securities (PVT) Ltd.,1000,424.0,424000.0,2025-07-17 12:23:05.388423
2025-07-17,93570,2025071704015117,UNHPL,Imperial Securities Company Pvt. Ltd.,Naasa Securities Co. Ltd.,100,423.0,42300.0,2025-07-17 12:23:13.081382
2025-07-17,93404,2025071704015172,UNHPL,Himalayan Brokerage Company Limited,Naasa Securities Co. Ltd.,100,424.0,42400.0,2025-07-17 12:23:37.482668
2025-07-17,93269,2025071704015224,UNHPL,Naasa Securities Co. Ltd.,Infinity Securities Limited,359,424.8,152503.2,2025-07-17 12:23:58.152581
2025-07-17,93268,2025071704015225,UNHPL,Naasa Securities Co. Ltd.,Naasa Securities Co. Ltd.,200,424.9,84980.0,2025-07-17 12:23:58.152778
2025-07-17,93267,2025071704015226,UNHPL,Naasa Securities Co. Ltd.,Nepal Stock House (PVT) Ltd.,441,424.9,187380.9,2025-07-17 12:23:58.152859
2025-07-17,92634,2025071704015408,UNHPL,Deevyaa Securities & Stock House Pvt. Ltd,Aryatara Investment & Securities,50,423.0,21150.0,2025-07-17 12:25:11.679659
2025-07-17,91951,2025071704015572,UNHPL,Elite Stock House Limited,Nepal Stock House (PVT) Ltd.,559,424.9,237519.1,2025-07-17 12:26:25.083237
2025-07-17,91950,2025071704015573,UNHPL,Elite Stock House Limited,Dipshikha Dhitopatra Karobar Co. Pvt Ltd.,100,425.0,42500.0,2025-07-17 12:26:25.083447
2025-07-17,91949,2025071704015574,UNHPL,Elite Stock House Limited,Dakshinkali Investment & Securities Pvt. Ltd.,1000,425.0,425000.0,2025-07-17 12:26:25.083537
2025-07-17,91948,2025071704015575,UNHPL,Elite Stock House Limited,Dipshikha Dhitopatra Karobar Co. Pvt Ltd.,50,425.0,21250.0,2025-07-17 12:26:25.083615
2025-07-17,91947,2025071704015576,UNHPL,Elite Stock House Limited,Sani Securities Company Ltd.,70,425.0,29750.0,2025-07-17 12:26:25.083692
2025-07-17,91946,2025071704015577,UNHPL,Elite Stock House Limited,Nepal Stock House (PVT) Ltd.,900,425.0,382500.0,2025-07-17 12:26:25.083770
2025-07-17,91839,2025071704015602,UNHPL,J.F. Securites (PVT) Ltd.,Capital Max Securities Ltd,100,426.0,42600.0,2025-07-17 12:26:37.496019
2025-07-17,91838,2025071704015603,UNHPL,J.F. Securites (PVT) Ltd.,Dipshikha Dhitopatra Karobar Co. Pvt Ltd.,100,426.0,42600.0,2025-07-17 12:26:37.496436
2025-07-17,91837,2025071704015604,UNHPL,J.F. Securites (PVT) Ltd.,Primo Securities (PVT) Ltd.,100,426.0,42600.0,2025-07-17 12:26:37.496692
2025-07-17,91772,2025071704015622,UNHPL,Cristal Kanchanjanga Securites Pvt. Ltd.,Opal Securities Investment (PVT) Ltd.,500,426.5,213250.0,2025-07-17 12:26:48.021610
2025-07-17,91580,2025071704015658,UNHPL,J.F. Securites (PVT) Ltd.,Capital Max Securities Ltd,100,426.0,42600.0,2025-07-17 12:27:13.061499
2025-07-17,91226,2025071704015757,UNHPL,J.F. Securites (PVT) Ltd.,Midas Stock Broking Company Private Limited,100,426.0,42600.0,2025-07-17 12:27:53.197561
2025-07-17,90914,2025071704015859,UNHPL,Elite Stock House Limited,Malla & Malla Stock Broking Company Pvt. Limited,100,425.0,42500.0,2025-07-17 12:28:40.091915
2025-07-17,90430,2025071704015966,UNHPL,Elite Stock House Limited,Imperial Securities Company Pvt. Ltd.,221,425.0,93925.0,2025-07-17 12:29:43.680241
2025-07-17,89908,2025071704016134,UNHPL,Imperial Securities Company Pvt. Ltd.,Imperial Securities Company Pvt. Ltd.,79,424.0,33496.0,2025-07-17 12:30:37.558143
2025-07-17,88140,2025071704016756,UNHPL,Imperial Securities Company Pvt. Ltd.,Vision Securities Pvt. Ltd,500,424.1,212050.0,2025-07-17 12:34:13.654186
2025-07-17,88139,2025071704016757,UNHPL,Imperial Securities Company Pvt. Ltd.,Vision Securities Pvt. Ltd,21,424.0,8904.0,2025-07-17 12:34:13.654402
2025-07-17,88138,2025071704016758,UNHPL,Sundhara Securities Limited,Vision Securities Pvt. Ltd,100,424.0,42400.0,2025-07-17 12:34:13.654485
2025-07-17,88137,2025071704016759,UNHPL,Linch Stock Market Ltd.,Vision Securities Pvt. Ltd,85,424.0,36040.0,2025-07-17 12:34:13.654591
2025-07-17,88136,2025071704016760,UNHPL,Kumari Securities Private Limited,Vision Securities Pvt. Ltd,500,424.0,212000.0,2025-07-17 12:34:13.654706
2025-07-17,88135,2025071704016761,UNHPL,Imperial Securities Company Pvt. Ltd.,Vision Securities Pvt. Ltd,14,423.5,5929.0,2025-07-17 12:34:13.654816
2025-07-17,87119,2025071704017104,UNHPL,Magnet Securities and Investment Company Private Limited,Arun Securities (PVT) Ltd.,100,423.6,42360.0,2025-07-17 12:36:09.071083
2025-07-17,86747,2025071704017195,UNHPL,Elite Stock House Limited,Sharepro Securities Private Limited,90,425.0,38250.0,2025-07-17 12:36:53.650065
2025-07-17,86746,2025071704017196,UNHPL,Elite Stock House Limited,Arun Securities (PVT) Ltd.,100,425.9,42590.0,2025-07-17 12:36:53.650265
2025-07-17,86745,2025071704017197,UNHPL,Elite Stock House Limited,Nepal Stock House (PVT) Ltd.,50,426.0,21300.0,2025-07-17 12:36:53.650345
2025-07-17,86744,2025071704017198,UNHPL,Elite Stock House Limited,Infinity Securities Limited,500,426.0,213000.0,2025-07-17 12:36:53.650421
2025-07-17,86712,2025071704017214,UNHPL,Elite Stock House Limited,Sharepro Securities Private Limited,10,426.0,4260.0,2025-07-17 12:37:01.864333
2025-07-17,86424,2025071704017287,UNHPL,Sweta Securities Private Limited,Sharepro Securities Private Limited,800,426.5,341200.0,2025-07-17 12:37:37.491236
2025-07-17,86423,2025071704017288,UNHPL,Sweta Securities Private Limited,Capital Max Securities Ltd,100,426.5,42650.0,2025-07-17 12:37:37.491431
2025-07-17,86422,2025071704017289,UNHPL,Sweta Securities Private Limited,Online Securities Pvt. Ltd.,63,426.5,26869.5,2025-07-17 12:37:37.491508
2025-07-17,86076,2025071704017369,UNHPL,Shree Krishna Securities Ltd.,Capital Max Securities Ltd,100,426.8,42680.0,2025-07-17 12:38:18.440576
2025-07-17,86075,2025071704017370,UNHPL,Shree Krishna Securities Ltd.,Cristal Kanchanjanga Securites Pvt. Ltd.,50,426.9,21345.0,2025-07-17 12:38:18.440772
2025-07-17,86074,2025071704017371,UNHPL,Shree Krishna Securities Ltd.,Capital Max Securities Ltd,100,426.9,42690.0,2025-07-17 12:38:18.440912
2025-07-17,86073,2025071704017372,UNHPL,Shree Krishna Securities Ltd.,Nepal Stock House (PVT) Ltd.,500,426.9,213450.0,2025-07-17 12:38:18.441015
2025-07-17,86072,2025071704017373,UNHPL,Shree Krishna Securities Ltd.,Dynamic Money Managers Securities Pvt. Ltd.,250,426.9,106725.0,2025-07-17 12:38:18.441104
2025-07-17,85907,2025071704017421,UNHPL,Sweta Securities Private Limited,Naasa Securities Co. Ltd.,37,426.5,15780.5,2025-07-17 12:38:35.557644
2025-07-17,85906,2025071704017422,UNHPL,Primo Securities (PVT) Ltd.,Naasa Securities Co. Ltd.,13,426.5,5544.5,2025-07-17 12:38:35.557863
2025-07-17,85191,2025071704017684,UNHPL,Magnet Securities and Investment Company Private Limited,Dynamic Money Managers Securities Pvt. Ltd.,50,426.9,21345.0,2025-07-17 12:39:59.626516
2025-07-17,85190,2025071704017685,UNHPL,Magnet Securities and Investment Company Private Limited,Asian Securities Private Ltd.,50,427.0,21350.0,2025-07-17 12:39:59.626757
2025-07-17,85189,2025071704017686,UNHPL,Magnet Securities and Investment Company Private Limited,Dipshikha Dhitopatra Karobar Co. Pvt Ltd.,20,427.0,8540.0,2025-07-17 12:39:59.626848
2025-07-17,85188,2025071704017687,UNHPL,Magnet Securities and Investment Company Private Limited,Property Wiard Limited,280,427.0,119560.0,2025-07-17 12:39:59.626936
2025-07-17,84575,2025071704017874,UNHPL,Aakashbhairab Securities Ltd.,Naasa Securities Co. Ltd.,40,426.9,17076.0,2025-07-17 12:41:04.165723
2025-07-17,84508,2025071704017898,UNHPL,Deevyaa Securities & Stock House Pvt. Ltd,Property Wiard Limited,10,427.0,4270.0,2025-07-17 12:41:12.063911
2025-07-17,83824,2025071704018123,UNHPL,Aakashbhairab Securities Ltd.,Sharepro Securities Private Limited,460,426.6,196236.0,2025-07-17 12:42:21.040261
2025-07-17,83635,2025071704018210,UNHPL,Midas Stock Broking Company Private Limited,Sharepro Securities Private Limited,40,426.6,17064.0,2025-07-17 12:42:43.478868
2025-07-17,83634,2025071704018211,UNHPL,Midas Stock Broking Company Private Limited,Sri Hari Securities Pvt. Ltd.,160,426.9,68304.0,2025-07-17 12:42:43.479073
2025-07-17,83519,2025071704018243,UNHPL,Primo Securities (PVT) Ltd.,Cristal Kanchanjanga Securites Pvt. Ltd.,87,426.5,37105.5,2025-07-17 12:42:55.203153
2025-07-17,83064,2025071704018383,UNHPL,Imperial Securities Company Pvt. Ltd.,Arun Securities (PVT) Ltd.,90,425.1,38259.0,2025-07-17 12:43:50.010968
2025-07-17,82892,2025071704018433,UNHPL,Vision Securities Pvt. Ltd,Cristal Kanchanjanga Securites Pvt. Ltd.,13,426.5,5544.5,2025-07-17 12:44:11.001830
2025-07-17,82891,2025071704018434,UNHPL,Vision Securities Pvt. Ltd,Property Wiard Limited,10,427.0,4270.0,2025-07-17 12:44:11.002061
2025-07-17,82890,2025071704018435,UNHPL,Vision Securities Pvt. Ltd,Capital Max Securities Ltd,100,427.0,42700.0,2025-07-17 12:44:11.002145
2025-07-17,82889,2025071704018436,UNHPL,Vision Securities Pvt. Ltd,Capital Max Securities Ltd,400,427.0,170800.0,2025-07-17 12:44:11.002225
2025-07-17,82888,2025071704018437,UNHPL,Vision Securities Pvt. Ltd,Dakshinkali Investment & Securities Pvt. Ltd.,477,427.0,203679.0,2025-07-17 12:44:11.002302
2025-07-17,82737,2025071704018453,UNHPL,Himalayan Brokerage Company Limited,Arun Securities (PVT) Ltd.,100,426.0,42600.0,2025-07-17 12:44:23.479137
2025-07-17,82505,2025071704018511,UNHPL,Deevyaa Securities & Stock House Pvt. Ltd,KALASH STOCK MARKET PVT. LTD.,10,426.0,4260.0,2025-07-17 12:44:51.431515
2025-07-17,82504,2025071704018512,UNHPL,Vision Securities Pvt. Ltd,KALASH STOCK MARKET PVT. LTD.,490,426.0,208740.0,2025-07-17 12:44:51.605712
2025-07-17,82372,2025071704018558,UNHPL,Vision Securities Pvt. Ltd,Arun Securities (PVT) Ltd.,20,426.0,8520.0,2025-07-17 12:45:09.800887
2025-07-17,81648,2025071704018761,UNHPL,Naasa Securities Co. Ltd.,Dakshinkali Investment & Securities Pvt. Ltd.,150,427.0,64050.0,2025-07-17 12:46:47.432708
2025-07-17,81280,2025071704018873,UNHPL,Secured Securities Ltd.,Dakshinkali Investment & Securities Pvt. Ltd.,373,427.0,159271.0,2025-07-17 12:47:29.389949
2025-07-17,81279,2025071704018874,UNHPL,Secured Securities Ltd.,Sumeru Securities Pvt. Ltd.,377,427.0,160979.0,2025-07-17 12:47:29.390161
2025-07-17,81271,2025071704018881,UNHPL,Infinity Securities Limited,Sumeru Securities Pvt. Ltd.,623,427.0,266021.0,2025-07-17 12:47:30.432946
2025-07-17,81270,2025071704018882,UNHPL,Infinity Securities Limited,Capital Max Securities Ltd,100,427.0,42700.0,2025-07-17 12:47:30.433165
2025-07-17,81269,2025071704018883,UNHPL,Infinity Securities Limited,Sani Securities Company Ltd.,50,427.0,21350.0,2025-07-17 12:47:30.433285
2025-07-17,80862,2025071704018996,UNHPL,Online Securities Pvt. Ltd.,J.F. Securites (PVT) Ltd.,100,427.5,42750.0,2025-07-17 12:48:14.887521
2025-07-17,80440,2025071704019113,UNHPL,Secured Securities Ltd.,Thrive Brokerage House Pvt. Ltd,100,428.0,42800.0,2025-07-17 12:49:01.221534
2025-07-17,80439,2025071704019114,UNHPL,Secured Securities Ltd.,Nepal Stock House (PVT) Ltd.,50,428.0,21400.0,2025-07-17 12:49:01.221906
2025-07-17,80438,2025071704019115,UNHPL,Secured Securities Ltd.,Online Securities Pvt. Ltd.,280,428.0,119840.0,2025-07-17 12:49:01.222136
2025-07-17,80437,2025071704019116,UNHPL,Secured Securities Ltd.,Capital Max Securities Ltd,100,428.0,42800.0,2025-07-17 12:49:01.222374
2025-07-17,79342,2025071704019488,UNHPL,Deevyaa Securities & Stock House Pvt. Ltd,Sri Hari Securities Pvt. Ltd.,50,427.1,21355.0,2025-07-17 12:51:21.383333
2025-07-17,79341,2025071704019489,UNHPL,Online Securities Pvt. Ltd.,Sri Hari Securities Pvt. Ltd.,10,427.1,4271.0,2025-07-17 12:51:21.383553
2025-07-17,78753,2025071704019659,UNHPL,Oxford Securities Pvt. Ltd.,Midas Stock Broking Company Private Limited,106,428.0,45368.0,2025-07-17 12:52:34.009750
2025-07-17,78211,2025071704019758,UNHPL,Infinity Securities Limited,Dipshikha Dhitopatra Karobar Co. Pvt Ltd.,227,426.1,96724.7,2025-07-17 12:53:16.977575
2025-07-17,78210,2025071704019759,UNHPL,Vision Securities Pvt. Ltd,Dipshikha Dhitopatra Karobar Co. Pvt Ltd.,490,426.0,208740.0,2025-07-17 12:53:16.977790
2025-07-17,78209,2025071704019760,UNHPL,Himalayan Brokerage Company Limited,Dipshikha Dhitopatra Karobar Co. Pvt Ltd.,900,426.0,383400.0,2025-07-17 12:53:16.977911
2025-07-17,78208,2025071704019761,UNHPL,Kohinoor Investment & Securities Pvt. Ltd.,Dipshikha Dhitopatra Karobar Co. Pvt Ltd.,50,426.0,21300.0,2025-07-17 12:53:16.977997
2025-07-17,78059,2025071704019804,UNHPL,Dipshikha Dhitopatra Karobar Co. Pvt Ltd.,Dipshikha Dhitopatra Karobar Co. Pvt Ltd.,233,426.0,99258.0,2025-07-17 12:53:39.192377
2025-07-17,77771,2025071704019882,UNHPL,Deevyaa Securities & Stock House Pvt. Ltd,Capital Max Securities Ltd,50,426.4,21320.0,2025-07-17 12:54:08.931798
2025-07-17,77759,2025071704019885,UNHPL,Himalayan Brokerage Company Limited,Midas Stock Broking Company Private Limited,10,428.0,4280.0,2025-07-17 12:54:12.265837
2025-07-17,76925,2025071704020117,UNHPL,Online Securities Pvt. Ltd.,Naasa Securities Co. Ltd.,40,427.0,17080.0,2025-07-17 12:56:01.254380
2025-07-17,76700,2025071704020169,UNHPL,Trademow Securities Private Limited,Dakshinkali Investment & Securities Pvt. Ltd.,100,426.5,42650.0,2025-07-17 12:56:39.161683
2025-07-17,76540,2025071704020223,UNHPL,Trademow Securities Private Limited,Naasa Securities Co. Ltd.,200,427.0,85400.0,2025-07-17 12:57:08.969640
2025-07-17,76539,2025071704020224,UNHPL,Trademow Securities Private Limited,Capital Max Securities Ltd,100,427.0,42700.0,2025-07-17 12:57:08.969848
2025-07-17,76195,2025071704020316,UNHPL,Trademow Securities Private Limited,N.M.B. SECURITIES LIMITED,900,426.5,383850.0,2025-07-17 12:57:53.799301
2025-07-17,76194,2025071704020317,UNHPL,Deevyaa Securities & Stock House Pvt. Ltd,N.M.B. SECURITIES LIMITED,600,426.4,255840.0,2025-07-17 12:57:53.799544
2025-07-17,76125,2025071704020339,UNHPL,Deevyaa Securities & Stock House Pvt. Ltd,Kumari Securities Private Limited,300,426.4,127920.0,2025-07-17 12:58:06.194424
2025-07-17,76124,2025071704020340,UNHPL,Dipshikha Dhitopatra Karobar Co. Pvt Ltd.,Kumari Securities Private Limited,867,426.2,369515.4,2025-07-17 12:58:06.194817
2025-07-17,76123,2025071704020341,UNHPL,Siprabi Securities Pvt. Ltd.,Kumari Securities Private Limited,10,426.0,4260.0,2025-07-17 12:58:06.195089
2025-07-17,76086,2025071704020359,UNHPL,Investment Management Nepal Pvt. Ltd.,Kumari Securities Private Limited,115,426.0,48990.0,2025-07-17 12:58:10.103996
2025-07-17,76049,2025071704020379,UNHPL,Infinity Securities Limited,Sri Hari Securities Pvt. Ltd.,300,425.4,127620.0,2025-07-17 12:58:15.218466
2025-07-17,76048,2025071704020380,UNHPL,Shree Krishna Securities Ltd.,Sri Hari Securities Pvt. Ltd.,700,425.3,297710.0,2025-07-17 12:58:15.218869
2025-07-17,76006,2025071704020392,UNHPL,Sani Securities Company Ltd.,Kumari Securities Private Limited,708,426.0,301608.0,2025-07-17 12:58:21.273966
2025-07-17,76004,2025071704020393,UNHPL,Sani Securities Company Ltd.,Naasa Securities Co. Ltd.,300,427.0,128100.0,2025-07-17 12:58:21.470229
2025-07-17,75867,2025071704020437,UNHPL,Sani Securities Company Ltd.,Naasa Securities Co. Ltd.,109,427.0,46543.0,2025-07-17 12:58:44.796518
2025-07-17,75642,2025071704020485,UNHPL,Sani Securities Company Ltd.,Trishakti Securities Public Limited,500,427.0,213500.0,2025-07-17 12:59:15.855254
2025-07-17,75526,2025071704020508,UNHPL,Sani Securities Company Ltd.,Dakshinkali Investment & Securities Pvt. Ltd.,100,427.0,42700.0,2025-07-17 12:59:27.769643
2025-07-17,75306,2025071704020573,UNHPL,Sani Securities Company Ltd.,Naasa Securities Co. Ltd.,83,427.0,35441.0,2025-07-17 12:59:55.909543
2025-07-17,75305,2025071704020574,UNHPL,Capital Max Securities Ltd,Naasa Securities Co. Ltd.,917,427.0,391559.0,2025-07-17 12:59:55.909773
2025-07-17,74972,2025071704020671,UNHPL,Capital Max Securities Ltd,Capital Max Securities Ltd,400,427.0,170800.0,2025-07-17 13:00:41.016722
2025-07-17,74845,2025071704020724,UNHPL,Capital Max Securities Ltd,Siprabi Securities Pvt. Ltd.,1000,427.0,427000.0,2025-07-17 13:01:00.005930
2025-07-17,74761,2025071704020745,UNHPL,Capital Max Securities Ltd,Siprabi Securities Pvt. Ltd.,670,427.0,286090.0,2025-07-17 13:01:10.417332
2025-07-17,74728,2025071704020758,UNHPL,Capital Max Securities Ltd,Sri Hari Securities Pvt. Ltd.,1000,427.0,427000.0,2025-07-17 13:01:13.559667
2025-07-17,74664,2025071704020783,UNHPL,Capital Max Securities Ltd,Capital Max Securities Ltd,600,427.0,256200.0,2025-07-17 13:01:23.230991
2025-07-17,74607,2025071704020789,UNHPL,Online Securities Pvt. Ltd.,Capital Max Securities Ltd,100,427.5,42750.0,2025-07-17 13:01:28.353837
2025-07-17,74601,2025071704020792,UNHPL,Online Securities Pvt. Ltd.,Dakshinkali Investment & Securities Pvt. Ltd.,100,427.5,42750.0,2025-07-17 13:01:28.826191
2025-07-17,74338,2025071704020885,UNHPL,Capital Hub P. Ltd,Dakshinkali Investment & Securities Pvt. Ltd.,100,427.8,42780.0,2025-07-17 13:02:03.496518
2025-07-17,74337,2025071704020886,UNHPL,Capital Hub P. Ltd,Sumeru Securities Pvt. Ltd.,400,427.9,171160.0,2025-07-17 13:02:03.496927
2025-07-17,74039,2025071704020971,UNHPL,Capital Max Securities Ltd,Sumeru Securities Pvt. Ltd.,100,427.9,42790.0,2025-07-17 13:02:39.876506
2025-07-17,73993,2025071704020996,UNHPL,Dipshikha Dhitopatra Karobar Co. Pvt Ltd.,Capital Max Securities Ltd,100,428.0,42800.0,2025-07-17 13:02:49.962108
2025-07-17,73985,2025071704020999,UNHPL,Himalayan Brokerage Company Limited,Sumeru Securities Pvt. Ltd.,10,427.9,4279.0,2025-07-17 13:02:50.621665
2025-07-17,73857,2025071704021040,UNHPL,SUN SECURITIES PVT LTD,Sumeru Securities Pvt. Ltd.,490,427.9,209671.0,2025-07-17 13:03:07.711836
2025-07-17,73856,2025071704021041,UNHPL,SUN SECURITIES PVT LTD,Secured Securities Ltd.,500,428.0,214000.0,2025-07-17 13:03:07.712144
2025-07-17,73855,2025071704021042,UNHPL,SUN SECURITIES PVT LTD,Sani Securities Company Ltd.,50,428.0,21400.0,2025-07-17 13:03:07.712246
2025-07-17,73854,2025071704021043,UNHPL,SUN SECURITIES PVT LTD,Secured Securities Ltd.,100,428.0,42800.0,2025-07-17 13:03:07.712356
2025-07-17,73853,2025071704021044,UNHPL,SUN SECURITIES PVT LTD,Capital Max Securities Ltd,200,428.0,85600.0,2025-07-17 13:03:07.712442
2025-07-17,73852,2025071704021045,UNHPL,SUN SECURITIES PVT LTD,Dipshikha Dhitopatra Karobar Co. Pvt Ltd.,300,428.0,128400.0,2025-07-17 13:03:07.712522
2025-07-17,73808,2025071704021054,UNHPL,SUN SECURITIES PVT LTD,Naasa Securities Co. Ltd.,200,428.8,85760.0,2025-07-17 13:03:13.749960
2025-07-17,73807,2025071704021055,UNHPL,SUN SECURITIES PVT LTD,Midas Stock Broking Company Private Limited,100,428.9,42890.0,2025-07-17 13:03:13.750354
2025-07-17,73806,2025071704021056,UNHPL,SUN SECURITIES PVT LTD,Imperial Securities Company Pvt. Ltd.,100,429.0,42900.0,2025-07-17 13:03:13.750591
2025-07-17,73805,2025071704021057,UNHPL,SUN SECURITIES PVT LTD,KALASH STOCK MARKET PVT. LTD.,500,429.0,214500.0,2025-07-17 13:03:13.750818
2025-07-17,73804,2025071704021058,UNHPL,SUN SECURITIES PVT LTD,Dakshinkali Investment & Securities Pvt. Ltd.,100,429.0,42900.0,2025-07-17 13:03:13.751034
2025-07-17,73803,2025071704021059,UNHPL,SUN SECURITIES PVT LTD,Premier Securities Company Ltd.,13,429.9,5588.7,2025-07-17 13:03:13.751242
2025-07-17,73802,2025071704021060,UNHPL,SUN SECURITIES PVT LTD,Capital Max Securities Ltd,50,429.9,21495.0,2025-07-17 13:03:13.751485
2025-07-17,73801,2025071704021061,UNHPL,SUN SECURITIES PVT LTD,Trishakti Securities Public Limited,300,429.9,128970.0,2025-07-17 13:03:13.751802
2025-07-17,73800,2025071704021062,UNHPL,SUN SECURITIES PVT LTD,Agrawal Securities (PVT) Ltd.,150,429.9,64485.0,2025-07-17 13:03:13.752115
2025-07-17,73799,2025071704021063,UNHPL,SUN SECURITIES PVT LTD,Sweta Securities Private Limited,25,430.0,10750.0,2025-07-17 13:03:13.752432
2025-07-17,73798,2025071704021064,UNHPL,SUN SECURITIES PVT LTD,Sundhara Securities Limited,25,430.0,10750.0,2025-07-17 13:03:13.752670
2025-07-17,73797,2025071704021065,UNHPL,SUN SECURITIES PVT LTD,Asian Securities Private Ltd.,1150,430.0,494500.0,2025-07-17 13:03:13.752917
2025-07-17,73796,2025071704021066,UNHPL,SUN SECURITIES PVT LTD,Asian Securities Private Ltd.,1150,430.0,494500.0,2025-07-17 13:03:13.753165
2025-07-17,73795,2025071704021067,UNHPL,SUN SECURITIES PVT LTD,Sweta Securities Private Limited,1000,430.0,430000.0,2025-07-17 13:03:13.753497
2025-07-17,73794,2025071704021068,UNHPL,SUN SECURITIES PVT LTD,Capital Max Securities Ltd,500,430.0,215000.0,2025-07-17 13:03:13.753801
2025-07-17,73793,2025071704021069,UNHPL,SUN SECURITIES PVT LTD,Imperial Securities Company Pvt. Ltd.,100,430.0,43000.0,2025-07-17 13:03:13.754049
2025-07-17,73792,2025071704021070,UNHPL,SUN SECURITIES PVT LTD,Online Securities Pvt. Ltd.,100,430.0,43000.0,2025-07-17 13:03:13.754264
2025-07-17,73791,2025071704021071,UNHPL,SUN SECURITIES PVT LTD,Kohinoor Investment & Securities Pvt. Ltd.,900,430.0,387000.0,2025-07-17 13:03:13.754537
2025-07-17,73790,2025071704021072,UNHPL,SUN SECURITIES PVT LTD,Sewa Securities Pvt. Ltd.,10,430.0,4300.0,2025-07-17 13:03:13.754771
2025-07-17,73789,2025071704021073,UNHPL,SUN SECURITIES PVT LTD,Primo Securities (PVT) Ltd.,1000,430.0,430000.0,2025-07-17 13:03:13.754950
2025-07-17,73788,2025071704021074,UNHPL,SUN SECURITIES PVT LTD,SHUBHAKAMANA SECURITIES PVT. LTD,500,430.0,215000.0,2025-07-17 13:03:13.755048
2025-07-17,73787,2025071704021075,UNHPL,SUN SECURITIES PVT LTD,Dipshikha Dhitopatra Karobar Co. Pvt Ltd.,100,430.0,43000.0,2025-07-17 13:03:13.755130
2025-07-17,73786,2025071704021076,UNHPL,SUN SECURITIES PVT LTD,Imperial Securities Company Pvt. Ltd.,230,430.0,98900.0,2025-07-17 13:03:13.755215
2025-07-17,73785,2025071704021077,UNHPL,SUN SECURITIES PVT LTD,Sweta Securities Private Limited,10,430.0,4300.0,2025-07-17 13:03:13.755298
2025-07-17,73784,2025071704021078,UNHPL,SUN SECURITIES PVT LTD,Imperial Securities Company Pvt. Ltd.,1687,430.0,725410.0,2025-07-17 13:03:13.755381
2025-07-17,73754,2025071704021085,UNHPL,SUN SECURITIES PVT LTD,Naasa Securities Co. Ltd.,1500,428.0,642000.0,2025-07-17 13:03:18.545979
2025-07-17,73738,2025071704021094,UNHPL,Capital Max Securities Ltd,Imperial Securities Company Pvt. Ltd.,813,430.0,349590.0,2025-07-17 13:03:21.119358
2025-07-17,73737,2025071704021095,UNHPL,Capital Max Securities Ltd,Imperial Securities Company Pvt. Ltd.,50,430.4,21520.0,2025-07-17 13:03:21.119494
2025-07-17,73736,2025071704021096,UNHPL,Capital Max Securities Ltd,Dipshikha Dhitopatra Karobar Co. Pvt Ltd.,500,431.0,215500.0,2025-07-17 13:03:21.119572
2025-07-17,73735,2025071704021097,UNHPL,Capital Max Securities Ltd,Imperial Securities Company Pvt. Ltd.,100,431.0,43100.0,2025-07-17 13:03:21.119647
2025-07-17,73734,2025071704021098,UNHPL,Capital Max Securities Ltd,Trisul Securities & Invt. Ltd.,50,431.0,21550.0,2025-07-17 13:03:21.119719
2025-07-17,73733,2025071704021099,UNHPL,Capital Max Securities Ltd,Imperial Securities Company Pvt. Ltd.,10,431.0,4310.0,2025-07-17 13:03:21.119801
2025-07-17,73732,2025071704021100,UNHPL,Capital Max Securities Ltd,Miyo Securities Pvt Ltd,235,431.1,101308.5,2025-07-17 13:03:21.119878
2025-07-17,73731,2025071704021101,UNHPL,Capital Max Securities Ltd,Dipshikha Dhitopatra Karobar Co. Pvt Ltd.,1000,432.0,432000.0,2025-07-17 13:03:21.119935
2025-07-17,73730,2025071704021102,UNHPL,Capital Max Securities Ltd,Secured Securities Ltd.,100,432.0,43200.0,2025-07-17 13:03:21.120002
2025-07-17,73729,2025071704021103,UNHPL,Capital Max Securities Ltd,Dipshikha Dhitopatra Karobar Co. Pvt Ltd.,100,432.0,43200.0,2025-07-17 13:03:21.120077
2025-07-17,73728,2025071704021104,UNHPL,Capital Max Securities Ltd,Siprabi Securities Pvt. Ltd.,50,432.0,21600.0,2025-07-17 13:03:21.120162
2025-07-17,73727,2025071704021105,UNHPL,Capital Max Securities Ltd,Cristal Kanchanjanga Securites Pvt. Ltd.,390,432.0,168480.0,2025-07-17 13:03:21.120216
2025-07-17,73726,2025071704021106,UNHPL,Capital Max Securities Ltd,Himalayan Brokerage Company Limited,699,432.1,302037.9,2025-07-17 13:03:21.120271
2025-07-17,73725,2025071704021107,UNHPL,Capital Max Securities Ltd,Agrawal Securities (PVT) Ltd.,300,432.2,129660.0,2025-07-17 13:03:21.120355
2025-07-17,73724,2025071704021108,UNHPL,Capital Max Securities Ltd,Naasa Securities Co. Ltd.,450,432.4,194580.0,2025-07-17 13:03:21.120411
2025-07-17,73723,2025071704021109,UNHPL,Capital Max Securities Ltd,Linch Stock Market Ltd.,30,433.0,12990.0,2025-07-17 13:03:21.120471
2025-07-17,73722,2025071704021110,UNHPL,Capital Max Securities Ltd,Agrawal Securities (PVT) Ltd.,123,433.0,53259.0,2025-07-17 13:03:21.120525
2025-07-17,73499,2025071704021153,UNHPL,Capital Max Securities Ltd,Agrawal Securities (PVT) Ltd.,27,433.0,11691.0,2025-07-17 13:03:48.265532
2025-07-17,73453,2025071704021158,UNHPL,Infinity Securities Limited,Imperial Securities Company Pvt. Ltd.,200,434.0,86800.0,2025-07-17 13:03:51.566951
2025-07-17,73452,2025071704021159,UNHPL,Infinity Securities Limited,Aryatara Investment & Securities,200,434.0,86800.0,2025-07-17 13:03:51.567261
2025-07-17,73451,2025071704021160,UNHPL,Infinity Securities Limited,Imperial Securities Company Pvt. Ltd.,100,434.0,43400.0,2025-07-17 13:03:51.567475
2025-07-17,73361,2025071704021181,UNHPL,Kohinoor Investment & Securities Pvt. Ltd.,Premier Securities Company Ltd.,25,434.4,10860.0,2025-07-17 13:04:04.248759
2025-07-17,73360,2025071704021182,UNHPL,Kohinoor Investment & Securities Pvt. Ltd.,Sagarmatha Securities Private Limited,275,434.5,119487.5,2025-07-17 13:04:04.248920
2025-07-17,73254,2025071704021223,UNHPL,Capital Max Securities Ltd,Sagarmatha Securities Private Limited,525,434.5,228112.5,2025-07-17 13:04:20.418579
2025-07-17,73253,2025071704021224,UNHPL,Capital Max Securities Ltd,Sani Securities Company Ltd.,700,435.0,304500.0,2025-07-17 13:04:20.418646
2025-07-17,73252,2025071704021225,UNHPL,Capital Max Securities Ltd,Midas Stock Broking Company Private Limited,500,435.0,217500.0,2025-07-17 13:04:20.418668
2025-07-17,73251,2025071704021226,UNHPL,Capital Max Securities Ltd,Thrive Brokerage House Pvt. Ltd,500,435.0,217500.0,2025-07-17 13:04:20.418699
2025-07-17,73250,2025071704021227,UNHPL,Capital Max Securities Ltd,Imperial Securities Company Pvt. Ltd.,100,435.0,43500.0,2025-07-17 13:04:20.418749
2025-07-17,73249,2025071704021228,UNHPL,Capital Max Securities Ltd,NIMB Stock Markets Limited,500,435.0,217500.0,2025-07-17 13:04:20.418772
2025-07-17,73248,2025071704021229,UNHPL,Capital Max Securities Ltd,Sundhara Securities Limited,15,435.0,6525.0,2025-07-17 13:04:20.418796
2025-07-17,73247,2025071704021230,UNHPL,Capital Max Securities Ltd,Sani Securities Company Ltd.,400,435.0,174000.0,2025-07-17 13:04:20.418820
2025-07-17,73246,2025071704021231,UNHPL,Capital Max Securities Ltd,Nagarik Stock Dealer ,500,435.0,217500.0,2025-07-17 13:04:20.418853
2025-07-17,73245,2025071704021232,UNHPL,Capital Max Securities Ltd,Sharepro Securities Private Limited,500,435.0,217500.0,2025-07-17 13:04:20.418906
2025-07-17,73244,2025071704021233,UNHPL,Capital Max Securities Ltd,Siprabi Securities Pvt. Ltd.,100,435.0,43500.0,2025-07-17 13:04:20.418935
2025-07-17,73243,2025071704021234,UNHPL,Capital Max Securities Ltd,Sumeru Securities Pvt. Ltd.,695,435.0,302325.0,2025-07-17 13:04:20.418954
2025-07-17,73242,2025071704021235,UNHPL,Capital Max Securities Ltd,Sri Hari Securities Pvt. Ltd.,300,435.0,130500.0,2025-07-17 13:04:20.418979
2025-07-17,73241,2025071704021236,UNHPL,Capital Max Securities Ltd,Garima Securities Limited,2000,435.0,870000.0,2025-07-17 13:04:20.419007
2025-07-17,73240,2025071704021237,UNHPL,Capital Max Securities Ltd,Kohinoor Investment & Securities Pvt. Ltd.,100,435.4,43540.0,2025-07-17 13:04:20.419030
2025-07-17,73239,2025071704021238,UNHPL,Capital Max Securities Ltd,Vision Securities Pvt. Ltd,400,435.5,174200.0,2025-07-17 13:04:20.419055
2025-07-17,73238,2025071704021239,UNHPL,Capital Max Securities Ltd,Linch Stock Market Ltd.,50,435.5,21775.0,2025-07-17 13:04:20.419078
2025-07-17,73237,2025071704021240,UNHPL,Capital Max Securities Ltd,Arun Securities (PVT) Ltd.,150,435.5,65325.0,2025-07-17 13:04:20.419100
2025-07-17,73236,2025071704021241,UNHPL,Capital Max Securities Ltd,Vision Securities Pvt. Ltd,100,436.0,43600.0,2025-07-17 13:04:20.419123
2025-07-17,73235,2025071704021242,UNHPL,Capital Max Securities Ltd,Sani Securities Company Ltd.,1000,436.0,436000.0,2025-07-17 13:04:20.419146
2025-07-17,73234,2025071704021243,UNHPL,Capital Max Securities Ltd,Secured Securities Ltd.,150,436.0,65400.0,2025-07-17 13:04:20.419168
2025-07-17,73233,2025071704021244,UNHPL,Capital Max Securities Ltd,KALASH STOCK MARKET PVT. LTD.,715,436.0,311740.0,2025-07-17 13:04:20.419190
2025-07-17,73200,2025071704021254,UNHPL,Infinity Securities Limited,Dipshikha Dhitopatra Karobar Co. Pvt Ltd.,500,435.0,217500.0,2025-07-17 13:04:25.672868
2025-07-17,72880,2025071704021315,UNHPL,Capital Max Securities Ltd,Cristal Kanchanjanga Securites Pvt. Ltd.,10,435.0,4350.0,2025-07-17 13:05:10.751972
2025-07-17,72879,2025071704021316,UNHPL,Capital Max Securities Ltd,KALASH STOCK MARKET PVT. LTD.,165,436.0,71940.0,2025-07-17 13:05:10.752022
2025-07-17,72878,2025071704021317,UNHPL,Capital Max Securities Ltd,Pragyan Securities (PVT) Ltd.,50,436.4,21820.0,2025-07-17 13:05:10.752053
2025-07-17,72877,2025071704021318,UNHPL,Capital Max Securities Ltd,Imperial Securities Company Pvt. Ltd.,100,436.5,43650.0,2025-07-17 13:05:10.752083
2025-07-17,72876,2025071704021319,UNHPL,Capital Max Securities Ltd,Sani Securities Company Ltd.,1100,436.5,480150.0,2025-07-17 13:05:10.752118
2025-07-17,72875,2025071704021320,UNHPL,Capital Max Securities Ltd,Sani Securities Company Ltd.,188,436.5,82062.0,2025-07-17 13:05:10.752150
2025-07-17,72874,2025071704021321,UNHPL,Capital Max Securities Ltd,Opal Securities Investment (PVT) Ltd.,70,438.0,30660.0,2025-07-17 13:05:10.752173
2025-07-17,72873,2025071704021322,UNHPL,Capital Max Securities Ltd,Dynamic Money Managers Securities Pvt. Ltd.,500,438.0,219000.0,2025-07-17 13:05:10.752198
2025-07-17,72872,2025071704021323,UNHPL,Capital Max Securities Ltd,Nepal Stock House (PVT) Ltd.,1000,440.0,440000.0,2025-07-17 13:05:10.752257
2025-07-17,72871,2025071704021324,UNHPL,Capital Max Securities Ltd,Midas Stock Broking Company Private Limited,1817,442.0,803114.0,2025-07-17 13:05:10.752305
2025-07-17,72839,2025071704021332,UNHPL,SUN SECURITIES PVT LTD,Thrive Brokerage House Pvt. Ltd,50,434.0,21700.0,2025-07-17 13:05:17.455979
2025-07-17,72694,2025071704021373,UNHPL,Capital Max Securities Ltd,Midas Stock Broking Company Private Limited,1067,442.0,471614.0,2025-07-17 13:05:40.882213
2025-07-17,72693,2025071704021374,UNHPL,Capital Max Securities Ltd,Sri Hari Securities Pvt. Ltd.,500,443.0,221500.0,2025-07-17 13:05:40.882279
2025-07-17,72692,2025071704021375,UNHPL,Capital Max Securities Ltd,Kohinoor Investment & Securities Pvt. Ltd.,133,443.0,58919.0,2025-07-17 13:05:40.882306
2025-07-17,72410,2025071704021433,UNHPL,Capital Max Securities Ltd,Infinity Securities Limited,2000,442.0,884000.0,2025-07-17 13:06:28.127537
2025-07-17,72200,2025071704021467,UNHPL,Shree Krishna Securities Ltd.,Blue Chip Securities Ltd,150,437.0,65550.0,2025-07-17 13:06:56.425148
2025-07-17,72199,2025071704021468,UNHPL,Vision Securities Pvt. Ltd,Blue Chip Securities Ltd,1000,436.0,436000.0,2025-07-17 13:06:56.425345
2025-07-17,72198,2025071704021469,UNHPL,Deevyaa Securities & Stock House Pvt. Ltd,Blue Chip Securities Ltd,50,436.0,21800.0,2025-07-17 13:06:56.425410
2025-07-17,72109,2025071704021492,UNHPL,Sewa Securities Pvt. Ltd.,Blue Chip Securities Ltd,300,436.0,130800.0,2025-07-17 13:07:07.940053
2025-07-17,72096,2025071704021496,UNHPL,Naasa Securities Co. Ltd.,Blue Chip Securities Ltd,500,440.0,220000.0,2025-07-17 13:07:09.048960
2025-07-17,71927,2025071704021542,UNHPL,Trishakti Securities Public Limited,Sri Hari Securities Pvt. Ltd.,200,440.0,88000.0,2025-07-17 13:07:41.426035
2025-07-17,71926,2025071704021543,UNHPL,Trishakti Securities Public Limited,Blue Chip Securities Ltd,300,441.0,132300.0,2025-07-17 13:07:41.426134
2025-07-17,71813,2025071704021566,UNHPL,Trishakti Securities Public Limited,Kohinoor Investment & Securities Pvt. Ltd.,100,440.0,44000.0,2025-07-17 13:07:53.509782
2025-07-17,71812,2025071704021567,UNHPL,Trishakti Securities Public Limited,Blue Chip Securities Ltd,100,441.0,44100.0,2025-07-17 13:07:53.509836
2025-07-17,71811,2025071704021568,UNHPL,Trishakti Securities Public Limited,Capital Max Securities Ltd,600,441.0,264600.0,2025-07-17 13:07:53.509866
2025-07-17,71810,2025071704021569,UNHPL,Trishakti Securities Public Limited,Deevyaa Securities & Stock House Pvt. Ltd,150,441.9,66285.0,2025-07-17 13:07:53.509893
2025-07-17,71809,2025071704021570,UNHPL,Trishakti Securities Public Limited,Imperial Securities Company Pvt. Ltd.,50,442.0,22100.0,2025-07-17 13:07:53.509920
2025-07-17,71762,2025071704021577,UNHPL,R.B.B. Securities Company Ltd,Deevyaa Securities & Stock House Pvt. Ltd,200,443.0,88600.0,2025-07-17 13:08:00.678775
2025-07-17,71761,2025071704021578,UNHPL,R.B.B. Securities Company Ltd,SHUBHAKAMANA SECURITIES PVT. LTD,1800,446.9,804420.0,2025-07-17 13:08:00.678813
2025-07-17,71713,2025071704021581,UNHPL,R.B.B. Securities Company Ltd,SHUBHAKAMANA SECURITIES PVT. LTD,1930,446.9,862517.0,2025-07-17 13:08:04.692684
2025-07-17,71712,2025071704021582,UNHPL,R.B.B. Securities Company Ltd,SHUBHAKAMANA SECURITIES PVT. LTD,70,447.0,31290.0,2025-07-17 13:08:04.692750
2025-07-17,71162,2025071704021731,UNHPL,Neev Securities Pvt. Ltd.,Market Securities & Exchange (PVT) Ltd.,300,442.0,132600.0,2025-07-17 13:09:15.275044
2025-07-17,70948,2025071704021806,UNHPL,Sweta Securities Private Limited,Malla & Malla Stock Broking Company Pvt. Limited,200,436.3,87260.0,2025-07-17 13:09:42.516558
2025-07-17,70947,2025071704021807,UNHPL,Imperial Securities Company Pvt. Ltd.,Malla & Malla Stock Broking Company Pvt. Limited,500,436.2,218100.0,2025-07-17 13:09:42.516884
2025-07-17,70946,2025071704021808,UNHPL,Sewa Securities Pvt. Ltd.,Malla & Malla Stock Broking Company Pvt. Limited,100,436.1,43610.0,2025-07-17 13:09:42.517112
2025-07-17,70756,2025071704021863,UNHPL,Nepal Investment And Securities Trading Private Limited,Imperial Securities Company Pvt. Ltd.,100,438.0,43800.0,2025-07-17 13:10:01.111686
2025-07-17,70755,2025071704021864,UNHPL,Sewa Securities Pvt. Ltd.,Imperial Securities Company Pvt. Ltd.,100,436.1,43610.0,2025-07-17 13:10:01.111720
2025-07-17,70754,2025071704021865,UNHPL,Dynamic Money Managers Securities Pvt. Ltd.,Imperial Securities Company Pvt. Ltd.,264,436.0,115104.0,2025-07-17 13:10:01.111745
2025-07-17,70753,2025071704021866,UNHPL,SHUBHAKAMANA SECURITIES PVT. LTD,Imperial Securities Company Pvt. Ltd.,36,435.0,15660.0,2025-07-17 13:10:01.111767
2025-07-17,70579,2025071704021900,UNHPL,Sundhara Securities Limited,Imperial Securities Company Pvt. Ltd.,100,440.0,44000.0,2025-07-17 13:10:18.543536
2025-07-17,70578,2025071704021901,UNHPL,Sundhara Securities Limited,Trademow Securities Private Limited,75,441.5,33112.5,2025-07-17 13:10:18.543865
2025-07-17,70512,2025071704021928,UNHPL,Sundhara Securities Limited,Vision Securities Pvt. Ltd,25,441.5,11037.5,2025-07-17 13:10:28.299629
2025-07-17,69413,2025071704022184,UNHPL,Nagarik Stock Dealer ,Blue Chip Securities Ltd,50,439.0,21950.0,2025-07-17 13:12:50.875129
2025-07-17,68789,2025071704022395,UNHPL,Citizens Share Broker Limited,Blue Chip Securities Ltd,50,435.4,21770.0,2025-07-17 13:14:07.768486
2025-07-17,68788,2025071704022396,UNHPL,Property Wiard Limited,Blue Chip Securities Ltd,500,435.3,217650.0,2025-07-17 13:14:07.768712
2025-07-17,68787,2025071704022397,UNHPL,Vision Securities Pvt. Ltd,Blue Chip Securities Ltd,400,435.3,174120.0,2025-07-17 13:14:07.768840
2025-07-17,68786,2025071704022398,UNHPL,Naasa Securities Co. Ltd.,Blue Chip Securities Ltd,50,435.2,21760.0,2025-07-17 13:14:07.768918
2025-07-17,68722,2025071704022428,UNHPL,Naasa Securities Co. Ltd.,Nepal Stock House (PVT) Ltd.,200,435.2,87040.0,2025-07-17 13:14:15.986104
2025-07-17,68298,2025071704022591,UNHPL,Sani Securities Company Ltd.,Online Securities Pvt. Ltd.,300,435.1,130530.0,2025-07-17 13:15:07.749754
2025-07-17,68190,2025071704022629,UNHPL,Sani Securities Company Ltd.,Trishakti Securities Public Limited,60,435.1,26106.0,2025-07-17 13:15:24.937605
2025-07-17,68180,2025071704022631,UNHPL,Imperial Securities Company Pvt. Ltd.,Imperial Securities Company Pvt. Ltd.,200,436.0,87200.0,2025-07-17 13:15:27.103761
2025-07-17,68172,2025071704022635,UNHPL,Imperial Securities Company Pvt. Ltd.,Midas Stock Broking Company Private Limited,150,435.2,65280.0,2025-07-17 13:15:27.751752
2025-07-17,68125,2025071704022645,UNHPL,Imperial Securities Company Pvt. Ltd.,Naasa Securities Co. Ltd.,350,435.2,152320.0,2025-07-17 13:15:31.861363
2025-07-17,68124,2025071704022646,UNHPL,Sani Securities Company Ltd.,Naasa Securities Co. Ltd.,68,435.1,29586.8,2025-07-17 13:15:31.861571
2025-07-17,67711,2025071704022790,UNHPL,Sani Securities Company Ltd.,Vision Securities Pvt. Ltd,572,435.1,248877.2,2025-07-17 13:16:24.588122
2025-07-17,67710,2025071704022791,UNHPL,Nagarik Stock Dealer ,Vision Securities Pvt. Ltd,438,435.0,190530.0,2025-07-17 13:16:24.588342
2025-07-17,67133,2025071704022947,UNHPL,Nagarik Stock Dealer ,Kohinoor Investment & Securities Pvt. Ltd.,42,435.1,18274.2,2025-07-17 13:17:42.974573
2025-07-17,66948,2025071704023009,UNHPL,Nagarik Stock Dealer ,Capital Max Securities Ltd,562,435.0,244470.0,2025-07-17 13:18:11.158179
2025-07-17,66947,2025071704023010,UNHPL,Sumeru Securities Pvt. Ltd.,Capital Max Securities Ltd,100,435.0,43500.0,2025-07-17 13:18:11.158255
2025-07-17,66946,2025071704023011,UNHPL,Online Securities Pvt. Ltd.,Capital Max Securities Ltd,190,434.2,82498.0,2025-07-17 13:18:11.158286
2025-07-17,66945,2025071704023012,UNHPL,Linch Stock Market Ltd.,Capital Max Securities Ltd,100,434.1,43410.0,2025-07-17 13:18:11.158335
2025-07-17,66944,2025071704023013,UNHPL,SUN SECURITIES PVT LTD,Capital Max Securities Ltd,9048,431.3,3902402.4,2025-07-17 13:18:11.158364
2025-07-17,66806,2025071704023050,UNHPL,SHUBHAKAMANA SECURITIES PVT. LTD,Capital Max Securities Ltd,164,431.4,70749.6,2025-07-17 13:18:29.312073
2025-07-17,66805,2025071704023051,UNHPL,SUN SECURITIES PVT LTD,Capital Max Securities Ltd,9836,431.3,4242266.8,2025-07-17 13:18:29.312195
2025-07-17,66722,2025071704023082,UNHPL,Nepal Stock House (PVT) Ltd.,Capital Max Securities Ltd,7000,432.0,3024000.0,2025-07-17 13:18:41.381362
2025-07-17,66721,2025071704023083,UNHPL,Trademow Securities Private Limited,Capital Max Securities Ltd,900,431.5,388350.0,2025-07-17 13:18:41.381404
2025-07-17,66720,2025071704023084,UNHPL,SUN SECURITIES PVT LTD,Capital Max Securities Ltd,2100,431.3,905730.0,2025-07-17 13:18:41.381431
2025-07-17,66294,2025071704023228,UNHPL,ABC Securities Private Limited,Dakshinkali Investment & Securities Pvt. Ltd.,60,432.1,25926.0,2025-07-17 13:19:32.607496
2025-07-17,65945,2025071704023335,UNHPL,Dynamic Money Managers Securities Pvt. Ltd.,Blue Chip Securities Ltd,250,433.0,108250.0,2025-07-17 13:20:15.886812
2025-07-17,65239,2025071704023499,UNHPL,ABC Securities Private Limited,Imperial Securities Company Pvt. Ltd.,40,436.0,17440.0,2025-07-17 13:21:48.027536
2025-07-17,64990,2025071704023560,UNHPL,Miyo Securities Pvt Ltd,Blue Chip Securities Ltd,100,435.1,43510.0,2025-07-17 13:22:26.275233
2025-07-17,64276,2025071704023785,UNHPL,Capital Max Securities Ltd,Dakshinkali Investment & Securities Pvt. Ltd.,100,437.0,43700.0,2025-07-17 13:23:57.188796
2025-07-17,64275,2025071704023786,UNHPL,Capital Max Securities Ltd,Himalayan Brokerage Company Limited,100,438.0,43800.0,2025-07-17 13:23:57.188859
2025-07-17,64274,2025071704023787,UNHPL,Capital Max Securities Ltd,Naasa Securities Co. Ltd.,1000,439.0,439000.0,2025-07-17 13:23:57.188888
2025-07-17,64273,2025071704023788,UNHPL,Capital Max Securities Ltd,Oxford Securities Pvt. Ltd.,50,439.0,21950.0,2025-07-17 13:23:57.188947
2025-07-17,64272,2025071704023789,UNHPL,Capital Max Securities Ltd,Deevyaa Securities & Stock House Pvt. Ltd,60,439.0,26340.0,2025-07-17 13:23:57.188970
2025-07-17,64271,2025071704023790,UNHPL,Capital Max Securities Ltd,Premier Securities Company Ltd.,25,439.7,10992.5,2025-07-17 13:23:57.188994
2025-07-17,64270,2025071704023791,UNHPL,Capital Max Securities Ltd,Imperial Securities Company Pvt. Ltd.,200,440.0,88000.0,2025-07-17 13:23:57.189070
2025-07-17,64269,2025071704023792,UNHPL,Capital Max Securities Ltd,Sumeru Securities Pvt. Ltd.,1000,440.0,440000.0,2025-07-17 13:23:57.189122
2025-07-17,64268,2025071704023793,UNHPL,Capital Max Securities Ltd,Sani Securities Company Ltd.,465,440.0,204600.0,2025-07-17 13:23:57.189162
2025-07-17,64185,2025071704023802,UNHPL,Capital Max Securities Ltd,Sani Securities Company Ltd.,35,440.0,15400.0,2025-07-17 13:24:03.219552
2025-07-17,64184,2025071704023803,UNHPL,Capital Max Securities Ltd,Opal Securities Investment (PVT) Ltd.,45,440.0,19800.0,2025-07-17 13:24:03.219603
2025-07-17,64183,2025071704023804,UNHPL,Capital Max Securities Ltd,Shree Krishna Securities Ltd.,200,441.0,88200.0,2025-07-17 13:24:03.219631
2025-07-17,64182,2025071704023805,UNHPL,Capital Max Securities Ltd,Dynamic Money Managers Securities Pvt. Ltd.,1000,441.0,441000.0,2025-07-17 13:24:03.219656
2025-07-17,64181,2025071704023806,UNHPL,Capital Max Securities Ltd,Imperial Securities Company Pvt. Ltd.,200,441.5,88300.0,2025-07-17 13:24:03.219682
2025-07-17,64180,2025071704023807,UNHPL,Capital Max Securities Ltd,Shree Krishna Securities Ltd.,500,441.5,220750.0,2025-07-17 13:24:03.219703
2025-07-17,64179,2025071704023808,UNHPL,Capital Max Securities Ltd,Sweta Securities Private Limited,20,441.5,8830.0,2025-07-17 13:24:03.219723
2025-07-17,64095,2025071704023823,UNHPL,BHOLE GANESH SECURITIES LTD,Sweta Securities Private Limited,480,441.5,211920.0,2025-07-17 13:24:15.904188
2025-07-17,64094,2025071704023824,UNHPL,BHOLE GANESH SECURITIES LTD,Online Securities Pvt. Ltd.,20,442.0,8840.0,2025-07-17 13:24:15.904267
2025-07-17,63982,2025071704023870,UNHPL,Midas Stock Broking Company Private Limited,Online Securities Pvt. Ltd.,238,442.0,105196.0,2025-07-17 13:24:35.912003
2025-07-17,63981,2025071704023871,UNHPL,Midas Stock Broking Company Private Limited,BHOLE GANESH SECURITIES LTD,100,442.0,44200.0,2025-07-17 13:24:35.912103
2025-07-17,63980,2025071704023872,UNHPL,Midas Stock Broking Company Private Limited,Sundhara Securities Limited,662,443.0,293266.0,2025-07-17 13:24:35.912201
2025-07-17,63619,2025071704023935,UNHPL,Property Wiard Limited,Sumeru Securities Pvt. Ltd.,100,441.0,44100.0,2025-07-17 13:25:24.715861
2025-07-17,63618,2025071704023936,UNHPL,Property Wiard Limited,Sundhara Securities Limited,88,443.0,38984.0,2025-07-17 13:25:24.716115
2025-07-17,63617,2025071704023937,UNHPL,Property Wiard Limited,Trademow Securities Private Limited,12,443.0,5316.0,2025-07-17 13:25:24.716294
2025-07-17,63573,2025071704023955,UNHPL,Capital Max Securities Ltd,Trademow Securities Private Limited,63,443.0,27909.0,2025-07-17 13:25:33.709887
2025-07-17,63572,2025071704023956,UNHPL,Capital Max Securities Ltd,Bhrikuti Stock Broking Co. Pvt. Ltd.,937,443.0,415091.0,2025-07-17 13:25:33.709958
2025-07-17,63509,2025071704023962,UNHPL,Miyo Securities Pvt Ltd,Bhrikuti Stock Broking Co. Pvt. Ltd.,63,443.0,27909.0,2025-07-17 13:25:37.938420
2025-07-17,63508,2025071704023963,UNHPL,Miyo Securities Pvt Ltd,ABC Securities Private Limited,200,443.0,88600.0,2025-07-17 13:25:37.938654
2025-07-17,63507,2025071704023964,UNHPL,Miyo Securities Pvt Ltd,South Asian Bulls Pvt. Ltd.,200,443.0,88600.0,2025-07-17 13:25:37.938737
2025-07-17,63506,2025071704023965,UNHPL,Miyo Securities Pvt Ltd,Imperial Securities Company Pvt. Ltd.,200,443.0,88600.0,2025-07-17 13:25:37.938817
2025-07-17,63505,2025071704023966,UNHPL,Miyo Securities Pvt Ltd,Vision Securities Pvt. Ltd,200,443.0,88600.0,2025-07-17 13:25:37.938894
2025-07-17,63393,2025071704024012,UNHPL,Miyo Securities Pvt Ltd,Imperial Securities Company Pvt. Ltd.,1000,443.0,443000.0,2025-07-17 13:25:55.806815
2025-07-17,63380,2025071704024020,UNHPL,Capital Max Securities Ltd,Imperial Securities Company Pvt. Ltd.,1500,443.0,664500.0,2025-07-17 13:25:56.846152
2025-07-17,63379,2025071704024021,UNHPL,Capital Max Securities Ltd,Dakshinkali Investment & Securities Pvt. Ltd.,100,443.0,44300.0,2025-07-17 13:25:56.846198
2025-07-17,63378,2025071704024022,UNHPL,Capital Max Securities Ltd,SUN SECURITIES PVT LTD,200,443.4,88680.0,2025-07-17 13:25:56.846220
2025-07-17,63377,2025071704024023,UNHPL,Capital Max Securities Ltd,J.F. Securites (PVT) Ltd.,200,443.5,88700.0,2025-07-17 13:25:56.846267
2025-07-17,63245,2025071704024037,UNHPL,Stoxkarts Securities Limited,Aakashbhairab Securities Ltd.,1000,443.0,443000.0,2025-07-17 13:26:12.402657
2025-07-17,63207,2025071704024044,UNHPL,Stoxkarts Securities Limited,Dakshinkali Investment & Securities Pvt. Ltd.,500,443.7,221850.0,2025-07-17 13:26:20.432777
2025-07-17,63042,2025071704024087,UNHPL,Property Wiard Limited,Trishakti Securities Public Limited,500,443.5,221750.0,2025-07-17 13:26:48.008833
2025-07-17,62835,2025071704024133,UNHPL,Shree Krishna Securities Ltd.,Linch Stock Market Ltd.,440,440.0,193600.0,2025-07-17 13:27:14.853608
2025-07-17,62834,2025071704024134,UNHPL,Shree Krishna Securities Ltd.,Kohinoor Investment & Securities Pvt. Ltd.,100,443.6,44360.0,2025-07-17 13:27:14.853853
2025-07-17,62833,2025071704024135,UNHPL,Shree Krishna Securities Ltd.,Secured Securities Ltd.,300,443.9,133170.0,2025-07-17 13:27:14.853938
2025-07-17,62832,2025071704024136,UNHPL,Shree Krishna Securities Ltd.,Sundhara Securities Limited,80,444.0,35520.0,2025-07-17 13:27:14.854021
2025-07-17,62831,2025071704024137,UNHPL,Shree Krishna Securities Ltd.,Premier Securities Company Ltd.,30,444.0,13320.0,2025-07-17 13:27:14.854102
2025-07-17,62830,2025071704024138,UNHPL,Shree Krishna Securities Ltd.,South Asian Bulls Pvt. Ltd.,250,444.0,111000.0,2025-07-17 13:27:14.854196
2025-07-17,62829,2025071704024139,UNHPL,Shree Krishna Securities Ltd.,Imperial Securities Company Pvt. Ltd.,100,444.0,44400.0,2025-07-17 13:27:14.854282
2025-07-17,62828,2025071704024140,UNHPL,Shree Krishna Securities Ltd.,Sagarmatha Securities Private Limited,2000,444.7,889400.0,2025-07-17 13:27:14.854368
2025-07-17,62827,2025071704024141,UNHPL,Shree Krishna Securities Ltd.,Dipshikha Dhitopatra Karobar Co. Pvt Ltd.,1000,445.0,445000.0,2025-07-17 13:27:14.854447
2025-07-17,62826,2025071704024142,UNHPL,Shree Krishna Securities Ltd.,Nepal Stock House (PVT) Ltd.,50,445.0,22250.0,2025-07-17 13:27:14.854526
2025-07-17,62825,2025071704024143,UNHPL,Shree Krishna Securities Ltd.,Miyo Securities Pvt Ltd,13,445.0,5785.0,2025-07-17 13:27:14.854615
2025-07-17,62824,2025071704024144,UNHPL,Shree Krishna Securities Ltd.,Oxford Securities Pvt. Ltd.,100,445.0,44500.0,2025-07-17 13:27:14.854697
2025-07-17,62823,2025071704024145,UNHPL,Shree Krishna Securities Ltd.,Naasa Securities Co. Ltd.,1500,445.0,667500.0,2025-07-17 13:27:14.854773
2025-07-17,62774,2025071704024156,UNHPL,Capital Max Securities Ltd,Infinity Securities Limited,11,446.0,4906.0,2025-07-17 13:27:22.307147
2025-07-17,62695,2025071704024176,UNHPL,Shree Krishna Securities Ltd.,ABC Securities Private Limited,15,445.0,6675.0,2025-07-17 13:27:31.236137
2025-07-17,62530,2025071704024195,UNHPL,Shree Krishna Securities Ltd.,SHUBHAKAMANA SECURITIES PVT. LTD,22,445.0,9790.0,2025-07-17 13:27:53.378223
2025-07-17,62476,2025071704024219,UNHPL,Kumari Securities Private Limited,SHUBHAKAMANA SECURITIES PVT. LTD,28,445.0,12460.0,2025-07-17 13:27:58.987555
2025-07-17,62475,2025071704024220,UNHPL,Kumari Securities Private Limited,Aryatara Investment & Securities,972,445.9,433414.8,2025-07-17 13:27:58.987797
2025-07-17,62075,2025071704024339,UNHPL,Capital Max Securities Ltd,Linch Stock Market Ltd.,100,441.3,44130.0,2025-07-17 13:28:56.378195
2025-07-17,62074,2025071704024340,UNHPL,SHUBHAKAMANA SECURITIES PVT. LTD,Linch Stock Market Ltd.,850,441.2,375020.0,2025-07-17 13:28:56.378412
2025-07-17,62073,2025071704024341,UNHPL,Nagarik Stock Dealer ,Linch Stock Market Ltd.,18,441.1,7939.8,2025-07-17 13:28:56.378500
2025-07-17,62072,2025071704024342,UNHPL,Stoxkarts Securities Limited,Linch Stock Market Ltd.,92,441.0,40572.0,2025-07-17 13:28:56.378582
2025-07-17,61744,2025071704024402,UNHPL,Shree Krishna Securities Ltd.,Midas Stock Broking Company Private Limited,150,444.9,66735.0,2025-07-17 13:29:41.621452
2025-07-17,61743,2025071704024403,UNHPL,Shree Krishna Securities Ltd.,Deevyaa Securities & Stock House Pvt. Ltd,100,444.9,44490.0,2025-07-17 13:29:41.621676
2025-07-17,61742,2025071704024404,UNHPL,Shree Krishna Securities Ltd.,Sri Hari Securities Pvt. Ltd.,500,444.9,222450.0,2025-07-17 13:29:41.621785
2025-07-17,61741,2025071704024405,UNHPL,Shree Krishna Securities Ltd.,Online Securities Pvt. Ltd.,300,445.0,133500.0,2025-07-17 13:29:41.621868
2025-07-17,61740,2025071704024406,UNHPL,Shree Krishna Securities Ltd.,Imperial Securities Company Pvt. Ltd.,100,445.0,44500.0,2025-07-17 13:29:41.621956
2025-07-17,61739,2025071704024407,UNHPL,Shree Krishna Securities Ltd.,Aryatara Investment & Securities,2028,445.9,904285.2,2025-07-17 13:29:41.622051
2025-07-17,61738,2025071704024408,UNHPL,Shree Krishna Securities Ltd.,Sumeru Securities Pvt. Ltd.,500,445.9,222950.0,2025-07-17 13:29:41.622152
2025-07-17,61544,2025071704024478,UNHPL,Shree Krishna Securities Ltd.,Sumeru Securities Pvt. Ltd.,300,445.9,133770.0,2025-07-17 13:30:04.652027
2025-07-17,61449,2025071704024527,UNHPL,Shree Krishna Securities Ltd.,Sumeru Securities Pvt. Ltd.,22,445.9,9809.8,2025-07-17 13:30:12.690936
2025-07-17,61414,2025071704024531,UNHPL,Midas Stock Broking Company Private Limited,Sumeru Securities Pvt. Ltd.,478,443.9,212184.2,2025-07-17 13:30:21.604058
2025-07-17,61413,2025071704024532,UNHPL,Midas Stock Broking Company Private Limited,Vision Securities Pvt. Ltd,200,445.9,89180.0,2025-07-17 13:30:21.604281
2025-07-17,61412,2025071704024533,UNHPL,Midas Stock Broking Company Private Limited,Infinity Securities Limited,322,446.0,143612.0,2025-07-17 13:30:21.604372
2025-07-17,61116,2025071704024607,UNHPL,Capital Max Securities Ltd,ABC Securities Private Limited,10,445.9,4459.0,2025-07-17 13:30:56.646178
2025-07-17,61115,2025071704024608,UNHPL,Capital Max Securities Ltd,Infinity Securities Limited,167,446.0,74482.0,2025-07-17 13:30:56.646252
2025-07-17,61114,2025071704024609,UNHPL,Capital Max Securities Ltd,Oxford Securities Pvt. Ltd.,106,446.0,47276.0,2025-07-17 13:30:56.646282
2025-07-17,61113,2025071704024610,UNHPL,Capital Max Securities Ltd,Vision Securities Pvt. Ltd,485,446.0,216310.0,2025-07-17 13:30:56.646306
2025-07-17,61112,2025071704024611,UNHPL,Capital Max Securities Ltd,Imperial Securities Company Pvt. Ltd.,200,446.0,89200.0,2025-07-17 13:30:56.646340
2025-07-17,61111,2025071704024612,UNHPL,Capital Max Securities Ltd,Thrive Brokerage House Pvt. Ltd,333,446.0,148518.0,2025-07-17 13:30:56.646391
2025-07-17,61110,2025071704024613,UNHPL,Capital Max Securities Ltd,Oxford Securities Pvt. Ltd.,100,446.0,44600.0,2025-07-17 13:30:56.646426
2025-07-17,61109,2025071704024614,UNHPL,Capital Max Securities Ltd,Nepal Stock House (PVT) Ltd.,50,446.0,22300.0,2025-07-17 13:30:56.646450
2025-07-17,61108,2025071704024615,UNHPL,Capital Max Securities Ltd,Infinity Securities Limited,111,446.9,49605.9,2025-07-17 13:30:56.646474
2025-07-17,61107,2025071704024616,UNHPL,Capital Max Securities Ltd,SHUBHAKAMANA SECURITIES PVT. LTD,1930,447.0,862710.0,2025-07-17 13:30:56.646498
2025-07-17,61106,2025071704024617,UNHPL,Capital Max Securities Ltd,Deevyaa Securities & Stock House Pvt. Ltd,200,447.0,89400.0,2025-07-17 13:30:56.646524
2025-07-17,61105,2025071704024618,UNHPL,Capital Max Securities Ltd,J.F. Securites (PVT) Ltd.,500,447.0,223500.0,2025-07-17 13:30:56.646544
2025-07-17,61104,2025071704024619,UNHPL,Capital Max Securities Ltd,Kumari Securities Private Limited,200,447.0,89400.0,2025-07-17 13:30:56.646565
2025-07-17,61103,2025071704024620,UNHPL,Capital Max Securities Ltd,Agrawal Securities (PVT) Ltd.,1000,448.0,448000.0,2025-07-17 13:30:56.646589
2025-07-17,61102,2025071704024621,UNHPL,Capital Max Securities Ltd,Shree Krishna Securities Ltd.,595,448.0,266560.0,2025-07-17 13:30:56.646609
2025-07-17,61101,2025071704024622,UNHPL,Capital Max Securities Ltd,Naasa Securities Co. Ltd.,370,448.0,165760.0,2025-07-17 13:30:56.646629
2025-07-17,61100,2025071704024623,UNHPL,Capital Max Securities Ltd,Hatemalo Financial Services Private Limited,2000,448.7,897400.0,2025-07-17 13:30:56.646657
2025-07-17,61099,2025071704024624,UNHPL,Capital Max Securities Ltd,Dakshinkali Investment & Securities Pvt. Ltd.,1000,449.0,449000.0,2025-07-17 13:30:56.646677
2025-07-17,61098,2025071704024625,UNHPL,Capital Max Securities Ltd,Citizens Share Broker Limited,643,449.0,288707.0,2025-07-17 13:30:56.646702
2025-07-17,61012,2025071704024645,UNHPL,SUN SECURITIES PVT LTD,ABC Securities Private Limited,50,445.5,22275.0,2025-07-17 13:31:12.366446
2025-07-17,60784,2025071704024720,UNHPL,Shree Krishna Securities Ltd.,Citizens Share Broker Limited,77,449.0,34573.0,2025-07-17 13:31:28.233677
2025-07-17,60783,2025071704024721,UNHPL,Shree Krishna Securities Ltd.,Online Securities Pvt. Ltd.,1000,449.0,449000.0,2025-07-17 13:31:28.233935
2025-07-17,60782,2025071704024722,UNHPL,Shree Krishna Securities Ltd.,Infinity Securities Limited,100,449.9,44990.0,2025-07-17 13:31:28.234020
2025-07-17,60781,2025071704024723,UNHPL,Shree Krishna Securities Ltd.,Premier Securities Company Ltd.,25,449.9,11247.5,2025-07-17 13:31:28.234124
2025-07-17,60780,2025071704024724,UNHPL,Shree Krishna Securities Ltd.,SHUBHAKAMANA SECURITIES PVT. LTD,798,450.0,359100.0,2025-07-17 13:31:28.234198
2025-07-17,60741,2025071704024736,UNHPL,SUN SECURITIES PVT LTD,Trishakti Securities Public Limited,200,446.0,89200.0,2025-07-17 13:31:35.918870
2025-07-17,60668,2025071704024752,UNHPL,Kumari Securities Private Limited,Himalayan Brokerage Company Limited,1000,449.0,449000.0,2025-07-17 13:31:44.263613
2025-07-17,60598,2025071704024763,UNHPL,Himalayan Securities Limited,Himalayan Brokerage Company Limited,1000,449.0,449000.0,2025-07-17 13:31:53.462949
2025-07-17,60597,2025071704024764,UNHPL,Himalayan Securities Limited,Sweta Securities Private Limited,500,449.9,224950.0,2025-07-17 13:31:53.463149
2025-07-17,60596,2025071704024765,UNHPL,Himalayan Securities Limited,SHUBHAKAMANA SECURITIES PVT. LTD,702,450.0,315900.0,2025-07-17 13:31:53.463225
2025-07-17,60595,2025071704024766,UNHPL,Himalayan Securities Limited,Online Securities Pvt. Ltd.,100,450.0,45000.0,2025-07-17 13:31:53.463298
2025-07-17,60594,2025071704024767,UNHPL,Himalayan Securities Limited,Sani Securities Company Ltd.,200,450.0,90000.0,2025-07-17 13:31:53.463384
2025-07-17,60593,2025071704024768,UNHPL,Himalayan Securities Limited,Nagarik Stock Dealer ,500,450.0,225000.0,2025-07-17 13:31:53.463453
2025-07-17,60592,2025071704024769,UNHPL,Himalayan Securities Limited,Kohinoor Investment & Securities Pvt. Ltd.,93,450.0,41850.0,2025-07-17 13:31:53.463524
2025-07-17,60591,2025071704024770,UNHPL,Himalayan Securities Limited,Sundhara Securities Limited,100,450.0,45000.0,2025-07-17 13:31:53.463590
2025-07-17,60590,2025071704024771,UNHPL,Himalayan Securities Limited,Linch Stock Market Ltd.,100,450.0,45000.0,2025-07-17 13:31:53.463659
2025-07-17,60589,2025071704024772,UNHPL,Himalayan Securities Limited,Siprabi Securities Pvt. Ltd.,115,450.0,51750.0,2025-07-17 13:31:53.463726
2025-07-17,60588,2025071704024773,UNHPL,Himalayan Securities Limited,Sundhara Securities Limited,1000,450.0,450000.0,2025-07-17 13:31:53.463795
2025-07-17,60587,2025071704024774,UNHPL,Himalayan Securities Limited,Asian Securities Private Ltd.,1100,450.0,495000.0,2025-07-17 13:31:53.463863
2025-07-17,60586,2025071704024775,UNHPL,Himalayan Securities Limited,Midas Stock Broking Company Private Limited,850,450.0,382500.0,2025-07-17 13:31:53.463930
2025-07-17,60585,2025071704024776,UNHPL,Himalayan Securities Limited,Naasa Securities Co. Ltd.,200,450.0,90000.0,2025-07-17 13:31:53.463997
2025-07-17,60584,2025071704024777,UNHPL,Himalayan Securities Limited,Capital Max Securities Ltd,100,450.0,45000.0,2025-07-17 13:31:53.464063
2025-07-17,60583,2025071704024778,UNHPL,Himalayan Securities Limited,Vision Securities Pvt. Ltd,300,450.0,135000.0,2025-07-17 13:31:53.464130
2025-07-17,60582,2025071704024779,UNHPL,Himalayan Securities Limited,Sani Securities Company Ltd.,475,450.0,213750.0,2025-07-17 13:31:53.464191
2025-07-17,60581,2025071704024780,UNHPL,Himalayan Securities Limited,BHOLE GANESH SECURITIES LTD,150,450.0,67500.0,2025-07-17 13:31:53.464252
2025-07-17,60580,2025071704024781,UNHPL,Himalayan Securities Limited,Sani Securities Company Ltd.,1000,450.0,450000.0,2025-07-17 13:31:53.464327
2025-07-17,60527,2025071704024805,UNHPL,Himalayan Securities Limited,Creative Securities Pvt Ltd,400,450.0,180000.0,2025-07-17 13:31:58.131399
2025-07-17,60521,2025071704024806,UNHPL,Himalayan Securities Limited,Vision Securities Pvt. Ltd,400,450.0,180000.0,2025-07-17 13:32:00.251227
2025-07-17,60474,2025071704024821,UNHPL,Himalayan Securities Limited,Kohinoor Investment & Securities Pvt. Ltd.,500,450.0,225000.0,2025-07-17 13:32:01.751954
2025-07-17,60472,2025071704024822,UNHPL,Himalayan Securities Limited,Dynamic Money Managers Securities Pvt. Ltd.,115,450.0,51750.0,2025-07-17 13:32:01.784113
2025-07-17,60417,2025071704024848,UNHPL,Sumeru Securities Pvt. Ltd.,Dynamic Money Managers Securities Pvt. Ltd.,100,448.0,44800.0,2025-07-17 13:32:08.492186
2025-07-17,60253,2025071704024864,UNHPL,SUN SECURITIES PVT LTD,Dynamic Money Managers Securities Pvt. Ltd.,50,448.0,22400.0,2025-07-17 13:32:23.623238
2025-07-17,59461,2025071704025076,UNHPL,Miyo Securities Pvt Ltd,Citizens Share Broker Limited,500,447.0,223500.0,2025-07-17 13:33:57.470367
2025-07-17,59460,2025071704025077,UNHPL,Miyo Securities Pvt Ltd,Agrawal Securities (PVT) Ltd.,200,447.9,89580.0,2025-07-17 13:33:57.470731
2025-07-17,59459,2025071704025078,UNHPL,Miyo Securities Pvt Ltd,Sumeru Securities Pvt. Ltd.,100,447.9,44790.0,2025-07-17 13:33:57.471030
2025-07-17,59458,2025071704025079,UNHPL,Miyo Securities Pvt Ltd,Naasa Securities Co. Ltd.,200,447.9,89580.0,2025-07-17 13:33:57.471275
2025-07-17,59304,2025071704025104,UNHPL,Himalayan Securities Limited,Naasa Securities Co. Ltd.,800,447.9,358320.0,2025-07-17 13:34:14.058211
2025-07-17,59303,2025071704025105,UNHPL,Himalayan Securities Limited,Dynamic Money Managers Securities Pvt. Ltd.,735,448.0,329280.0,2025-07-17 13:34:14.058413
2025-07-17,59302,2025071704025106,UNHPL,Himalayan Securities Limited,Kohinoor Investment & Securities Pvt. Ltd.,150,448.0,67200.0,2025-07-17 13:34:14.058485
2025-07-17,59301,2025071704025107,UNHPL,Himalayan Securities Limited,Online Securities Pvt. Ltd.,1000,448.0,448000.0,2025-07-17 13:34:14.058558
2025-07-17,59300,2025071704025108,UNHPL,Himalayan Securities Limited,Deevyaa Securities & Stock House Pvt. Ltd,65,448.9,29178.5,2025-07-17 13:34:14.058631
2025-07-17,59299,2025071704025109,UNHPL,Himalayan Securities Limited,Kohinoor Investment & Securities Pvt. Ltd.,300,448.9,134670.0,2025-07-17 13:34:14.058701
2025-07-17,59298,2025071704025110,UNHPL,Himalayan Securities Limited,Dipshikha Dhitopatra Karobar Co. Pvt Ltd.,200,449.0,89800.0,2025-07-17 13:34:14.058771
2025-07-17,59297,2025071704025111,UNHPL,Himalayan Securities Limited,Dipshikha Dhitopatra Karobar Co. Pvt Ltd.,500,449.9,224950.0,2025-07-17 13:34:14.058841
2025-07-17,59296,2025071704025112,UNHPL,Himalayan Securities Limited,MILKY WAY SHARE BROKER COMPANY LTD ,400,449.9,179960.0,2025-07-17 13:34:14.058911
2025-07-17,59295,2025071704025113,UNHPL,Himalayan Securities Limited,Trishakti Securities Public Limited,800,450.0,360000.0,2025-07-17 13:34:14.058982
2025-07-17,59294,2025071704025114,UNHPL,Himalayan Securities Limited,Sumeru Securities Pvt. Ltd.,400,450.0,180000.0,2025-07-17 13:34:14.059051
2025-07-17,59293,2025071704025115,UNHPL,Himalayan Securities Limited,Sumeru Securities Pvt. Ltd.,500,450.0,225000.0,2025-07-17 13:34:14.059144
2025-07-17,59292,2025071704025116,UNHPL,Himalayan Securities Limited,Sundhara Securities Limited,150,450.0,67500.0,2025-07-17 13:34:14.059223
2025-07-17,59181,2025071704025157,UNHPL,Nepal Investment And Securities Trading Private Limited,Dipshikha Dhitopatra Karobar Co. Pvt Ltd.,87,448.0,38976.0,2025-07-17 13:34:30.911798
2025-07-17,59165,2025071704025160,UNHPL,Capital Max Securities Ltd,Dakshinkali Investment & Securities Pvt. Ltd.,50,449.9,22495.0,2025-07-17 13:34:33.062136
2025-07-17,59164,2025071704025161,UNHPL,Capital Max Securities Ltd,Sundhara Securities Limited,450,450.0,202500.0,2025-07-17 13:34:33.062198
2025-07-17,59163,2025071704025162,UNHPL,Capital Max Securities Ltd,ABC Securities Private Limited,50,450.0,22500.0,2025-07-17 13:34:33.062221
2025-07-17,59162,2025071704025163,UNHPL,Capital Max Securities Ltd,Imperial Securities Company Pvt. Ltd.,100,450.0,45000.0,2025-07-17 13:34:33.062243
2025-07-17,59161,2025071704025164,UNHPL,Capital Max Securities Ltd,Deevyaa Securities & Stock House Pvt. Ltd,350,450.0,157500.0,2025-07-17 13:34:33.062270
2025-07-17,59070,2025071704025185,UNHPL,Miyo Securities Pvt Ltd,SHUBHAKAMANA SECURITIES PVT. LTD,500,449.9,224950.0,2025-07-17 13:34:41.604717
2025-07-17,58551,2025071704025312,UNHPL,Nepal Investment And Securities Trading Private Limited,Dakshinkali Investment & Securities Pvt. Ltd.,90,448.0,40320.0,2025-07-17 13:35:41.183585
2025-07-17,58529,2025071704025324,UNHPL,Nepal Investment And Securities Trading Private Limited,Vision Securities Pvt. Ltd,200,448.0,89600.0,2025-07-17 13:35:45.455775
2025-07-17,58317,2025071704025373,UNHPL,Imperial Securities Company Pvt. Ltd.,Sumeru Securities Pvt. Ltd.,1000,448.1,448100.0,2025-07-17 13:36:13.255567
2025-07-17,58243,2025071704025396,UNHPL,Imperial Securities Company Pvt. Ltd.,Sumeru Securities Pvt. Ltd.,1000,448.1,448100.0,2025-07-17 13:36:21.303328
2025-07-17,58080,2025071704025427,UNHPL,SHUBHAKAMANA SECURITIES PVT. LTD,Naasa Securities Co. Ltd.,500,449.9,224950.0,2025-07-17 13:36:37.133599
2025-07-17,58079,2025071704025428,UNHPL,SHUBHAKAMANA SECURITIES PVT. LTD,ABC Securities Private Limited,100,449.9,44990.0,2025-07-17 13:36:37.133657
2025-07-17,58078,2025071704025429,UNHPL,SHUBHAKAMANA SECURITIES PVT. LTD,J.F. Securites (PVT) Ltd.,100,449.9,44990.0,2025-07-17 13:36:37.133677
2025-07-17,58077,2025071704025430,UNHPL,SHUBHAKAMANA SECURITIES PVT. LTD,Deevyaa Securities & Stock House Pvt. Ltd,150,450.0,67500.0,2025-07-17 13:36:37.133700
2025-07-17,58076,2025071704025431,UNHPL,SHUBHAKAMANA SECURITIES PVT. LTD,Aakashbhairab Securities Ltd.,150,450.0,67500.0,2025-07-17 13:36:37.133726
2025-07-17,57890,2025071704025496,UNHPL,Imperial Securities Company Pvt. Ltd.,Cristal Kanchanjanga Securites Pvt. Ltd.,1000,448.1,448100.0,2025-07-17 13:36:59.783732
2025-07-17,57568,2025071704025556,UNHPL,Stoxkarts Securities Limited,Aakashbhairab Securities Ltd.,850,450.0,382500.0,2025-07-17 13:37:24.733914
2025-07-17,57567,2025071704025557,UNHPL,Stoxkarts Securities Limited,Kohinoor Investment & Securities Pvt. Ltd.,150,450.0,67500.0,2025-07-17 13:37:24.733978
2025-07-17,57566,2025071704025558,UNHPL,Stoxkarts Securities Limited,Creative Securities Pvt Ltd,500,450.0,225000.0,2025-07-17 13:37:24.734004
