contractId,stockSymbol,buyerMemberId,sellerMemberId,quantity,rate,amount,businessDate,tradeBookId,stockId,buyerBrokerName,sellerBrokerName,transaction_time,securityName
2026041304000016,AKJCL,58,26,60,406.0,24360.0,2026-04-13,186082508,2788,Naasa Securities Co. Ltd.,Asian Securities Private Ltd.,2026-04-13 10:46:00.043594,Ankhu Khola Jalvidhyut Company Ltd
2026041304000042,AKJCL,64,46,100,405.9,40590.0,2026-04-13,186082905,2788,SUN SECURITIES PVT LTD,Kalika Securities Pvt. Ltd.,2026-04-13 11:00:29.077452,Ankhu Khola Jalvidhyut Company Ltd
2026041304000043,AKJCL,64,26,400,406.0,162400.0,2026-04-13,186082908,2788,SUN SECURITIES PVT LTD,Asian Securities Private Ltd.,2026-04-13 11:00:29.077520,Ankhu Khola Jalvidhyut Company Ltd
2026041304000052,AKJCL,52,26,40,406.0,16240.0,2026-04-13,186083069,2788,Sundhara Securities Limited,Asian Securities Private Ltd.,2026-04-13 11:00:43.806152,Ankhu Khola Jalvidhyut Company Ltd
2026041304000150,AKJCL,49,34,50,409.8,20490.0,2026-04-13,186084243,2788,Online Securities Pvt. Ltd.,Vision Securities Pvt. Ltd,2026-04-13 11:01:40.510294,Ankhu Khola Jalvidhyut Company Ltd
2026041304000151,AKJCL,49,44,500,409.9,204950.0,2026-04-13,186084245,2788,Online Securities Pvt. Ltd.,Dynamic Money Managers Securities Pvt. Ltd.,2026-04-13 11:01:40.510404,Ankhu Khola Jalvidhyut Company Ltd
2026041304000152,AKJCL,49,45,300,410.0,123000.0,2026-04-13,186084247,2788,Online Securities Pvt. Ltd.,Imperial Securities Company Pvt. Ltd.,2026-04-13 11:01:40.510455,Ankhu Khola Jalvidhyut Company Ltd
2026041304000153,AKJCL,49,14,150,411.0,61650.0,2026-04-13,186084250,2788,Online Securities Pvt. Ltd.,Nepal Stock House (PVT) Ltd.,2026-04-13 11:01:40.510484,Ankhu Khola Jalvidhyut Company Ltd
2026041304000195,AKJCL,52,46,20,406.0,8120.0,2026-04-13,186084883,2788,Sundhara Securities Limited,Kalika Securities Pvt. Ltd.,2026-04-13 11:02:13.538782,Ankhu Khola Jalvidhyut Company Ltd
2026041304000287,AKJCL,36,43,110,408.9,44979.0,2026-04-13,186086458,2788,Secured Securities Ltd.,South Asian Bulls Pvt. Ltd.,2026-04-13 11:03:33.537661,Ankhu Khola Jalvidhyut Company Ltd
2026041304000303,AKJCL,59,62,10,401.2,4012.0,2026-04-13,186086639,2788,Deevyaa Securities & Stock House Pvt. Ltd,Capital Max Securities Ltd,2026-04-13 11:03:45.611472,Ankhu Khola Jalvidhyut Company Ltd
2026041304000351,AKJCL,59,58,10,401.2,4012.0,2026-04-13,186087023,2788,Deevyaa Securities & Stock House Pvt. Ltd,Naasa Securities Co. Ltd.,2026-04-13 11:04:10.643551,Ankhu Khola Jalvidhyut Company Ltd
2026041304000384,AKJCL,35,45,2500,401.5,1003750.0,2026-04-13,186087640,2788,Kohinoor Investment & Securities Pvt. Ltd.,Imperial Securities Company Pvt. Ltd.,2026-04-13 11:04:39.710631,Ankhu Khola Jalvidhyut Company Ltd
2026041304000385,AKJCL,87,45,1000,401.3,401300.0,2026-04-13,186087642,2788,S.P.S.A. Securities Limited,Imperial Securities Company Pvt. Ltd.,2026-04-13 11:04:39.710715,Ankhu Khola Jalvidhyut Company Ltd
2026041304000386,AKJCL,59,45,180,401.2,72216.0,2026-04-13,186087644,2788,Deevyaa Securities & Stock House Pvt. Ltd,Imperial Securities Company Pvt. Ltd.,2026-04-13 11:04:39.710776,Ankhu Khola Jalvidhyut Company Ltd
2026041304000387,AKJCL,58,45,100,401.2,40120.0,2026-04-13,186087646,2788,Naasa Securities Co. Ltd.,Imperial Securities Company Pvt. Ltd.,2026-04-13 11:04:39.710816,Ankhu Khola Jalvidhyut Company Ltd
2026041304000388,AKJCL,38,45,500,401.2,200600.0,2026-04-13,186087648,2788,Dipshikha Dhitopatra Karobar Co. Pvt Ltd.,Imperial Securities Company Pvt. Ltd.,2026-04-13 11:04:39.710854,Ankhu Khola Jalvidhyut Company Ltd
2026041304000389,AKJCL,94,45,720,401.1,288792.0,2026-04-13,186087649,2788,K.B.L. Securities Limited ,Imperial Securities Company Pvt. Ltd.,2026-04-13 11:04:39.710891,Ankhu Khola Jalvidhyut Company Ltd
2026041304000521,AKJCL,36,80,50,407.9,20395.0,2026-04-13,186089366,2788,Secured Securities Ltd.,Indira securities pvt. ltd,2026-04-13 11:06:01.370953,Ankhu Khola Jalvidhyut Company Ltd
2026041304000530,AKJCL,22,41,52,404.0,21008.0,2026-04-13,186089581,2788,Siprabi Securities Pvt. Ltd.,Linch Stock Market Ltd.,2026-04-13 11:06:09.307274,Ankhu Khola Jalvidhyut Company Ltd
2026041304000637,AKJCL,36,92,500,407.8,203900.0,2026-04-13,186090952,2788,Secured Securities Ltd.,Roadshow securities limited,2026-04-13 11:07:25.321493,Ankhu Khola Jalvidhyut Company Ltd
2026041304000675,AKJCL,36,80,150,407.9,61185.0,2026-04-13,186091572,2788,Secured Securities Ltd.,Indira securities pvt. ltd,2026-04-13 11:08:01.073080,Ankhu Khola Jalvidhyut Company Ltd
2026041304000702,AKJCL,64,10,500,407.8,203900.0,2026-04-13,186091992,2788,SUN SECURITIES PVT LTD,Pragyan Securities (PVT) Ltd.,2026-04-13 11:08:22.918070,Ankhu Khola Jalvidhyut Company Ltd
2026041304000706,AKJCL,38,44,1500,405.3,607950.0,2026-04-13,186092039,2788,Dipshikha Dhitopatra Karobar Co. Pvt Ltd.,Dynamic Money Managers Securities Pvt. Ltd.,2026-04-13 11:08:25.581016,Ankhu Khola Jalvidhyut Company Ltd
2026041304000777,AKJCL,57,10,10,407.8,4078.0,2026-04-13,186093838,2788,Aryatara Investment & Securities,Pragyan Securities (PVT) Ltd.,2026-04-13 11:09:05.024209,Ankhu Khola Jalvidhyut Company Ltd
2026041304000851,AKJCL,36,44,689,407.6,280836.4,2026-04-13,186094436,2788,Secured Securities Ltd.,Dynamic Money Managers Securities Pvt. Ltd.,2026-04-13 11:09:37.933361,Ankhu Khola Jalvidhyut Company Ltd
2026041304000857,AKJCL,52,32,40,405.5,16220.0,2026-04-13,186094560,2788,Sundhara Securities Limited,Premier Securities Company Ltd.,2026-04-13 11:09:44.002169,Ankhu Khola Jalvidhyut Company Ltd
2026041304000858,AKJCL,94,32,280,405.4,113512.0,2026-04-13,186094562,2788,K.B.L. Securities Limited ,Premier Securities Company Ltd.,2026-04-13 11:09:44.002269,Ankhu Khola Jalvidhyut Company Ltd
2026041304000859,AKJCL,64,32,1000,405.4,405400.0,2026-04-13,186094564,2788,SUN SECURITIES PVT LTD,Premier Securities Company Ltd.,2026-04-13 11:09:44.002379,Ankhu Khola Jalvidhyut Company Ltd
2026041304000860,AKJCL,35,32,100,405.4,40540.0,2026-04-13,186094566,2788,Kohinoor Investment & Securities Pvt. Ltd.,Premier Securities Company Ltd.,2026-04-13 11:09:44.002454,Ankhu Khola Jalvidhyut Company Ltd
2026041304000861,AKJCL,38,32,580,405.3,235074.0,2026-04-13,186094567,2788,Dipshikha Dhitopatra Karobar Co. Pvt Ltd.,Premier Securities Company Ltd.,2026-04-13 11:09:44.002528,Ankhu Khola Jalvidhyut Company Ltd
2026041304000931,AKJCL,22,62,500,406.0,203000.0,2026-04-13,186095179,2788,Siprabi Securities Pvt. Ltd.,Capital Max Securities Ltd,2026-04-13 11:10:10.618294,Ankhu Khola Jalvidhyut Company Ltd
2026041304000954,AKJCL,22,44,11,406.0,4466.0,2026-04-13,186095389,2788,Siprabi Securities Pvt. Ltd.,Dynamic Money Managers Securities Pvt. Ltd.,2026-04-13 11:10:21.927437,Ankhu Khola Jalvidhyut Company Ltd
2026041304000978,AKJCL,22,48,100,406.0,40600.0,2026-04-13,186095883,2788,Siprabi Securities Pvt. Ltd.,Trishakti Securities Public Limited,2026-04-13 11:10:40.557466,Ankhu Khola Jalvidhyut Company Ltd
2026041304000983,AKJCL,22,44,300,406.0,121800.0,2026-04-13,186095931,2788,Siprabi Securities Pvt. Ltd.,Dynamic Money Managers Securities Pvt. Ltd.,2026-04-13 11:10:43.592586,Ankhu Khola Jalvidhyut Company Ltd
2026041304001071,AKJCL,22,41,37,407.5,15077.5,2026-04-13,186096936,2788,Siprabi Securities Pvt. Ltd.,Linch Stock Market Ltd.,2026-04-13 11:11:33.656232,Ankhu Khola Jalvidhyut Company Ltd
2026041304001272,AKJCL,22,32,250,406.0,101500.0,2026-04-13,186100050,2788,Siprabi Securities Pvt. Ltd.,Premier Securities Company Ltd.,2026-04-13 11:14:27.226754,Ankhu Khola Jalvidhyut Company Ltd
2026041304001273,AKJCL,56,32,96,405.4,38918.4,2026-04-13,186100052,2788,Sri Hari Securities Pvt. Ltd.,Premier Securities Company Ltd.,2026-04-13 11:14:27.226821,Ankhu Khola Jalvidhyut Company Ltd
2026041304001274,AKJCL,42,32,654,404.6,264608.4,2026-04-13,186100053,2788,Sani Securities Company Ltd.,Premier Securities Company Ltd.,2026-04-13 11:14:27.226847,Ankhu Khola Jalvidhyut Company Ltd
2026041304001289,AKJCL,42,96,346,404.6,139991.6,2026-04-13,186100274,2788,Sani Securities Company Ltd.,Himalayan Securities Limited,2026-04-13 11:14:40.104141,Ankhu Khola Jalvidhyut Company Ltd
2026041304001290,AKJCL,46,96,154,404.6,62308.4,2026-04-13,186100275,2788,Kalika Securities Pvt. Ltd.,Himalayan Securities Limited,2026-04-13 11:14:40.104518,Ankhu Khola Jalvidhyut Company Ltd
2026041304001318,AKJCL,46,34,246,404.6,99531.6,2026-04-13,186100686,2788,Kalika Securities Pvt. Ltd.,Vision Securities Pvt. Ltd,2026-04-13 11:14:58.066433,Ankhu Khola Jalvidhyut Company Ltd
2026041304001350,AKJCL,99,34,104,404.6,42078.4,2026-04-13,186101019,2788,Prabhu Stock Market Limited,Vision Securities Pvt. Ltd,2026-04-13 11:15:21.731068,Ankhu Khola Jalvidhyut Company Ltd
2026041304001411,AKJCL,94,33,10,404.7,4047.0,2026-04-13,186101573,2788,K.B.L. Securities Limited ,Dakshinkali Investment & Securities Pvt. Ltd.,2026-04-13 11:15:54.622882,Ankhu Khola Jalvidhyut Company Ltd
2026041304001636,AKJCL,64,41,18,406.9,7324.2,2026-04-13,186103550,2788,SUN SECURITIES PVT LTD,Linch Stock Market Ltd.,2026-04-13 11:17:42.911793,Ankhu Khola Jalvidhyut Company Ltd
2026041304001767,AKJCL,1,64,200,406.0,81200.0,2026-04-13,186104342,2788,Kumari Securities Private Limited,SUN SECURITIES PVT LTD,2026-04-13 11:18:26.655981,Ankhu Khola Jalvidhyut Company Ltd
2026041304001768,AKJCL,57,64,100,406.0,40600.0,2026-04-13,186104344,2788,Aryatara Investment & Securities,SUN SECURITIES PVT LTD,2026-04-13 11:18:26.656105,Ankhu Khola Jalvidhyut Company Ltd
2026041304001769,AKJCL,3,64,1000,405.1,405100.0,2026-04-13,186104346,2788,Arun Securities (PVT) Ltd.,SUN SECURITIES PVT LTD,2026-04-13 11:18:26.656134,Ankhu Khola Jalvidhyut Company Ltd
2026041304001770,AKJCL,38,64,3000,405.0,1215000.0,2026-04-13,186104348,2788,Dipshikha Dhitopatra Karobar Co. Pvt Ltd.,SUN SECURITIES PVT LTD,2026-04-13 11:18:26.656159,Ankhu Khola Jalvidhyut Company Ltd
2026041304001771,AKJCL,38,64,2700,405.0,1093500.0,2026-04-13,186104349,2788,Dipshikha Dhitopatra Karobar Co. Pvt Ltd.,SUN SECURITIES PVT LTD,2026-04-13 11:18:26.656183,Ankhu Khola Jalvidhyut Company Ltd
2026041304001958,AKJCL,38,33,150,405.0,60750.0,2026-04-13,186105883,2788,Dipshikha Dhitopatra Karobar Co. Pvt Ltd.,Dakshinkali Investment & Securities Pvt. Ltd.,2026-04-13 11:20:04.065515,Ankhu Khola Jalvidhyut Company Ltd
2026041304002247,AKJCL,64,41,70,406.0,28420.0,2026-04-13,186108299,2788,SUN SECURITIES PVT LTD,Linch Stock Market Ltd.,2026-04-13 11:22:31.483230,Ankhu Khola Jalvidhyut Company Ltd
2026041304002283,AKJCL,64,80,500,406.0,203000.0,2026-04-13,186108691,2788,SUN SECURITIES PVT LTD,Indira securities pvt. ltd,2026-04-13 11:22:56.931454,Ankhu Khola Jalvidhyut Company Ltd
2026041304002381,AKJCL,64,64,1430,406.0,580580.0,2026-04-13,186109340,2788,SUN SECURITIES PVT LTD,SUN SECURITIES PVT LTD,2026-04-13 11:23:42.498823,Ankhu Khola Jalvidhyut Company Ltd
2026041304002382,AKJCL,88,64,3570,406.0,1449420.0,2026-04-13,186109341,2788,Blue Chip Securities Ltd,SUN SECURITIES PVT LTD,2026-04-13 11:23:42.499003,Ankhu Khola Jalvidhyut Company Ltd
2026041304002443,AKJCL,88,21,1430,406.0,580580.0,2026-04-13,186109914,2788,Blue Chip Securities Ltd,Midas Stock Broking Company Private Limited,2026-04-13 11:24:29.123615,Ankhu Khola Jalvidhyut Company Ltd
2026041304002444,AKJCL,64,21,493,406.0,200158.0,2026-04-13,186109916,2788,SUN SECURITIES PVT LTD,Midas Stock Broking Company Private Limited,2026-04-13 11:24:29.123802,Ankhu Khola Jalvidhyut Company Ltd
2026041304002481,AKJCL,50,19,600,405.4,243240.0,2026-04-13,186110296,2788,Cristal Kanchanjanga Securites Pvt. Ltd.,Nepal Investment And Securities Trading Private Limited,2026-04-13 11:24:52.755148,Ankhu Khola Jalvidhyut Company Ltd
2026041304002482,AKJCL,38,19,500,405.2,202600.0,2026-04-13,186110298,2788,Dipshikha Dhitopatra Karobar Co. Pvt Ltd.,Nepal Investment And Securities Trading Private Limited,2026-04-13 11:24:52.755337,Ankhu Khola Jalvidhyut Company Ltd
2026041304002483,AKJCL,68,19,1000,405.2,405200.0,2026-04-13,186110300,2788,Elite Stock House Limited,Nepal Investment And Securities Trading Private Limited,2026-04-13 11:24:52.755438,Ankhu Khola Jalvidhyut Company Ltd
2026041304002484,AKJCL,94,19,500,405.1,202550.0,2026-04-13,186110302,2788,K.B.L. Securities Limited ,Nepal Investment And Securities Trading Private Limited,2026-04-13 11:24:52.755515,Ankhu Khola Jalvidhyut Company Ltd
2026041304002485,AKJCL,38,19,70,405.0,28350.0,2026-04-13,186110304,2788,Dipshikha Dhitopatra Karobar Co. Pvt Ltd.,Nepal Investment And Securities Trading Private Limited,2026-04-13 11:24:52.755589,Ankhu Khola Jalvidhyut Company Ltd
2026041304002486,AKJCL,38,19,200,405.0,81000.0,2026-04-13,186110306,2788,Dipshikha Dhitopatra Karobar Co. Pvt Ltd.,Nepal Investment And Securities Trading Private Limited,2026-04-13 11:24:52.755662,Ankhu Khola Jalvidhyut Company Ltd
2026041304002487,AKJCL,57,19,200,405.0,81000.0,2026-04-13,186110308,2788,Aryatara Investment & Securities,Nepal Investment And Securities Trading Private Limited,2026-04-13 11:24:52.755735,Ankhu Khola Jalvidhyut Company Ltd
2026041304002488,AKJCL,62,19,311,405.0,125955.0,2026-04-13,186110310,2788,Capital Max Securities Ltd,Nepal Investment And Securities Trading Private Limited,2026-04-13 11:24:52.755825,Ankhu Khola Jalvidhyut Company Ltd
2026041304002504,AKJCL,52,96,100,404.8,40480.0,2026-04-13,186110552,2788,Sundhara Securities Limited,Himalayan Securities Limited,2026-04-13 11:25:08.295858,Ankhu Khola Jalvidhyut Company Ltd
2026041304002505,AKJCL,49,96,100,404.7,40470.0,2026-04-13,186110554,2788,Online Securities Pvt. Ltd.,Himalayan Securities Limited,2026-04-13 11:25:08.296060,Ankhu Khola Jalvidhyut Company Ltd
2026041304002506,AKJCL,42,96,500,404.7,202350.0,2026-04-13,186110556,2788,Sani Securities Company Ltd.,Himalayan Securities Limited,2026-04-13 11:25:08.296137,Ankhu Khola Jalvidhyut Company Ltd
2026041304002507,AKJCL,94,96,1990,404.7,805353.0,2026-04-13,186110558,2788,K.B.L. Securities Limited ,Himalayan Securities Limited,2026-04-13 11:25:08.296209,Ankhu Khola Jalvidhyut Company Ltd
2026041304002508,AKJCL,99,96,11896,404.6,4813121.6,2026-04-13,186110560,2788,Prabhu Stock Market Limited,Himalayan Securities Limited,2026-04-13 11:25:08.296280,Ankhu Khola Jalvidhyut Company Ltd
2026041304002509,AKJCL,38,96,5000,404.6,2023000.0,2026-04-13,186110562,2788,Dipshikha Dhitopatra Karobar Co. Pvt Ltd.,Himalayan Securities Limited,2026-04-13 11:25:08.296359,Ankhu Khola Jalvidhyut Company Ltd
2026041304002510,AKJCL,1,96,2000,404.4,808800.0,2026-04-13,186110564,2788,Kumari Securities Private Limited,Himalayan Securities Limited,2026-04-13 11:25:08.296430,Ankhu Khola Jalvidhyut Company Ltd
2026041304002511,AKJCL,59,96,100,404.4,40440.0,2026-04-13,186110566,2788,Deevyaa Securities & Stock House Pvt. Ltd,Himalayan Securities Limited,2026-04-13 11:25:08.296500,Ankhu Khola Jalvidhyut Company Ltd
2026041304002512,AKJCL,62,96,8314,404.2,3360518.8,2026-04-13,186110567,2788,Capital Max Securities Ltd,Himalayan Securities Limited,2026-04-13 11:25:08.296571,Ankhu Khola Jalvidhyut Company Ltd
2026041304002566,AKJCL,62,96,1686,404.2,681481.2,2026-04-13,186111082,2788,Capital Max Securities Ltd,Himalayan Securities Limited,2026-04-13 11:25:41.911832,Ankhu Khola Jalvidhyut Company Ltd
2026041304002567,AKJCL,94,96,603,404.1,243672.3,2026-04-13,186111083,2788,K.B.L. Securities Limited ,Himalayan Securities Limited,2026-04-13 11:25:41.911928,Ankhu Khola Jalvidhyut Company Ltd
2026041304002584,AKJCL,94,100,397,404.1,160427.7,2026-04-13,186111208,2788,K.B.L. Securities Limited ,Sunrise Securities Limited,2026-04-13 11:25:50.733253,Ankhu Khola Jalvidhyut Company Ltd
2026041304002585,AKJCL,25,100,20,404.0,8080.0,2026-04-13,186111210,2788,Sweta Securities Private Limited,Sunrise Securities Limited,2026-04-13 11:25:50.733318,Ankhu Khola Jalvidhyut Company Ltd
2026041304002586,AKJCL,41,100,50,404.0,20200.0,2026-04-13,186111212,2788,Linch Stock Market Ltd.,Sunrise Securities Limited,2026-04-13 11:25:50.733339,Ankhu Khola Jalvidhyut Company Ltd
2026041304002587,AKJCL,68,100,1000,404.0,404000.0,2026-04-13,186111214,2788,Elite Stock House Limited,Sunrise Securities Limited,2026-04-13 11:25:50.733360,Ankhu Khola Jalvidhyut Company Ltd
2026041304002588,AKJCL,14,100,300,403.1,120930.0,2026-04-13,186111216,2788,Nepal Stock House (PVT) Ltd.,Sunrise Securities Limited,2026-04-13 11:25:50.733382,Ankhu Khola Jalvidhyut Company Ltd
2026041304002589,AKJCL,16,100,100,403.0,40300.0,2026-04-13,186111218,2788,Primo Securities (PVT) Ltd.,Sunrise Securities Limited,2026-04-13 11:25:50.733405,Ankhu Khola Jalvidhyut Company Ltd
2026041304002590,AKJCL,57,100,1000,403.0,403000.0,2026-04-13,186111220,2788,Aryatara Investment & Securities,Sunrise Securities Limited,2026-04-13 11:25:50.733425,Ankhu Khola Jalvidhyut Company Ltd
2026041304002591,AKJCL,21,100,1133,402.1,455579.3,2026-04-13,186111221,2788,Midas Stock Broking Company Private Limited,Sunrise Securities Limited,2026-04-13 11:25:50.733460,Ankhu Khola Jalvidhyut Company Ltd
2026041304002626,AKJCL,21,19,867,402.1,348620.7,2026-04-13,186111532,2788,Midas Stock Broking Company Private Limited,Nepal Investment And Securities Trading Private Limited,2026-04-13 11:26:06.037645,Ankhu Khola Jalvidhyut Company Ltd
2026041304002627,AKJCL,33,19,500,402.0,201000.0,2026-04-13,186111534,2788,Dakshinkali Investment & Securities Pvt. Ltd.,Nepal Investment And Securities Trading Private Limited,2026-04-13 11:26:06.037803,Ankhu Khola Jalvidhyut Company Ltd
2026041304002628,AKJCL,58,19,2000,402.0,804000.0,2026-04-13,186111536,2788,Naasa Securities Co. Ltd.,Nepal Investment And Securities Trading Private Limited,2026-04-13 11:26:06.037876,Ankhu Khola Jalvidhyut Company Ltd
2026041304002657,AKJCL,21,19,2000,401.9,803800.0,2026-04-13,186111838,2788,Midas Stock Broking Company Private Limited,Nepal Investment And Securities Trading Private Limited,2026-04-13 11:26:25.568959,Ankhu Khola Jalvidhyut Company Ltd
2026041304002658,AKJCL,81,19,700,401.8,281260.0,2026-04-13,186111840,2788,Aakashbhairab Securities Ltd.,Nepal Investment And Securities Trading Private Limited,2026-04-13 11:26:25.569143,Ankhu Khola Jalvidhyut Company Ltd
2026041304002659,AKJCL,47,19,1000,401.7,401700.0,2026-04-13,186111842,2788,Neev Securities Pvt. Ltd.,Nepal Investment And Securities Trading Private Limited,2026-04-13 11:26:25.569213,Ankhu Khola Jalvidhyut Company Ltd
2026041304002660,AKJCL,38,19,1000,401.6,401600.0,2026-04-13,186111844,2788,Dipshikha Dhitopatra Karobar Co. Pvt Ltd.,Nepal Investment And Securities Trading Private Limited,2026-04-13 11:26:25.569282,Ankhu Khola Jalvidhyut Company Ltd
2026041304002661,AKJCL,63,19,300,401.5,120450.0,2026-04-13,186111845,2788,Himalayan Brokerage Company Limited,Nepal Investment And Securities Trading Private Limited,2026-04-13 11:26:25.569358,Ankhu Khola Jalvidhyut Company Ltd
2026041304002737,AKJCL,91,61,200,404.3,80860.0,2026-04-13,186112487,2788,Citizens Share Broker Limited,BHOLE GANESH SECURITIES LTD,2026-04-13 11:26:57.807994,Ankhu Khola Jalvidhyut Company Ltd
2026041304002745,AKJCL,94,50,1375,402.0,552750.0,2026-04-13,186112601,2788,K.B.L. Securities Limited ,Cristal Kanchanjanga Securites Pvt. Ltd.,2026-04-13 11:27:05.045902,Ankhu Khola Jalvidhyut Company Ltd
2026041304002807,AKJCL,94,19,625,402.0,251250.0,2026-04-13,186112980,2788,K.B.L. Securities Limited ,Nepal Investment And Securities Trading Private Limited,2026-04-13 11:27:27.021701,Ankhu Khola Jalvidhyut Company Ltd
2026041304002808,AKJCL,58,19,120,402.0,48240.0,2026-04-13,186112982,2788,Naasa Securities Co. Ltd.,Nepal Investment And Securities Trading Private Limited,2026-04-13 11:27:27.021890,Ankhu Khola Jalvidhyut Company Ltd
2026041304002809,AKJCL,11,19,500,402.0,201000.0,2026-04-13,186112984,2788,Malla & Malla Stock Broking Company Pvt. Limited,Nepal Investment And Securities Trading Private Limited,2026-04-13 11:27:27.021969,Ankhu Khola Jalvidhyut Company Ltd
2026041304002810,AKJCL,99,19,3755,402.0,1509510.0,2026-04-13,186112985,2788,Prabhu Stock Market Limited,Nepal Investment And Securities Trading Private Limited,2026-04-13 11:27:27.022043,Ankhu Khola Jalvidhyut Company Ltd
2026041304002922,AKJCL,50,42,40,402.2,16088.0,2026-04-13,186114138,2788,Cristal Kanchanjanga Securites Pvt. Ltd.,Sani Securities Company Ltd.,2026-04-13 11:28:44.986706,Ankhu Khola Jalvidhyut Company Ltd
2026041304002923,AKJCL,41,42,100,402.2,40220.0,2026-04-13,186114140,2788,Linch Stock Market Ltd.,Sani Securities Company Ltd.,2026-04-13 11:28:44.987050,Ankhu Khola Jalvidhyut Company Ltd
2026041304002924,AKJCL,42,42,60,402.1,24126.0,2026-04-13,186114141,2788,Sani Securities Company Ltd.,Sani Securities Company Ltd.,2026-04-13 11:28:44.987284,Ankhu Khola Jalvidhyut Company Ltd
2026041304002984,AKJCL,42,46,30,402.1,12063.0,2026-04-13,186114647,2788,Sani Securities Company Ltd.,Kalika Securities Pvt. Ltd.,2026-04-13 11:29:18.241634,Ankhu Khola Jalvidhyut Company Ltd
2026041304003011,AKJCL,16,40,11,403.0,4433.0,2026-04-13,186114881,2788,Primo Securities (PVT) Ltd.,Creative Securities Pvt Ltd,2026-04-13 11:29:32.453310,Ankhu Khola Jalvidhyut Company Ltd
2026041304003012,AKJCL,16,32,10,403.9,4039.0,2026-04-13,186114883,2788,Primo Securities (PVT) Ltd.,Premier Securities Company Ltd.,2026-04-13 11:29:32.453532,Ankhu Khola Jalvidhyut Company Ltd
2026041304003013,AKJCL,16,87,170,404.0,68680.0,2026-04-13,186114885,2788,Primo Securities (PVT) Ltd.,S.P.S.A. Securities Limited,2026-04-13 11:29:32.453651,Ankhu Khola Jalvidhyut Company Ltd
2026041304003014,AKJCL,16,45,200,404.0,80800.0,2026-04-13,186114887,2788,Primo Securities (PVT) Ltd.,Imperial Securities Company Pvt. Ltd.,2026-04-13 11:29:32.453729,Ankhu Khola Jalvidhyut Company Ltd
2026041304003053,AKJCL,38,19,1000,405.0,405000.0,2026-04-13,186115230,2788,Dipshikha Dhitopatra Karobar Co. Pvt Ltd.,Nepal Investment And Securities Trading Private Limited,2026-04-13 11:29:53.901599,Ankhu Khola Jalvidhyut Company Ltd
2026041304003093,AKJCL,38,19,1000,405.0,405000.0,2026-04-13,186115644,2788,Dipshikha Dhitopatra Karobar Co. Pvt Ltd.,Nepal Investment And Securities Trading Private Limited,2026-04-13 11:30:28.192635,Ankhu Khola Jalvidhyut Company Ltd
2026041304003279,AKJCL,38,46,50,404.9,20245.0,2026-04-13,186117549,2788,Dipshikha Dhitopatra Karobar Co. Pvt Ltd.,Kalika Securities Pvt. Ltd.,2026-04-13 11:32:47.847990,Ankhu Khola Jalvidhyut Company Ltd
2026041304003301,AKJCL,38,19,955,405.0,386775.0,2026-04-13,186117720,2788,Dipshikha Dhitopatra Karobar Co. Pvt Ltd.,Nepal Investment And Securities Trading Private Limited,2026-04-13 11:33:02.652026,Ankhu Khola Jalvidhyut Company Ltd
2026041304003347,AKJCL,38,49,1000,403.3,403300.0,2026-04-13,186118334,2788,Dipshikha Dhitopatra Karobar Co. Pvt Ltd.,Online Securities Pvt. Ltd.,2026-04-13 11:33:41.679799,Ankhu Khola Jalvidhyut Company Ltd
2026041304003348,AKJCL,64,49,500,403.1,201550.0,2026-04-13,186118335,2788,SUN SECURITIES PVT LTD,Online Securities Pvt. Ltd.,2026-04-13 11:33:41.680242,Ankhu Khola Jalvidhyut Company Ltd
2026041304003373,AKJCL,64,33,500,403.1,201550.0,2026-04-13,186118693,2788,SUN SECURITIES PVT LTD,Dakshinkali Investment & Securities Pvt. Ltd.,2026-04-13 11:34:05.075680,Ankhu Khola Jalvidhyut Company Ltd
2026041304003410,AKJCL,66,92,1000,403.1,403100.0,2026-04-13,186119135,2788,Miyo Securities Pvt Ltd,Roadshow securities limited,2026-04-13 11:34:33.293337,Ankhu Khola Jalvidhyut Company Ltd
2026041304003635,AKJCL,22,45,12,403.0,4836.0,2026-04-13,186120666,2788,Siprabi Securities Pvt. Ltd.,Imperial Securities Company Pvt. Ltd.,2026-04-13 11:36:27.458291,Ankhu Khola Jalvidhyut Company Ltd
2026041304003743,AKJCL,57,74,5,400.0,2000.0,2026-04-13,186121677,2788,Aryatara Investment & Securities,KALASH STOCK MARKET PVT. LTD.,2026-04-13 11:37:56.055757,Ankhu Khola Jalvidhyut Company Ltd
2026041304003808,AKJCL,64,60,25,404.0,10100.0,2026-04-13,186122469,2788,SUN SECURITIES PVT LTD,Nagarik Stock Dealer ,2026-04-13 11:39:00.340600,Ankhu Khola Jalvidhyut Company Ltd
2026041304003843,AKJCL,64,19,975,404.0,393900.0,2026-04-13,186122822,2788,SUN SECURITIES PVT LTD,Nepal Investment And Securities Trading Private Limited,2026-04-13 11:39:28.893624,Ankhu Khola Jalvidhyut Company Ltd
2026041304003844,AKJCL,44,19,1000,404.0,404000.0,2026-04-13,186122832,2788,Dynamic Money Managers Securities Pvt. Ltd.,Nepal Investment And Securities Trading Private Limited,2026-04-13 11:39:30.904971,Ankhu Khola Jalvidhyut Company Ltd
2026041304003854,AKJCL,56,19,234,404.0,94536.0,2026-04-13,186122936,2788,Sri Hari Securities Pvt. Ltd.,Nepal Investment And Securities Trading Private Limited,2026-04-13 11:39:38.609050,Ankhu Khola Jalvidhyut Company Ltd
2026041304003873,AKJCL,44,19,500,404.0,202000.0,2026-04-13,186123200,2788,Dynamic Money Managers Securities Pvt. Ltd.,Nepal Investment And Securities Trading Private Limited,2026-04-13 11:39:54.485583,Ankhu Khola Jalvidhyut Company Ltd
2026041304003885,AKJCL,57,64,880,403.2,354816.0,2026-04-13,186123300,2788,Aryatara Investment & Securities,SUN SECURITIES PVT LTD,2026-04-13 11:40:03.945848,Ankhu Khola Jalvidhyut Company Ltd
2026041304003886,AKJCL,62,64,1000,403.2,403200.0,2026-04-13,186123302,2788,Capital Max Securities Ltd,SUN SECURITIES PVT LTD,2026-04-13 11:40:03.946003,Ankhu Khola Jalvidhyut Company Ltd
2026041304003887,AKJCL,38,64,1000,403.1,403100.0,2026-04-13,186123304,2788,Dipshikha Dhitopatra Karobar Co. Pvt Ltd.,SUN SECURITIES PVT LTD,2026-04-13 11:40:03.946078,Ankhu Khola Jalvidhyut Company Ltd
2026041304003888,AKJCL,64,64,620,403.0,249860.0,2026-04-13,186123305,2788,SUN SECURITIES PVT LTD,SUN SECURITIES PVT LTD,2026-04-13 11:40:03.946167,Ankhu Khola Jalvidhyut Company Ltd
2026041304004089,AKJCL,64,35,30,403.9,12117.0,2026-04-13,186124597,2788,SUN SECURITIES PVT LTD,Kohinoor Investment & Securities Pvt. Ltd.,2026-04-13 11:41:14.013509,Ankhu Khola Jalvidhyut Company Ltd
2026041304004090,AKJCL,64,34,350,403.9,141365.0,2026-04-13,186124600,2788,SUN SECURITIES PVT LTD,Vision Securities Pvt. Ltd,2026-04-13 11:41:14.013734,Ankhu Khola Jalvidhyut Company Ltd
2026041304004122,AKJCL,96,34,650,403.9,262535.0,2026-04-13,186124949,2788,Himalayan Securities Limited,Vision Securities Pvt. Ltd,2026-04-13 11:41:40.038002,Ankhu Khola Jalvidhyut Company Ltd
2026041304004123,AKJCL,96,19,350,404.0,141400.0,2026-04-13,186124952,2788,Himalayan Securities Limited,Nepal Investment And Securities Trading Private Limited,2026-04-13 11:41:40.038215,Ankhu Khola Jalvidhyut Company Ltd
2026041304004129,AKJCL,57,19,500,404.0,202000.0,2026-04-13,186124982,2788,Aryatara Investment & Securities,Nepal Investment And Securities Trading Private Limited,2026-04-13 11:41:41.792953,Ankhu Khola Jalvidhyut Company Ltd
2026041304004172,AKJCL,66,19,100,404.0,40400.0,2026-04-13,186125514,2788,Miyo Securities Pvt Ltd,Nepal Investment And Securities Trading Private Limited,2026-04-13 11:42:22.129467,Ankhu Khola Jalvidhyut Company Ltd
2026041304004178,AKJCL,45,45,20,403.5,8070.0,2026-04-13,186125565,2788,Imperial Securities Company Pvt. Ltd.,Imperial Securities Company Pvt. Ltd.,2026-04-13 11:42:25.530544,Ankhu Khola Jalvidhyut Company Ltd
2026041304004206,AKJCL,45,58,15,403.5,6052.5,2026-04-13,186125747,2788,Imperial Securities Company Pvt. Ltd.,Naasa Securities Co. Ltd.,2026-04-13 11:42:42.287074,Ankhu Khola Jalvidhyut Company Ltd
2026041304004213,AKJCL,38,19,1000,404.0,404000.0,2026-04-13,186125802,2788,Dipshikha Dhitopatra Karobar Co. Pvt Ltd.,Nepal Investment And Securities Trading Private Limited,2026-04-13 11:42:48.621524,Ankhu Khola Jalvidhyut Company Ltd
2026041304004242,AKJCL,94,19,500,404.0,202000.0,2026-04-13,186126060,2788,K.B.L. Securities Limited ,Nepal Investment And Securities Trading Private Limited,2026-04-13 11:43:08.000520,Ankhu Khola Jalvidhyut Company Ltd
2026041304004425,AKJCL,45,42,80,403.6,32288.0,2026-04-13,186127451,2788,Imperial Securities Company Pvt. Ltd.,Sani Securities Company Ltd.,2026-04-13 11:45:05.521143,Ankhu Khola Jalvidhyut Company Ltd
2026041304004460,AKJCL,45,42,10,403.6,4036.0,2026-04-13,186127657,2788,Imperial Securities Company Pvt. Ltd.,Sani Securities Company Ltd.,2026-04-13 11:45:20.820665,Ankhu Khola Jalvidhyut Company Ltd
2026041304004464,AKJCL,58,19,766,404.0,309464.0,2026-04-13,186127675,2788,Naasa Securities Co. Ltd.,Nepal Investment And Securities Trading Private Limited,2026-04-13 11:45:22.661948,Ankhu Khola Jalvidhyut Company Ltd
2026041304004465,AKJCL,58,52,10,404.0,4040.0,2026-04-13,186127677,2788,Naasa Securities Co. Ltd.,Sundhara Securities Limited,2026-04-13 11:45:22.662247,Ankhu Khola Jalvidhyut Company Ltd
2026041304004466,AKJCL,58,38,2000,404.0,808000.0,2026-04-13,186127679,2788,Naasa Securities Co. Ltd.,Dipshikha Dhitopatra Karobar Co. Pvt Ltd.,2026-04-13 11:45:22.662361,Ankhu Khola Jalvidhyut Company Ltd
2026041304004581,AKJCL,19,64,1154,404.1,466331.4,2026-04-13,186128629,2788,Nepal Investment And Securities Trading Private Limited,SUN SECURITIES PVT LTD,2026-04-13 11:46:33.373479,Ankhu Khola Jalvidhyut Company Ltd
2026041304004586,AKJCL,19,28,10,404.1,4041.0,2026-04-13,186128669,2788,Nepal Investment And Securities Trading Private Limited,Shree Krishna Securities Ltd.,2026-04-13 11:46:36.971653,Ankhu Khola Jalvidhyut Company Ltd
2026041304004649,AKJCL,45,34,100,404.7,40470.0,2026-04-13,186129128,2788,Imperial Securities Company Pvt. Ltd.,Vision Securities Pvt. Ltd,2026-04-13 11:47:05.576211,Ankhu Khola Jalvidhyut Company Ltd
2026041304004703,AKJCL,85,34,50,404.7,20235.0,2026-04-13,186129707,2788,Capital Hub P. Ltd,Vision Securities Pvt. Ltd,2026-04-13 11:47:48.013058,Ankhu Khola Jalvidhyut Company Ltd
2026041304004704,AKJCL,85,14,1000,404.8,404800.0,2026-04-13,186129709,2788,Capital Hub P. Ltd,Nepal Stock House (PVT) Ltd.,2026-04-13 11:47:48.013331,Ankhu Khola Jalvidhyut Company Ltd
2026041304004705,AKJCL,85,58,135,405.0,54675.0,2026-04-13,186129711,2788,Capital Hub P. Ltd,Naasa Securities Co. Ltd.,2026-04-13 11:47:48.013437,Ankhu Khola Jalvidhyut Company Ltd
2026041304004706,AKJCL,85,42,50,405.0,20250.0,2026-04-13,186129713,2788,Capital Hub P. Ltd,Sani Securities Company Ltd.,2026-04-13 11:47:48.013534,Ankhu Khola Jalvidhyut Company Ltd
2026041304004707,AKJCL,85,13,800,405.0,324000.0,2026-04-13,186129715,2788,Capital Hub P. Ltd,Thrive Brokerage House Pvt. Ltd,2026-04-13 11:47:48.013629,Ankhu Khola Jalvidhyut Company Ltd
2026041304004708,AKJCL,85,11,80,405.0,32400.0,2026-04-13,186129717,2788,Capital Hub P. Ltd,Malla & Malla Stock Broking Company Pvt. Limited,2026-04-13 11:47:48.013739,Ankhu Khola Jalvidhyut Company Ltd
2026041304004709,AKJCL,85,34,10,405.0,4050.0,2026-04-13,186129719,2788,Capital Hub P. Ltd,Vision Securities Pvt. Ltd,2026-04-13 11:47:48.013838,Ankhu Khola Jalvidhyut Company Ltd
2026041304004710,AKJCL,85,26,10,405.0,4050.0,2026-04-13,186129721,2788,Capital Hub P. Ltd,Asian Securities Private Ltd.,2026-04-13 11:47:48.013941,Ankhu Khola Jalvidhyut Company Ltd
2026041304004711,AKJCL,85,87,100,405.0,40500.0,2026-04-13,186129723,2788,Capital Hub P. Ltd,S.P.S.A. Securities Limited,2026-04-13 11:47:48.014036,Ankhu Khola Jalvidhyut Company Ltd
2026041304004757,AKJCL,100,45,100,405.0,40500.0,2026-04-13,186130063,2788,Sunrise Securities Limited,Imperial Securities Company Pvt. Ltd.,2026-04-13 11:48:07.941027,Ankhu Khola Jalvidhyut Company Ltd
2026041304004758,AKJCL,100,16,100,405.7,40570.0,2026-04-13,186130065,2788,Sunrise Securities Limited,Primo Securities (PVT) Ltd.,2026-04-13 11:48:07.941318,Ankhu Khola Jalvidhyut Company Ltd
2026041304004759,AKJCL,100,19,2800,405.9,1136520.0,2026-04-13,186130068,2788,Sunrise Securities Limited,Nepal Investment And Securities Trading Private Limited,2026-04-13 11:48:07.941417,Ankhu Khola Jalvidhyut Company Ltd
2026041304004798,AKJCL,49,19,1000,405.9,405900.0,2026-04-13,186130430,2788,Online Securities Pvt. Ltd.,Nepal Investment And Securities Trading Private Limited,2026-04-13 11:48:24.383228,Ankhu Khola Jalvidhyut Company Ltd
2026041304004965,AKJCL,91,19,151,405.9,61290.9,2026-04-13,186131655,2788,Citizens Share Broker Limited,Nepal Investment And Securities Trading Private Limited,2026-04-13 11:49:35.499731,Ankhu Khola Jalvidhyut Company Ltd
2026041304004966,AKJCL,91,96,49,406.0,19894.0,2026-04-13,186131658,2788,Citizens Share Broker Limited,Himalayan Securities Limited,2026-04-13 11:49:35.500206,Ankhu Khola Jalvidhyut Company Ltd
2026041304004994,AKJCL,71,96,450,406.0,182700.0,2026-04-13,186131916,2788,SHUBHAKAMANA SECURITIES PVT. LTD,Himalayan Securities Limited,2026-04-13 11:49:50.431692,Ankhu Khola Jalvidhyut Company Ltd
2026041304005035,AKJCL,64,33,30,407.0,12210.0,2026-04-13,186132296,2788,SUN SECURITIES PVT LTD,Dakshinkali Investment & Securities Pvt. Ltd.,2026-04-13 11:50:11.327536,Ankhu Khola Jalvidhyut Company Ltd
2026041304005119,AKJCL,100,33,500,407.0,203500.0,2026-04-13,186133047,2788,Sunrise Securities Limited,Dakshinkali Investment & Securities Pvt. Ltd.,2026-04-13 11:50:53.404135,Ankhu Khola Jalvidhyut Company Ltd
2026041304005120,AKJCL,100,26,500,407.0,203500.0,2026-04-13,186133049,2788,Sunrise Securities Limited,Asian Securities Private Ltd.,2026-04-13 11:50:53.404425,Ankhu Khola Jalvidhyut Company Ltd
2026041304005121,AKJCL,100,92,1000,407.0,407000.0,2026-04-13,186133051,2788,Sunrise Securities Limited,Roadshow securities limited,2026-04-13 11:50:53.404527,Ankhu Khola Jalvidhyut Company Ltd
2026041304005122,AKJCL,100,19,1000,407.0,407000.0,2026-04-13,186133054,2788,Sunrise Securities Limited,Nepal Investment And Securities Trading Private Limited,2026-04-13 11:50:53.404624,Ankhu Khola Jalvidhyut Company Ltd
2026041304005133,AKJCL,45,19,20,407.0,8140.0,2026-04-13,186133204,2788,Imperial Securities Company Pvt. Ltd.,Nepal Investment And Securities Trading Private Limited,2026-04-13 11:51:04.137088,Ankhu Khola Jalvidhyut Company Ltd
2026041304005363,AKJCL,46,91,30,406.9,12207.0,2026-04-13,186135011,2788,Kalika Securities Pvt. Ltd.,Citizens Share Broker Limited,2026-04-13 11:53:22.730595,Ankhu Khola Jalvidhyut Company Ltd
2026041304005364,AKJCL,46,21,10,406.9,4069.0,2026-04-13,186135014,2788,Kalika Securities Pvt. Ltd.,Midas Stock Broking Company Private Limited,2026-04-13 11:53:22.730854,Ankhu Khola Jalvidhyut Company Ltd
2026041304005508,AKJCL,52,58,50,405.0,20250.0,2026-04-13,186136433,2788,Sundhara Securities Limited,Naasa Securities Co. Ltd.,2026-04-13 11:55:15.550254,Ankhu Khola Jalvidhyut Company Ltd
2026041304005573,AKJCL,52,34,50,405.0,20250.0,2026-04-13,186136917,2788,Sundhara Securities Limited,Vision Securities Pvt. Ltd,2026-04-13 11:55:51.522441,Ankhu Khola Jalvidhyut Company Ltd
2026041304005599,AKJCL,64,21,2000,405.0,810000.0,2026-04-13,186137120,2788,SUN SECURITIES PVT LTD,Midas Stock Broking Company Private Limited,2026-04-13 11:56:04.527175,Ankhu Khola Jalvidhyut Company Ltd
2026041304005600,AKJCL,41,21,50,405.0,20250.0,2026-04-13,186137122,2788,Linch Stock Market Ltd.,Midas Stock Broking Company Private Limited,2026-04-13 11:56:04.527465,Ankhu Khola Jalvidhyut Company Ltd
2026041304005653,AKJCL,42,34,90,404.8,36432.0,2026-04-13,186137612,2788,Sani Securities Company Ltd.,Vision Securities Pvt. Ltd,2026-04-13 11:56:35.552402,Ankhu Khola Jalvidhyut Company Ltd
2026041304005654,AKJCL,95,34,120,404.7,48564.0,2026-04-13,186137613,2788,Magnet Securities and Investment Company Private Limited,Vision Securities Pvt. Ltd,2026-04-13 11:56:35.552690,Ankhu Khola Jalvidhyut Company Ltd
2026041304005713,AKJCL,49,8,50,404.8,20240.0,2026-04-13,186138038,2788,Online Securities Pvt. Ltd.,Brilliant Securities Pvt. Ltd.,2026-04-13 11:57:03.432451,Ankhu Khola Jalvidhyut Company Ltd
2026041304005714,AKJCL,95,8,880,404.7,356136.0,2026-04-13,186138040,2788,Magnet Securities and Investment Company Private Limited,Brilliant Securities Pvt. Ltd.,2026-04-13 11:57:03.432928,Ankhu Khola Jalvidhyut Company Ltd
2026041304005715,AKJCL,68,8,300,404.7,121410.0,2026-04-13,186138041,2788,Elite Stock House Limited,Brilliant Securities Pvt. Ltd.,2026-04-13 11:57:03.433258,Ankhu Khola Jalvidhyut Company Ltd
2026041304005766,AKJCL,68,8,700,404.7,283290.0,2026-04-13,186138292,2788,Elite Stock House Limited,Brilliant Securities Pvt. Ltd.,2026-04-13 11:57:20.370997,Ankhu Khola Jalvidhyut Company Ltd
2026041304005767,AKJCL,19,8,530,404.6,214438.0,2026-04-13,186138294,2788,Nepal Investment And Securities Trading Private Limited,Brilliant Securities Pvt. Ltd.,2026-04-13 11:57:20.371544,Ankhu Khola Jalvidhyut Company Ltd
2026041304005784,AKJCL,49,8,50,404.7,20235.0,2026-04-13,186138406,2788,Online Securities Pvt. Ltd.,Brilliant Securities Pvt. Ltd.,2026-04-13 11:57:30.783390,Ankhu Khola Jalvidhyut Company Ltd
2026041304005785,AKJCL,19,8,306,404.6,123807.6,2026-04-13,186138410,2788,Nepal Investment And Securities Trading Private Limited,Brilliant Securities Pvt. Ltd.,2026-04-13 11:57:30.783669,Ankhu Khola Jalvidhyut Company Ltd
2026041304005786,AKJCL,81,8,874,404.6,353620.4,2026-04-13,186138412,2788,Aakashbhairab Securities Ltd.,Brilliant Securities Pvt. Ltd.,2026-04-13 11:57:30.783775,Ankhu Khola Jalvidhyut Company Ltd
2026041304005811,AKJCL,81,8,26,404.6,10519.6,2026-04-13,186138568,2788,Aakashbhairab Securities Ltd.,Brilliant Securities Pvt. Ltd.,2026-04-13 11:57:40.701108,Ankhu Khola Jalvidhyut Company Ltd
2026041304005812,AKJCL,71,8,1000,404.5,404500.0,2026-04-13,186138570,2788,SHUBHAKAMANA SECURITIES PVT. LTD,Brilliant Securities Pvt. Ltd.,2026-04-13 11:57:40.701421,Ankhu Khola Jalvidhyut Company Ltd
2026041304005813,AKJCL,85,8,204,404.3,82477.2,2026-04-13,186138571,2788,Capital Hub P. Ltd,Brilliant Securities Pvt. Ltd.,2026-04-13 11:57:40.701537,Ankhu Khola Jalvidhyut Company Ltd
2026041304005828,AKJCL,85,8,1230,404.3,497289.0,2026-04-13,186138769,2788,Capital Hub P. Ltd,Brilliant Securities Pvt. Ltd.,2026-04-13 11:57:57.850060,Ankhu Khola Jalvidhyut Company Ltd
2026041304005844,AKJCL,85,58,85,404.3,34365.5,2026-04-13,186138845,2788,Capital Hub P. Ltd,Naasa Securities Co. Ltd.,2026-04-13 11:58:05.047017,Ankhu Khola Jalvidhyut Company Ltd
2026041304005847,AKJCL,85,42,1000,404.3,404300.0,2026-04-13,186138863,2788,Capital Hub P. Ltd,Sani Securities Company Ltd.,2026-04-13 11:58:06.420993,Ankhu Khola Jalvidhyut Company Ltd
2026041304005854,AKJCL,85,8,246,404.3,99457.8,2026-04-13,186138896,2788,Capital Hub P. Ltd,Brilliant Securities Pvt. Ltd.,2026-04-13 11:58:08.100651,Ankhu Khola Jalvidhyut Company Ltd
2026041304005855,AKJCL,11,8,500,404.2,202100.0,2026-04-13,186138898,2788,Malla & Malla Stock Broking Company Pvt. Limited,Brilliant Securities Pvt. Ltd.,2026-04-13 11:58:08.100892,Ankhu Khola Jalvidhyut Company Ltd
2026041304005856,AKJCL,58,8,224,404.0,90496.0,2026-04-13,186138900,2788,Naasa Securities Co. Ltd.,Brilliant Securities Pvt. Ltd.,2026-04-13 11:58:08.101005,Ankhu Khola Jalvidhyut Company Ltd
2026041304005857,AKJCL,50,8,260,404.0,105040.0,2026-04-13,186138901,2788,Cristal Kanchanjanga Securites Pvt. Ltd.,Brilliant Securities Pvt. Ltd.,2026-04-13 11:58:08.101120,Ankhu Khola Jalvidhyut Company Ltd
2026041304005883,AKJCL,50,38,500,404.0,202000.0,2026-04-13,186139083,2788,Cristal Kanchanjanga Securites Pvt. Ltd.,Dipshikha Dhitopatra Karobar Co. Pvt Ltd.,2026-04-13 11:58:22.163568,Ankhu Khola Jalvidhyut Company Ltd
2026041304005884,AKJCL,50,8,1230,404.0,496920.0,2026-04-13,186139085,2788,Cristal Kanchanjanga Securites Pvt. Ltd.,Brilliant Securities Pvt. Ltd.,2026-04-13 11:58:22.180471,Ankhu Khola Jalvidhyut Company Ltd
2026041304005916,AKJCL,49,14,50,404.1,20205.0,2026-04-13,186139266,2788,Online Securities Pvt. Ltd.,Nepal Stock House (PVT) Ltd.,2026-04-13 11:58:42.029795,Ankhu Khola Jalvidhyut Company Ltd
2026041304005917,AKJCL,50,14,1050,404.0,424200.0,2026-04-13,186139267,2788,Cristal Kanchanjanga Securites Pvt. Ltd.,Nepal Stock House (PVT) Ltd.,2026-04-13 11:58:42.030038,Ankhu Khola Jalvidhyut Company Ltd
2026041304005985,AKJCL,50,75,1960,404.0,791840.0,2026-04-13,186139728,2788,Cristal Kanchanjanga Securites Pvt. Ltd.,N.I.M.B. Stock Markets Limited,2026-04-13 11:59:13.059259,Ankhu Khola Jalvidhyut Company Ltd
2026041304005986,AKJCL,65,75,10,404.0,4040.0,2026-04-13,186139730,2788,Sharepro Securities Private Limited,N.I.M.B. Stock Markets Limited,2026-04-13 11:59:13.059505,Ankhu Khola Jalvidhyut Company Ltd
2026041304006051,AKJCL,45,75,830,403.5,334905.0,2026-04-13,186140051,2788,Imperial Securities Company Pvt. Ltd.,N.I.M.B. Stock Markets Limited,2026-04-13 11:59:36.344345,Ankhu Khola Jalvidhyut Company Ltd
2026041304006098,AKJCL,45,34,100,403.5,40350.0,2026-04-13,186140225,2788,Imperial Securities Company Pvt. Ltd.,Vision Securities Pvt. Ltd,2026-04-13 11:59:48.962695,Ankhu Khola Jalvidhyut Company Ltd
2026041304006115,AKJCL,45,8,35,403.5,14122.5,2026-04-13,186140342,2788,Imperial Securities Company Pvt. Ltd.,Brilliant Securities Pvt. Ltd.,2026-04-13 11:59:57.771709,Ankhu Khola Jalvidhyut Company Ltd
2026041304006116,AKJCL,38,8,700,403.1,282170.0,2026-04-13,186140344,2788,Dipshikha Dhitopatra Karobar Co. Pvt Ltd.,Brilliant Securities Pvt. Ltd.,2026-04-13 11:59:57.772178,Ankhu Khola Jalvidhyut Company Ltd
2026041304006117,AKJCL,59,8,100,403.1,40310.0,2026-04-13,186140346,2788,Deevyaa Securities & Stock House Pvt. Ltd,Brilliant Securities Pvt. Ltd.,2026-04-13 11:59:57.772515,Ankhu Khola Jalvidhyut Company Ltd
2026041304006118,AKJCL,50,8,10,403.1,4031.0,2026-04-13,186140348,2788,Cristal Kanchanjanga Securites Pvt. Ltd.,Brilliant Securities Pvt. Ltd.,2026-04-13 11:59:57.772808,Ankhu Khola Jalvidhyut Company Ltd
2026041304006119,AKJCL,50,8,50,403.1,20155.0,2026-04-13,186140350,2788,Cristal Kanchanjanga Securites Pvt. Ltd.,Brilliant Securities Pvt. Ltd.,2026-04-13 11:59:57.773112,Ankhu Khola Jalvidhyut Company Ltd
2026041304006120,AKJCL,94,8,335,403.0,135005.0,2026-04-13,186140351,2788,K.B.L. Securities Limited ,Brilliant Securities Pvt. Ltd.,2026-04-13 11:59:57.773440,Ankhu Khola Jalvidhyut Company Ltd
2026041304006142,AKJCL,96,35,1000,404.0,404000.0,2026-04-13,186140557,2788,Himalayan Securities Limited,Kohinoor Investment & Securities Pvt. Ltd.,2026-04-13 12:00:17.760588,Ankhu Khola Jalvidhyut Company Ltd
2026041304006143,AKJCL,96,35,1000,404.0,404000.0,2026-04-13,186140560,2788,Himalayan Securities Limited,Kohinoor Investment & Securities Pvt. Ltd.,2026-04-13 12:00:17.760843,Ankhu Khola Jalvidhyut Company Ltd
2026041304006150,AKJCL,41,1,50,403.6,20180.0,2026-04-13,186140654,2788,Linch Stock Market Ltd.,Kumari Securities Private Limited,2026-04-13 12:00:29.484356,Ankhu Khola Jalvidhyut Company Ltd
2026041304006310,AKJCL,41,1,50,403.5,20175.0,2026-04-13,186141068,2788,Linch Stock Market Ltd.,Kumari Securities Private Limited,2026-04-13 12:00:42.687899,Ankhu Khola Jalvidhyut Company Ltd
2026041304006313,AKJCL,45,75,50,403.2,20160.0,2026-04-13,186141091,2788,Imperial Securities Company Pvt. Ltd.,N.I.M.B. Stock Markets Limited,2026-04-13 12:00:48.507777,Ankhu Khola Jalvidhyut Company Ltd
2026041304006342,AKJCL,45,8,50,403.2,20160.0,2026-04-13,186141228,2788,Imperial Securities Company Pvt. Ltd.,Brilliant Securities Pvt. Ltd.,2026-04-13 12:00:59.484342,Ankhu Khola Jalvidhyut Company Ltd
2026041304006343,AKJCL,85,8,1180,403.1,475658.0,2026-04-13,186141229,2788,Capital Hub P. Ltd,Brilliant Securities Pvt. Ltd.,2026-04-13 12:00:59.484618,Ankhu Khola Jalvidhyut Company Ltd
2026041304006440,AKJCL,85,44,43,403.1,17333.3,2026-04-13,186141581,2788,Capital Hub P. Ltd,Dynamic Money Managers Securities Pvt. Ltd.,2026-04-13 12:01:16.850734,Ankhu Khola Jalvidhyut Company Ltd
2026041304006472,AKJCL,44,8,1230,403.2,495936.0,2026-04-13,186141689,2788,Dynamic Money Managers Securities Pvt. Ltd.,Brilliant Securities Pvt. Ltd.,2026-04-13 12:01:25.103913,Ankhu Khola Jalvidhyut Company Ltd
2026041304006561,AKJCL,34,58,25,403.6,10090.0,2026-04-13,186142007,2788,Vision Securities Pvt. Ltd,Naasa Securities Co. Ltd.,2026-04-13 12:01:42.843236,Ankhu Khola Jalvidhyut Company Ltd
2026041304006562,AKJCL,34,42,235,404.9,95151.5,2026-04-13,186142009,2788,Vision Securities Pvt. Ltd,Sani Securities Company Ltd.,2026-04-13 12:01:42.843774,Ankhu Khola Jalvidhyut Company Ltd
2026041304006563,AKJCL,34,50,500,404.9,202450.0,2026-04-13,186142011,2788,Vision Securities Pvt. Ltd,Cristal Kanchanjanga Securites Pvt. Ltd.,2026-04-13 12:01:42.844183,Ankhu Khola Jalvidhyut Company Ltd
2026041304006564,AKJCL,34,21,5240,405.0,2122200.0,2026-04-13,186142014,2788,Vision Securities Pvt. Ltd,Midas Stock Broking Company Private Limited,2026-04-13 12:01:42.844576,Ankhu Khola Jalvidhyut Company Ltd
2026041304006568,AKJCL,44,75,50,403.2,20160.0,2026-04-13,186142021,2788,Dynamic Money Managers Securities Pvt. Ltd.,N.I.M.B. Stock Markets Limited,2026-04-13 12:01:43.489239,Ankhu Khola Jalvidhyut Company Ltd
2026041304006614,AKJCL,62,21,27,405.0,10935.0,2026-04-13,186142280,2788,Capital Max Securities Ltd,Midas Stock Broking Company Private Limited,2026-04-13 12:02:08.454302,Ankhu Khola Jalvidhyut Company Ltd
2026041304006654,AKJCL,45,8,100,403.3,40330.0,2026-04-13,186142444,2788,Imperial Securities Company Pvt. Ltd.,Brilliant Securities Pvt. Ltd.,2026-04-13 12:02:26.137151,Ankhu Khola Jalvidhyut Company Ltd
2026041304006655,AKJCL,44,8,644,403.2,259660.8,2026-04-13,186142445,2788,Dynamic Money Managers Securities Pvt. Ltd.,Brilliant Securities Pvt. Ltd.,2026-04-13 12:02:26.137661,Ankhu Khola Jalvidhyut Company Ltd
2026041304006861,AKJCL,58,80,350,403.3,141155.0,2026-04-13,186143591,2788,Naasa Securities Co. Ltd.,Indira securities pvt. ltd,2026-04-13 12:04:06.043899,Ankhu Khola Jalvidhyut Company Ltd
2026041304006950,AKJCL,81,38,10,404.0,4040.0,2026-04-13,186144030,2788,Aakashbhairab Securities Ltd.,Dipshikha Dhitopatra Karobar Co. Pvt Ltd.,2026-04-13 12:04:40.970512,Ankhu Khola Jalvidhyut Company Ltd
2026041304007046,AKJCL,57,45,5,400.0,2000.0,2026-04-13,186144631,2788,Aryatara Investment & Securities,Imperial Securities Company Pvt. Ltd.,2026-04-13 12:05:38.077126,Ankhu Khola Jalvidhyut Company Ltd
2026041304007064,AKJCL,66,58,1000,404.0,404000.0,2026-04-13,186144727,2788,Miyo Securities Pvt Ltd,Naasa Securities Co. Ltd.,2026-04-13 12:05:44.930462,Ankhu Khola Jalvidhyut Company Ltd
2026041304007075,AKJCL,57,21,673,405.0,272565.0,2026-04-13,186144781,2788,Aryatara Investment & Securities,Midas Stock Broking Company Private Limited,2026-04-13 12:05:50.798565,Ankhu Khola Jalvidhyut Company Ltd
2026041304007076,AKJCL,57,58,327,405.0,132435.0,2026-04-13,186144784,2788,Aryatara Investment & Securities,Naasa Securities Co. Ltd.,2026-04-13 12:05:50.798832,Ankhu Khola Jalvidhyut Company Ltd
2026041304007092,AKJCL,33,58,333,405.0,134865.0,2026-04-13,186144899,2788,Dakshinkali Investment & Securities Pvt. Ltd.,Naasa Securities Co. Ltd.,2026-04-13 12:06:01.921934,Ankhu Khola Jalvidhyut Company Ltd
2026041304007098,AKJCL,33,42,49,405.0,19845.0,2026-04-13,186144987,2788,Dakshinkali Investment & Securities Pvt. Ltd.,Sani Securities Company Ltd.,2026-04-13 12:06:15.480805,Ankhu Khola Jalvidhyut Company Ltd
2026041304007115,AKJCL,33,51,50,405.0,20250.0,2026-04-13,186145075,2788,Dakshinkali Investment & Securities Pvt. Ltd.,Oxford Securities Pvt. Ltd.,2026-04-13 12:06:21.434475,Ankhu Khola Jalvidhyut Company Ltd
2026041304007267,AKJCL,19,80,50,405.9,20295.0,2026-04-13,186146310,2788,Nepal Investment And Securities Trading Private Limited,Indira securities pvt. ltd,2026-04-13 12:07:53.453338,Ankhu Khola Jalvidhyut Company Ltd
2026041304007351,AKJCL,33,80,68,405.9,27601.2,2026-04-13,186146874,2788,Dakshinkali Investment & Securities Pvt. Ltd.,Indira securities pvt. ltd,2026-04-13 12:08:31.725081,Ankhu Khola Jalvidhyut Company Ltd
2026041304007371,AKJCL,49,49,20,405.1,8102.0,2026-04-13,186147011,2788,Online Securities Pvt. Ltd.,Online Securities Pvt. Ltd.,2026-04-13 12:08:43.874239,Ankhu Khola Jalvidhyut Company Ltd
2026041304007398,AKJCL,33,80,232,405.9,94168.8,2026-04-13,186147243,2788,Dakshinkali Investment & Securities Pvt. Ltd.,Indira securities pvt. ltd,2026-04-13 12:09:03.694639,Ankhu Khola Jalvidhyut Company Ltd
2026041304007399,AKJCL,33,34,25,405.9,10147.5,2026-04-13,186147245,2788,Dakshinkali Investment & Securities Pvt. Ltd.,Vision Securities Pvt. Ltd,2026-04-13 12:09:03.695166,Ankhu Khola Jalvidhyut Company Ltd
2026041304007400,AKJCL,33,96,243,405.9,98633.7,2026-04-13,186147248,2788,Dakshinkali Investment & Securities Pvt. Ltd.,Himalayan Securities Limited,2026-04-13 12:09:03.695535,Ankhu Khola Jalvidhyut Company Ltd
2026041304007402,AKJCL,32,96,100,405.9,40590.0,2026-04-13,186147266,2788,Premier Securities Company Ltd.,Himalayan Securities Limited,2026-04-13 12:09:07.164070,Ankhu Khola Jalvidhyut Company Ltd
2026041304007439,AKJCL,45,96,157,405.9,63726.3,2026-04-13,186147571,2788,Imperial Securities Company Pvt. Ltd.,Himalayan Securities Limited,2026-04-13 12:09:31.489417,Ankhu Khola Jalvidhyut Company Ltd
2026041304007440,AKJCL,45,34,50,406.0,20300.0,2026-04-13,186147573,2788,Imperial Securities Company Pvt. Ltd.,Vision Securities Pvt. Ltd,2026-04-13 12:09:31.489709,Ankhu Khola Jalvidhyut Company Ltd
2026041304007441,AKJCL,45,7,51,406.0,20706.0,2026-04-13,186147575,2788,Imperial Securities Company Pvt. Ltd.,J.F. Securites (PVT) Ltd.,2026-04-13 12:09:31.489823,Ankhu Khola Jalvidhyut Company Ltd
2026041304007457,AKJCL,45,28,10,406.0,4060.0,2026-04-13,186147713,2788,Imperial Securities Company Pvt. Ltd.,Shree Krishna Securities Ltd.,2026-04-13 12:09:47.065899,Ankhu Khola Jalvidhyut Company Ltd
2026041304007604,AKJCL,7,100,25,406.8,10170.0,2026-04-13,186148532,2788,J.F. Securites (PVT) Ltd.,Sunrise Securities Limited,2026-04-13 12:10:50.348275,Ankhu Khola Jalvidhyut Company Ltd
2026041304007613,AKJCL,57,100,4000,406.8,1627200.0,2026-04-13,186148576,2788,Aryatara Investment & Securities,Sunrise Securities Limited,2026-04-13 12:10:53.154023,Ankhu Khola Jalvidhyut Company Ltd
2026041304007682,AKJCL,49,81,30,406.1,12183.0,2026-04-13,186149022,2788,Online Securities Pvt. Ltd.,Aakashbhairab Securities Ltd.,2026-04-13 12:11:24.782057,Ankhu Khola Jalvidhyut Company Ltd
2026041304007683,AKJCL,45,81,501,406.0,203406.0,2026-04-13,186149023,2788,Imperial Securities Company Pvt. Ltd.,Aakashbhairab Securities Ltd.,2026-04-13 12:11:24.782591,Ankhu Khola Jalvidhyut Company Ltd
2026041304007696,AKJCL,7,100,25,406.8,10170.0,2026-04-13,186149112,2788,J.F. Securites (PVT) Ltd.,Sunrise Securities Limited,2026-04-13 12:11:34.831191,Ankhu Khola Jalvidhyut Company Ltd
2026041304007700,AKJCL,38,57,1000,406.1,406100.0,2026-04-13,186149199,2788,Dipshikha Dhitopatra Karobar Co. Pvt Ltd.,Aryatara Investment & Securities,2026-04-13 12:11:45.451046,Ankhu Khola Jalvidhyut Company Ltd
2026041304007946,AKJCL,38,100,950,406.1,385795.0,2026-04-13,186150623,2788,Dipshikha Dhitopatra Karobar Co. Pvt Ltd.,Sunrise Securities Limited,2026-04-13 12:13:41.452996,Ankhu Khola Jalvidhyut Company Ltd
2026041304008121,AKJCL,38,72,50,406.1,20305.0,2026-04-13,186151496,2788,Dipshikha Dhitopatra Karobar Co. Pvt Ltd.,Hatemalo Financial Services Private Limited,2026-04-13 12:14:56.398699,Ankhu Khola Jalvidhyut Company Ltd
2026041304008122,AKJCL,58,72,10,406.1,4061.0,2026-04-13,186151498,2788,Naasa Securities Co. Ltd.,Hatemalo Financial Services Private Limited,2026-04-13 12:14:56.399247,Ankhu Khola Jalvidhyut Company Ltd
2026041304008123,AKJCL,38,72,1000,406.1,406100.0,2026-04-13,186151500,2788,Dipshikha Dhitopatra Karobar Co. Pvt Ltd.,Hatemalo Financial Services Private Limited,2026-04-13 12:14:56.399624,Ankhu Khola Jalvidhyut Company Ltd
2026041304008124,AKJCL,45,72,440,406.0,178640.0,2026-04-13,186151501,2788,Imperial Securities Company Pvt. Ltd.,Hatemalo Financial Services Private Limited,2026-04-13 12:14:56.399991,Ankhu Khola Jalvidhyut Company Ltd
2026041304008404,AKJCL,83,42,40,406.2,16248.0,2026-04-13,186152767,2788,Sanima Securities Limited,Sani Securities Company Ltd.,2026-04-13 12:16:33.251500,Ankhu Khola Jalvidhyut Company Ltd
2026041304008405,AKJCL,83,58,30,407.0,12210.0,2026-04-13,186152769,2788,Sanima Securities Limited,Naasa Securities Co. Ltd.,2026-04-13 12:16:33.251571,Ankhu Khola Jalvidhyut Company Ltd
2026041304008406,AKJCL,83,58,10,407.0,4070.0,2026-04-13,186152771,2788,Sanima Securities Limited,Naasa Securities Co. Ltd.,2026-04-13 12:16:33.251616,Ankhu Khola Jalvidhyut Company Ltd
2026041304008407,AKJCL,83,48,10,407.0,4070.0,2026-04-13,186152773,2788,Sanima Securities Limited,Trishakti Securities Public Limited,2026-04-13 12:16:33.251641,Ankhu Khola Jalvidhyut Company Ltd
2026041304008408,AKJCL,83,7,910,407.7,371007.0,2026-04-13,186152776,2788,Sanima Securities Limited,J.F. Securites (PVT) Ltd.,2026-04-13 12:16:33.251664,Ankhu Khola Jalvidhyut Company Ltd
2026041304008497,AKJCL,83,38,3200,407.5,1304000.0,2026-04-13,186153234,2788,Sanima Securities Limited,Dipshikha Dhitopatra Karobar Co. Pvt Ltd.,2026-04-13 12:17:11.819817,Ankhu Khola Jalvidhyut Company Ltd
2026041304008659,AKJCL,45,29,50,406.0,20300.0,2026-04-13,186153893,2788,Imperial Securities Company Pvt. Ltd.,Trisul Securities & Invt. Ltd.,2026-04-13 12:18:01.605353,Ankhu Khola Jalvidhyut Company Ltd
2026041304008662,AKJCL,38,45,1000,407.0,407000.0,2026-04-13,186153904,2788,Dipshikha Dhitopatra Karobar Co. Pvt Ltd.,Imperial Securities Company Pvt. Ltd.,2026-04-13 12:18:02.532701,Ankhu Khola Jalvidhyut Company Ltd
2026041304008679,AKJCL,45,57,741,406.0,300846.0,2026-04-13,186153988,2788,Imperial Securities Company Pvt. Ltd.,Aryatara Investment & Securities,2026-04-13 12:18:09.263240,Ankhu Khola Jalvidhyut Company Ltd
2026041304009051,AKJCL,56,57,49,406.0,19894.0,2026-04-13,186155483,2788,Sri Hari Securities Pvt. Ltd.,Aryatara Investment & Securities,2026-04-13 12:19:52.689028,Ankhu Khola Jalvidhyut Company Ltd
2026041304009088,AKJCL,56,57,2951,406.0,1198106.0,2026-04-13,186155714,2788,Sri Hari Securities Pvt. Ltd.,Aryatara Investment & Securities,2026-04-13 12:20:08.676943,Ankhu Khola Jalvidhyut Company Ltd
2026041304009089,AKJCL,62,57,447,405.5,181258.5,2026-04-13,186155716,2788,Capital Max Securities Ltd,Aryatara Investment & Securities,2026-04-13 12:20:08.677262,Ankhu Khola Jalvidhyut Company Ltd
2026041304009090,AKJCL,83,57,1102,405.4,446750.8,2026-04-13,186155717,2788,Sanima Securities Limited,Aryatara Investment & Securities,2026-04-13 12:20:08.677400,Ankhu Khola Jalvidhyut Company Ltd
2026041304009133,AKJCL,83,38,1800,407.5,733500.0,2026-04-13,186155921,2788,Sanima Securities Limited,Dipshikha Dhitopatra Karobar Co. Pvt Ltd.,2026-04-13 12:20:29.453540,Ankhu Khola Jalvidhyut Company Ltd
2026041304009134,AKJCL,83,45,12,407.5,4890.0,2026-04-13,186155923,2788,Sanima Securities Limited,Imperial Securities Company Pvt. Ltd.,2026-04-13 12:20:29.453866,Ankhu Khola Jalvidhyut Company Ltd
2026041304009135,AKJCL,83,49,10,407.5,4075.0,2026-04-13,186155926,2788,Sanima Securities Limited,Online Securities Pvt. Ltd.,2026-04-13 12:20:29.454009,Ankhu Khola Jalvidhyut Company Ltd
2026041304009298,AKJCL,41,57,200,407.0,81400.0,2026-04-13,186156858,2788,Linch Stock Market Ltd.,Aryatara Investment & Securities,2026-04-13 12:21:57.570383,Ankhu Khola Jalvidhyut Company Ltd
2026041304009314,AKJCL,21,38,1012,407.5,412390.0,2026-04-13,186156967,2788,Midas Stock Broking Company Private Limited,Dipshikha Dhitopatra Karobar Co. Pvt Ltd.,2026-04-13 12:22:04.693781,Ankhu Khola Jalvidhyut Company Ltd
2026041304009344,AKJCL,92,7,90,407.7,36693.0,2026-04-13,186157149,2788,Roadshow securities limited,J.F. Securites (PVT) Ltd.,2026-04-13 12:22:24.157750,Ankhu Khola Jalvidhyut Company Ltd
2026041304009345,AKJCL,92,10,490,407.8,199822.0,2026-04-13,186157151,2788,Roadshow securities limited,Pragyan Securities (PVT) Ltd.,2026-04-13 12:22:24.157818,Ankhu Khola Jalvidhyut Company Ltd
2026041304009346,AKJCL,92,14,200,407.8,81560.0,2026-04-13,186157153,2788,Roadshow securities limited,Nepal Stock House (PVT) Ltd.,2026-04-13 12:22:24.157845,Ankhu Khola Jalvidhyut Company Ltd
2026041304009347,AKJCL,92,6,220,407.8,89716.0,2026-04-13,186157156,2788,Roadshow securities limited,Agrawal Securities (PVT) Ltd.,2026-04-13 12:22:24.157869,Ankhu Khola Jalvidhyut Company Ltd
2026041304009408,AKJCL,83,57,210,407.5,85575.0,2026-04-13,186157505,2788,Sanima Securities Limited,Aryatara Investment & Securities,2026-04-13 12:22:51.547070,Ankhu Khola Jalvidhyut Company Ltd
2026041304009433,AKJCL,36,6,2280,407.8,929784.0,2026-04-13,186157653,2788,Secured Securities Ltd.,Agrawal Securities (PVT) Ltd.,2026-04-13 12:23:06.944287,Ankhu Khola Jalvidhyut Company Ltd
2026041304009434,AKJCL,36,62,1220,407.9,497638.0,2026-04-13,186157656,2788,Secured Securities Ltd.,Capital Max Securities Ltd,2026-04-13 12:23:06.944931,Ankhu Khola Jalvidhyut Company Ltd
2026041304009452,AKJCL,19,62,50,407.9,20395.0,2026-04-13,186157760,2788,Nepal Investment And Securities Trading Private Limited,Capital Max Securities Ltd,2026-04-13 12:23:14.293674,Ankhu Khola Jalvidhyut Company Ltd
2026041304009455,AKJCL,83,62,8730,407.9,3560967.0,2026-04-13,186157787,2788,Sanima Securities Limited,Capital Max Securities Ltd,2026-04-13 12:23:16.018908,Ankhu Khola Jalvidhyut Company Ltd
2026041304009489,AKJCL,36,57,250,408.0,102000.0,2026-04-13,186157973,2788,Secured Securities Ltd.,Aryatara Investment & Securities,2026-04-13 12:23:34.682744,Ankhu Khola Jalvidhyut Company Ltd
2026041304009490,AKJCL,36,58,10,408.0,4080.0,2026-04-13,186157975,2788,Secured Securities Ltd.,Naasa Securities Co. Ltd.,2026-04-13 12:23:34.683099,Ankhu Khola Jalvidhyut Company Ltd
2026041304009491,AKJCL,36,19,240,408.0,97920.0,2026-04-13,186157978,2788,Secured Securities Ltd.,Nepal Investment And Securities Trading Private Limited,2026-04-13 12:23:34.683235,Ankhu Khola Jalvidhyut Company Ltd
2026041304009504,AKJCL,38,19,1000,408.0,408000.0,2026-04-13,186158026,2788,Dipshikha Dhitopatra Karobar Co. Pvt Ltd.,Nepal Investment And Securities Trading Private Limited,2026-04-13 12:23:39.087049,Ankhu Khola Jalvidhyut Company Ltd
2026041304009517,AKJCL,19,19,500,408.0,204000.0,2026-04-13,186158114,2788,Nepal Investment And Securities Trading Private Limited,Nepal Investment And Securities Trading Private Limited,2026-04-13 12:23:45.506584,Ankhu Khola Jalvidhyut Company Ltd
2026041304009529,AKJCL,83,11,50,407.9,20395.0,2026-04-13,186158182,2788,Sanima Securities Limited,Malla & Malla Stock Broking Company Pvt. Limited,2026-04-13 12:23:53.408111,Ankhu Khola Jalvidhyut Company Ltd
2026041304009533,AKJCL,21,11,550,407.8,224290.0,2026-04-13,186158193,2788,Midas Stock Broking Company Private Limited,Malla & Malla Stock Broking Company Pvt. Limited,2026-04-13 12:23:55.290756,Ankhu Khola Jalvidhyut Company Ltd
2026041304009534,AKJCL,21,19,260,408.0,106080.0,2026-04-13,186158195,2788,Midas Stock Broking Company Private Limited,Nepal Investment And Securities Trading Private Limited,2026-04-13 12:23:55.291368,Ankhu Khola Jalvidhyut Company Ltd
2026041304009535,AKJCL,21,58,178,408.0,72624.0,2026-04-13,186158198,2788,Midas Stock Broking Company Private Limited,Naasa Securities Co. Ltd.,2026-04-13 12:23:55.291764,Ankhu Khola Jalvidhyut Company Ltd
2026041304009541,AKJCL,64,58,22,408.0,8976.0,2026-04-13,186158277,2788,SUN SECURITIES PVT LTD,Naasa Securities Co. Ltd.,2026-04-13 12:24:00.303176,Ankhu Khola Jalvidhyut Company Ltd
2026041304009542,AKJCL,64,58,109,408.0,44472.0,2026-04-13,186158279,2788,SUN SECURITIES PVT LTD,Naasa Securities Co. Ltd.,2026-04-13 12:24:00.303569,Ankhu Khola Jalvidhyut Company Ltd
2026041304009543,AKJCL,64,11,50,408.0,20400.0,2026-04-13,186158281,2788,SUN SECURITIES PVT LTD,Malla & Malla Stock Broking Company Pvt. Limited,2026-04-13 12:24:00.303706,Ankhu Khola Jalvidhyut Company Ltd
2026041304009573,AKJCL,19,57,1000,408.5,408500.0,2026-04-13,186158422,2788,Nepal Investment And Securities Trading Private Limited,Aryatara Investment & Securities,2026-04-13 12:24:08.409130,Ankhu Khola Jalvidhyut Company Ltd
2026041304009579,AKJCL,36,57,50,408.5,20425.0,2026-04-13,186158462,2788,Secured Securities Ltd.,Aryatara Investment & Securities,2026-04-13 12:24:12.078554,Ankhu Khola Jalvidhyut Company Ltd
2026041304009602,AKJCL,89,57,500,408.5,204250.0,2026-04-13,186158546,2788,Global IME Securities Limited,Aryatara Investment & Securities,2026-04-13 12:24:19.745562,Ankhu Khola Jalvidhyut Company Ltd
2026041304009603,AKJCL,95,57,1000,408.5,408500.0,2026-04-13,186158556,2788,Magnet Securities and Investment Company Private Limited,Aryatara Investment & Securities,2026-04-13 12:24:21.497730,Ankhu Khola Jalvidhyut Company Ltd
2026041304009621,AKJCL,34,57,450,408.5,183825.0,2026-04-13,186158643,2788,Vision Securities Pvt. Ltd,Aryatara Investment & Securities,2026-04-13 12:24:29.537822,Ankhu Khola Jalvidhyut Company Ltd
2026041304009649,AKJCL,34,80,300,409.0,122700.0,2026-04-13,186158801,2788,Vision Securities Pvt. Ltd,Indira securities pvt. ltd,2026-04-13 12:24:42.473655,Ankhu Khola Jalvidhyut Company Ltd
2026041304009650,AKJCL,34,48,1000,409.0,409000.0,2026-04-13,186158803,2788,Vision Securities Pvt. Ltd,Trishakti Securities Public Limited,2026-04-13 12:24:42.474251,Ankhu Khola Jalvidhyut Company Ltd
2026041304009651,AKJCL,34,58,100,409.0,40900.0,2026-04-13,186158805,2788,Vision Securities Pvt. Ltd,Naasa Securities Co. Ltd.,2026-04-13 12:24:42.474658,Ankhu Khola Jalvidhyut Company Ltd
2026041304009652,AKJCL,34,41,50,409.0,20450.0,2026-04-13,186158807,2788,Vision Securities Pvt. Ltd,Linch Stock Market Ltd.,2026-04-13 12:24:42.475034,Ankhu Khola Jalvidhyut Company Ltd
2026041304009653,AKJCL,34,19,100,409.0,40900.0,2026-04-13,186158810,2788,Vision Securities Pvt. Ltd,Nepal Investment And Securities Trading Private Limited,2026-04-13 12:24:42.475413,Ankhu Khola Jalvidhyut Company Ltd
2026041304009656,AKJCL,14,19,3000,409.0,1227000.0,2026-04-13,186158830,2788,Nepal Stock House (PVT) Ltd.,Nepal Investment And Securities Trading Private Limited,2026-04-13 12:24:44.020803,Ankhu Khola Jalvidhyut Company Ltd
2026041304009660,AKJCL,57,19,500,409.0,204500.0,2026-04-13,186158866,2788,Aryatara Investment & Securities,Nepal Investment And Securities Trading Private Limited,2026-04-13 12:24:46.901306,Ankhu Khola Jalvidhyut Company Ltd
2026041304009666,AKJCL,19,19,100,409.0,40900.0,2026-04-13,186158896,2788,Nepal Investment And Securities Trading Private Limited,Nepal Investment And Securities Trading Private Limited,2026-04-13 12:24:50.448510,Ankhu Khola Jalvidhyut Company Ltd
2026041304009691,AKJCL,83,19,1280,409.0,523520.0,2026-04-13,186158991,2788,Sanima Securities Limited,Nepal Investment And Securities Trading Private Limited,2026-04-13 12:24:59.413455,Ankhu Khola Jalvidhyut Company Ltd
2026041304009692,AKJCL,83,38,10,409.0,4090.0,2026-04-13,186158994,2788,Sanima Securities Limited,Dipshikha Dhitopatra Karobar Co. Pvt Ltd.,2026-04-13 12:24:59.414021,Ankhu Khola Jalvidhyut Company Ltd
2026041304009740,AKJCL,64,42,200,409.0,81800.0,2026-04-13,186159293,2788,SUN SECURITIES PVT LTD,Sani Securities Company Ltd.,2026-04-13 12:25:34.754612,Ankhu Khola Jalvidhyut Company Ltd
2026041304009745,AKJCL,33,42,300,409.8,122940.0,2026-04-13,186159346,2788,Dakshinkali Investment & Securities Pvt. Ltd.,Sani Securities Company Ltd.,2026-04-13 12:25:37.880287,Ankhu Khola Jalvidhyut Company Ltd
2026041304009860,AKJCL,64,98,200,409.0,81800.0,2026-04-13,186159943,2788,SUN SECURITIES PVT LTD,Trademow Securities Private Limited,2026-04-13 12:26:33.667392,Ankhu Khola Jalvidhyut Company Ltd
2026041304009964,AKJCL,39,14,300,409.9,122970.0,2026-04-13,186160532,2788,Sumeru Securities Pvt. Ltd.,Nepal Stock House (PVT) Ltd.,2026-04-13 12:27:28.755534,Ankhu Khola Jalvidhyut Company Ltd
2026041304010041,AKJCL,56,92,100,409.9,40990.0,2026-04-13,186161002,2788,Sri Hari Securities Pvt. Ltd.,Roadshow securities limited,2026-04-13 12:28:04.189429,Ankhu Khola Jalvidhyut Company Ltd
2026041304010061,AKJCL,58,92,100,409.9,40990.0,2026-04-13,186161158,2788,Naasa Securities Co. Ltd.,Roadshow securities limited,2026-04-13 12:28:17.876678,Ankhu Khola Jalvidhyut Company Ltd
2026041304010072,AKJCL,39,92,150,409.9,61485.0,2026-04-13,186161240,2788,Sumeru Securities Pvt. Ltd.,Roadshow securities limited,2026-04-13 12:28:21.938427,Ankhu Khola Jalvidhyut Company Ltd
2026041304010094,AKJCL,38,92,1650,409.9,676335.0,2026-04-13,186161347,2788,Dipshikha Dhitopatra Karobar Co. Pvt Ltd.,Roadshow securities limited,2026-04-13 12:28:27.365375,Ankhu Khola Jalvidhyut Company Ltd
2026041304010095,AKJCL,38,39,500,410.0,205000.0,2026-04-13,186161349,2788,Dipshikha Dhitopatra Karobar Co. Pvt Ltd.,Sumeru Securities Pvt. Ltd.,2026-04-13 12:28:27.365447,Ankhu Khola Jalvidhyut Company Ltd
2026041304010096,AKJCL,38,58,100,410.0,41000.0,2026-04-13,186161351,2788,Dipshikha Dhitopatra Karobar Co. Pvt Ltd.,Naasa Securities Co. Ltd.,2026-04-13 12:28:27.365479,Ankhu Khola Jalvidhyut Company Ltd
2026041304010097,AKJCL,38,58,30,410.0,12300.0,2026-04-13,186161353,2788,Dipshikha Dhitopatra Karobar Co. Pvt Ltd.,Naasa Securities Co. Ltd.,2026-04-13 12:28:27.365506,Ankhu Khola Jalvidhyut Company Ltd
2026041304010098,AKJCL,38,6,100,410.0,41000.0,2026-04-13,186161355,2788,Dipshikha Dhitopatra Karobar Co. Pvt Ltd.,Agrawal Securities (PVT) Ltd.,2026-04-13 12:28:27.365531,Ankhu Khola Jalvidhyut Company Ltd
2026041304010099,AKJCL,38,8,250,410.0,102500.0,2026-04-13,186161357,2788,Dipshikha Dhitopatra Karobar Co. Pvt Ltd.,Brilliant Securities Pvt. Ltd.,2026-04-13 12:28:27.365554,Ankhu Khola Jalvidhyut Company Ltd
2026041304010100,AKJCL,38,58,10,410.0,4100.0,2026-04-13,186161359,2788,Dipshikha Dhitopatra Karobar Co. Pvt Ltd.,Naasa Securities Co. Ltd.,2026-04-13 12:28:27.365581,Ankhu Khola Jalvidhyut Company Ltd
2026041304010101,AKJCL,38,28,50,410.0,20500.0,2026-04-13,186161361,2788,Dipshikha Dhitopatra Karobar Co. Pvt Ltd.,Shree Krishna Securities Ltd.,2026-04-13 12:28:27.365622,Ankhu Khola Jalvidhyut Company Ltd
2026041304010102,AKJCL,38,17,250,410.0,102500.0,2026-04-13,186161363,2788,Dipshikha Dhitopatra Karobar Co. Pvt Ltd.,ABC Securities Private Limited,2026-04-13 12:28:27.365646,Ankhu Khola Jalvidhyut Company Ltd
2026041304010103,AKJCL,38,58,10,410.0,4100.0,2026-04-13,186161365,2788,Dipshikha Dhitopatra Karobar Co. Pvt Ltd.,Naasa Securities Co. Ltd.,2026-04-13 12:28:27.365671,Ankhu Khola Jalvidhyut Company Ltd
2026041304010104,AKJCL,38,26,25,410.0,10250.0,2026-04-13,186161367,2788,Dipshikha Dhitopatra Karobar Co. Pvt Ltd.,Asian Securities Private Ltd.,2026-04-13 12:28:27.365695,Ankhu Khola Jalvidhyut Company Ltd
2026041304010105,AKJCL,38,59,100,410.0,41000.0,2026-04-13,186161369,2788,Dipshikha Dhitopatra Karobar Co. Pvt Ltd.,Deevyaa Securities & Stock House Pvt. Ltd,2026-04-13 12:28:27.365720,Ankhu Khola Jalvidhyut Company Ltd
2026041304010106,AKJCL,38,80,100,410.0,41000.0,2026-04-13,186161371,2788,Dipshikha Dhitopatra Karobar Co. Pvt Ltd.,Indira securities pvt. ltd,2026-04-13 12:28:27.365748,Ankhu Khola Jalvidhyut Company Ltd
2026041304010107,AKJCL,38,58,50,410.0,20500.0,2026-04-13,186161373,2788,Dipshikha Dhitopatra Karobar Co. Pvt Ltd.,Naasa Securities Co. Ltd.,2026-04-13 12:28:27.365772,Ankhu Khola Jalvidhyut Company Ltd
2026041304010108,AKJCL,38,28,10,410.0,4100.0,2026-04-13,186161375,2788,Dipshikha Dhitopatra Karobar Co. Pvt Ltd.,Shree Krishna Securities Ltd.,2026-04-13 12:28:27.365800,Ankhu Khola Jalvidhyut Company Ltd
2026041304010109,AKJCL,38,34,1000,410.0,410000.0,2026-04-13,186161377,2788,Dipshikha Dhitopatra Karobar Co. Pvt Ltd.,Vision Securities Pvt. Ltd,2026-04-13 12:28:27.365825,Ankhu Khola Jalvidhyut Company Ltd
2026041304010110,AKJCL,38,58,33,410.0,13530.0,2026-04-13,186161379,2788,Dipshikha Dhitopatra Karobar Co. Pvt Ltd.,Naasa Securities Co. Ltd.,2026-04-13 12:28:27.365852,Ankhu Khola Jalvidhyut Company Ltd
2026041304010111,AKJCL,38,92,492,410.0,201720.0,2026-04-13,186161381,2788,Dipshikha Dhitopatra Karobar Co. Pvt Ltd.,Roadshow securities limited,2026-04-13 12:28:27.365873,Ankhu Khola Jalvidhyut Company Ltd
2026041304010112,AKJCL,38,47,240,410.0,98400.0,2026-04-13,186161384,2788,Dipshikha Dhitopatra Karobar Co. Pvt Ltd.,Neev Securities Pvt. Ltd.,2026-04-13 12:28:27.365897,Ankhu Khola Jalvidhyut Company Ltd
2026041304010121,AKJCL,63,6,700,409.9,286930.0,2026-04-13,186161436,2788,Himalayan Brokerage Company Limited,Agrawal Securities (PVT) Ltd.,2026-04-13 12:28:31.619388,Ankhu Khola Jalvidhyut Company Ltd
2026041304010127,AKJCL,6,6,1000,409.9,409900.0,2026-04-13,186161464,2788,Agrawal Securities (PVT) Ltd.,Agrawal Securities (PVT) Ltd.,2026-04-13 12:28:34.457013,Ankhu Khola Jalvidhyut Company Ltd
2026041304010146,AKJCL,6,6,300,409.9,122970.0,2026-04-13,186161545,2788,Agrawal Securities (PVT) Ltd.,Agrawal Securities (PVT) Ltd.,2026-04-13 12:28:43.432854,Ankhu Khola Jalvidhyut Company Ltd
2026041304010147,AKJCL,6,47,700,410.0,287000.0,2026-04-13,186161548,2788,Agrawal Securities (PVT) Ltd.,Neev Securities Pvt. Ltd.,2026-04-13 12:28:43.433456,Ankhu Khola Jalvidhyut Company Ltd
2026041304010162,AKJCL,6,47,60,410.0,24600.0,2026-04-13,186161663,2788,Agrawal Securities (PVT) Ltd.,Neev Securities Pvt. Ltd.,2026-04-13 12:28:51.381571,Ankhu Khola Jalvidhyut Company Ltd
2026041304010163,AKJCL,6,38,50,410.0,20500.0,2026-04-13,186161665,2788,Agrawal Securities (PVT) Ltd.,Dipshikha Dhitopatra Karobar Co. Pvt Ltd.,2026-04-13 12:28:51.382170,Ankhu Khola Jalvidhyut Company Ltd
2026041304010164,AKJCL,6,96,501,410.0,205410.0,2026-04-13,186161667,2788,Agrawal Securities (PVT) Ltd.,Himalayan Securities Limited,2026-04-13 12:28:51.382630,Ankhu Khola Jalvidhyut Company Ltd
2026041304010166,AKJCL,39,14,50,411.0,20550.0,2026-04-13,186161674,2788,Sumeru Securities Pvt. Ltd.,Nepal Stock House (PVT) Ltd.,2026-04-13 12:28:52.294614,Ankhu Khola Jalvidhyut Company Ltd
2026041304010177,AKJCL,6,38,389,410.0,159490.0,2026-04-13,186161770,2788,Agrawal Securities (PVT) Ltd.,Dipshikha Dhitopatra Karobar Co. Pvt Ltd.,2026-04-13 12:28:58.308215,Ankhu Khola Jalvidhyut Company Ltd
2026041304010178,AKJCL,71,38,611,409.2,250021.2,2026-04-13,186161771,2788,SHUBHAKAMANA SECURITIES PVT. LTD,Dipshikha Dhitopatra Karobar Co. Pvt Ltd.,2026-04-13 12:28:58.308538,Ankhu Khola Jalvidhyut Company Ltd
2026041304010187,AKJCL,42,14,200,411.0,82200.0,2026-04-13,186161818,2788,Sani Securities Company Ltd.,Nepal Stock House (PVT) Ltd.,2026-04-13 12:29:02.945498,Ankhu Khola Jalvidhyut Company Ltd
2026041304010206,AKJCL,39,14,100,411.0,41100.0,2026-04-13,186161927,2788,Sumeru Securities Pvt. Ltd.,Nepal Stock House (PVT) Ltd.,2026-04-13 12:29:13.689475,Ankhu Khola Jalvidhyut Company Ltd
2026041304010207,AKJCL,39,77,100,411.0,41100.0,2026-04-13,186161930,2788,Sumeru Securities Pvt. Ltd.,Nabil Stock Dealer Ltd.,2026-04-13 12:29:13.689581,Ankhu Khola Jalvidhyut Company Ltd
2026041304010224,AKJCL,6,38,1000,410.0,410000.0,2026-04-13,186162031,2788,Agrawal Securities (PVT) Ltd.,Dipshikha Dhitopatra Karobar Co. Pvt Ltd.,2026-04-13 12:29:26.444395,Ankhu Khola Jalvidhyut Company Ltd
2026041304010305,AKJCL,71,47,389,409.2,159178.8,2026-04-13,186162502,2788,SHUBHAKAMANA SECURITIES PVT. LTD,Neev Securities Pvt. Ltd.,2026-04-13 12:29:59.511022,Ankhu Khola Jalvidhyut Company Ltd
2026041304010306,AKJCL,49,47,50,409.1,20455.0,2026-04-13,186162504,2788,Online Securities Pvt. Ltd.,Neev Securities Pvt. Ltd.,2026-04-13 12:29:59.511087,Ankhu Khola Jalvidhyut Company Ltd
2026041304010307,AKJCL,66,47,100,409.1,40910.0,2026-04-13,186162506,2788,Miyo Securities Pvt Ltd,Neev Securities Pvt. Ltd.,2026-04-13 12:29:59.511127,Ankhu Khola Jalvidhyut Company Ltd
2026041304010308,AKJCL,64,47,419,409.0,171371.0,2026-04-13,186162508,2788,SUN SECURITIES PVT LTD,Neev Securities Pvt. Ltd.,2026-04-13 12:29:59.511152,Ankhu Khola Jalvidhyut Company Ltd
2026041304010309,AKJCL,58,47,300,408.1,122430.0,2026-04-13,186162510,2788,Naasa Securities Co. Ltd.,Neev Securities Pvt. Ltd.,2026-04-13 12:29:59.511173,Ankhu Khola Jalvidhyut Company Ltd
2026041304010310,AKJCL,59,47,100,408.1,40810.0,2026-04-13,186162512,2788,Deevyaa Securities & Stock House Pvt. Ltd,Neev Securities Pvt. Ltd.,2026-04-13 12:29:59.511193,Ankhu Khola Jalvidhyut Company Ltd
2026041304010311,AKJCL,82,47,4642,408.0,1893936.0,2026-04-13,186162513,2788,N.M.B. SECURITIES LIMITED,Neev Securities Pvt. Ltd.,2026-04-13 12:29:59.511219,Ankhu Khola Jalvidhyut Company Ltd
2026041304010315,AKJCL,92,56,146,409.0,59714.0,2026-04-13,186162543,2788,Roadshow securities limited,Sri Hari Securities Pvt. Ltd.,2026-04-13 12:30:04.186812,Ankhu Khola Jalvidhyut Company Ltd
2026041304010332,AKJCL,92,41,200,409.0,81800.0,2026-04-13,186162657,2788,Roadshow securities limited,Linch Stock Market Ltd.,2026-04-13 12:30:16.595740,Ankhu Khola Jalvidhyut Company Ltd
2026041304010382,AKJCL,92,38,1005,409.0,411045.0,2026-04-13,186162891,2788,Roadshow securities limited,Dipshikha Dhitopatra Karobar Co. Pvt Ltd.,2026-04-13 12:30:36.201183,Ankhu Khola Jalvidhyut Company Ltd
2026041304010383,AKJCL,92,99,1649,409.0,674441.0,2026-04-13,186162912,2788,Roadshow securities limited,Prabhu Stock Market Limited,2026-04-13 12:30:37.544708,Ankhu Khola Jalvidhyut Company Ltd
2026041304010384,AKJCL,74,99,351,409.0,143559.0,2026-04-13,186162913,2788,KALASH STOCK MARKET PVT. LTD.,Prabhu Stock Market Limited,2026-04-13 12:30:37.557467,Ankhu Khola Jalvidhyut Company Ltd
2026041304010397,AKJCL,74,47,447,409.0,182823.0,2026-04-13,186162978,2788,KALASH STOCK MARKET PVT. LTD.,Neev Securities Pvt. Ltd.,2026-04-13 12:30:42.485897,Ankhu Khola Jalvidhyut Company Ltd
2026041304010398,AKJCL,82,47,358,408.0,146064.0,2026-04-13,186162980,2788,N.M.B. SECURITIES LIMITED,Neev Securities Pvt. Ltd.,2026-04-13 12:30:42.486009,Ankhu Khola Jalvidhyut Company Ltd
2026041304010399,AKJCL,35,47,500,408.0,204000.0,2026-04-13,186162982,2788,Kohinoor Investment & Securities Pvt. Ltd.,Neev Securities Pvt. Ltd.,2026-04-13 12:30:42.486135,Ankhu Khola Jalvidhyut Company Ltd
2026041304010400,AKJCL,63,47,10000,407.6,4076000.0,2026-04-13,186162984,2788,Himalayan Brokerage Company Limited,Neev Securities Pvt. Ltd.,2026-04-13 12:30:42.486255,Ankhu Khola Jalvidhyut Company Ltd
2026041304010401,AKJCL,38,47,1000,407.2,407200.0,2026-04-13,186162986,2788,Dipshikha Dhitopatra Karobar Co. Pvt Ltd.,Neev Securities Pvt. Ltd.,2026-04-13 12:30:42.486412,Ankhu Khola Jalvidhyut Company Ltd
2026041304010402,AKJCL,96,47,5705,407.2,2323076.0,2026-04-13,186162987,2788,Himalayan Securities Limited,Neev Securities Pvt. Ltd.,2026-04-13 12:30:42.486536,Ankhu Khola Jalvidhyut Company Ltd
2026041304010415,AKJCL,8,94,400,409.9,163960.0,2026-04-13,186163093,2788,Brilliant Securities Pvt. Ltd.,K.B.L. Securities Limited ,2026-04-13 12:30:52.159734,Ankhu Khola Jalvidhyut Company Ltd
2026041304010416,AKJCL,8,62,200,410.0,82000.0,2026-04-13,186163095,2788,Brilliant Securities Pvt. Ltd.,Capital Max Securities Ltd,2026-04-13 12:30:52.160516,Ankhu Khola Jalvidhyut Company Ltd
2026041304010417,AKJCL,8,66,400,410.0,164000.0,2026-04-13,186163098,2788,Brilliant Securities Pvt. Ltd.,Miyo Securities Pvt Ltd,2026-04-13 12:30:52.161170,Ankhu Khola Jalvidhyut Company Ltd
2026041304010444,AKJCL,8,99,1000,409.0,409000.0,2026-04-13,186163236,2788,Brilliant Securities Pvt. Ltd.,Prabhu Stock Market Limited,2026-04-13 12:31:00.068603,Ankhu Khola Jalvidhyut Company Ltd
2026041304010537,AKJCL,49,38,50,407.4,20370.0,2026-04-13,186163870,2788,Online Securities Pvt. Ltd.,Dipshikha Dhitopatra Karobar Co. Pvt Ltd.,2026-04-13 12:32:01.154141,Ankhu Khola Jalvidhyut Company Ltd
2026041304010538,AKJCL,56,38,450,407.4,183330.0,2026-04-13,186163871,2788,Sri Hari Securities Pvt. Ltd.,Dipshikha Dhitopatra Karobar Co. Pvt Ltd.,2026-04-13 12:32:01.154822,Ankhu Khola Jalvidhyut Company Ltd
2026041304010579,AKJCL,58,34,100,408.8,40880.0,2026-04-13,186164235,2788,Naasa Securities Co. Ltd.,Vision Securities Pvt. Ltd,2026-04-13 12:32:38.594607,Ankhu Khola Jalvidhyut Company Ltd
2026041304010580,AKJCL,58,99,30,409.0,12270.0,2026-04-13,186164238,2788,Naasa Securities Co. Ltd.,Prabhu Stock Market Limited,2026-04-13 12:32:38.595258,Ankhu Khola Jalvidhyut Company Ltd
2026041304010613,AKJCL,56,38,50,407.4,20370.0,2026-04-13,186164452,2788,Sri Hari Securities Pvt. Ltd.,Dipshikha Dhitopatra Karobar Co. Pvt Ltd.,2026-04-13 12:32:58.666096,Ankhu Khola Jalvidhyut Company Ltd
2026041304010614,AKJCL,34,38,731,407.3,297736.3,2026-04-13,186164454,2788,Vision Securities Pvt. Ltd,Dipshikha Dhitopatra Karobar Co. Pvt Ltd.,2026-04-13 12:32:58.666776,Ankhu Khola Jalvidhyut Company Ltd
2026041304010615,AKJCL,38,38,1000,407.2,407200.0,2026-04-13,186164457,2788,Dipshikha Dhitopatra Karobar Co. Pvt Ltd.,Dipshikha Dhitopatra Karobar Co. Pvt Ltd.,2026-04-13 12:32:58.667208,Ankhu Khola Jalvidhyut Company Ltd
2026041304010616,AKJCL,57,38,500,407.1,203550.0,2026-04-13,186164460,2788,Aryatara Investment & Securities,Dipshikha Dhitopatra Karobar Co. Pvt Ltd.,2026-04-13 12:32:58.667657,Ankhu Khola Jalvidhyut Company Ltd
2026041304010617,AKJCL,38,38,50,407.1,20355.0,2026-04-13,186164462,2788,Dipshikha Dhitopatra Karobar Co. Pvt Ltd.,Dipshikha Dhitopatra Karobar Co. Pvt Ltd.,2026-04-13 12:32:58.668075,Ankhu Khola Jalvidhyut Company Ltd
2026041304010618,AKJCL,34,38,600,407.0,244200.0,2026-04-13,186164464,2788,Vision Securities Pvt. Ltd,Dipshikha Dhitopatra Karobar Co. Pvt Ltd.,2026-04-13 12:32:58.668498,Ankhu Khola Jalvidhyut Company Ltd
2026041304010656,AKJCL,6,48,25,407.5,10187.5,2026-04-13,186164685,2788,Agrawal Securities (PVT) Ltd.,Trishakti Securities Public Limited,2026-04-13 12:33:13.819225,Ankhu Khola Jalvidhyut Company Ltd
2026041304010807,AKJCL,36,58,25,408.9,10222.5,2026-04-13,186165533,2788,Secured Securities Ltd.,Naasa Securities Co. Ltd.,2026-04-13 12:34:29.570269,Ankhu Khola Jalvidhyut Company Ltd
2026041304010808,AKJCL,36,99,25,409.0,10225.0,2026-04-13,186165536,2788,Secured Securities Ltd.,Prabhu Stock Market Limited,2026-04-13 12:34:29.570722,Ankhu Khola Jalvidhyut Company Ltd
2026041304010891,AKJCL,41,99,20,409.0,8180.0,2026-04-13,186165846,2788,Linch Stock Market Ltd.,Prabhu Stock Market Limited,2026-04-13 12:34:56.178767,Ankhu Khola Jalvidhyut Company Ltd
2026041304010973,AKJCL,49,63,70,408.9,28623.0,2026-04-13,186166278,2788,Online Securities Pvt. Ltd.,Himalayan Brokerage Company Limited,2026-04-13 12:35:39.925577,Ankhu Khola Jalvidhyut Company Ltd
2026041304010987,AKJCL,63,63,500,408.9,204450.0,2026-04-13,186166448,2788,Himalayan Brokerage Company Limited,Himalayan Brokerage Company Limited,2026-04-13 12:36:03.274062,Ankhu Khola Jalvidhyut Company Ltd
2026041304011004,AKJCL,19,63,50,408.9,20445.0,2026-04-13,186166670,2788,Nepal Investment And Securities Trading Private Limited,Himalayan Brokerage Company Limited,2026-04-13 12:36:26.009642,Ankhu Khola Jalvidhyut Company Ltd
2026041304011038,AKJCL,6,38,225,408.8,91980.0,2026-04-13,186166962,2788,Agrawal Securities (PVT) Ltd.,Dipshikha Dhitopatra Karobar Co. Pvt Ltd.,2026-04-13 12:36:48.850620,Ankhu Khola Jalvidhyut Company Ltd
2026041304011039,AKJCL,64,38,29775,408.8,12172020.0,2026-04-13,186166963,2788,SUN SECURITIES PVT LTD,Dipshikha Dhitopatra Karobar Co. Pvt Ltd.,2026-04-13 12:36:48.851364,Ankhu Khola Jalvidhyut Company Ltd
2026041304011068,AKJCL,16,63,150,408.9,61335.0,2026-04-13,186167090,2788,Primo Securities (PVT) Ltd.,Himalayan Brokerage Company Limited,2026-04-13 12:37:03.526972,Ankhu Khola Jalvidhyut Company Ltd
2026041304011079,AKJCL,47,62,10,408.8,4088.0,2026-04-13,186167202,2788,Neev Securities Pvt. Ltd.,Capital Max Securities Ltd,2026-04-13 12:37:15.054223,Ankhu Khola Jalvidhyut Company Ltd
2026041304011081,AKJCL,6,62,490,408.8,200312.0,2026-04-13,186167205,2788,Agrawal Securities (PVT) Ltd.,Capital Max Securities Ltd,2026-04-13 12:37:15.526072,Ankhu Khola Jalvidhyut Company Ltd
2026041304011082,AKJCL,6,63,230,408.9,94047.0,2026-04-13,186167207,2788,Agrawal Securities (PVT) Ltd.,Himalayan Brokerage Company Limited,2026-04-13 12:37:15.526713,Ankhu Khola Jalvidhyut Company Ltd
2026041304011083,AKJCL,6,99,3280,409.0,1341520.0,2026-04-13,186167210,2788,Agrawal Securities (PVT) Ltd.,Prabhu Stock Market Limited,2026-04-13 12:37:15.527134,Ankhu Khola Jalvidhyut Company Ltd
2026041304011100,AKJCL,74,44,17,407.0,6919.0,2026-04-13,186167373,2788,KALASH STOCK MARKET PVT. LTD.,Dynamic Money Managers Securities Pvt. Ltd.,2026-04-13 12:37:28.968573,Ankhu Khola Jalvidhyut Company Ltd
2026041304011413,AKJCL,48,99,10,409.0,4090.0,2026-04-13,186169370,2788,Trishakti Securities Public Limited,Prabhu Stock Market Limited,2026-04-13 12:40:10.629808,Ankhu Khola Jalvidhyut Company Ltd
2026041304011581,AKJCL,18,35,485,408.0,197880.0,2026-04-13,186170578,2788,Sagarmatha Securities Private Limited,Kohinoor Investment & Securities Pvt. Ltd.,2026-04-13 12:41:52.747012,Ankhu Khola Jalvidhyut Company Ltd
2026041304011613,AKJCL,47,35,203,408.0,82824.0,2026-04-13,186170840,2788,Neev Securities Pvt. Ltd.,Kohinoor Investment & Securities Pvt. Ltd.,2026-04-13 12:42:14.413375,Ankhu Khola Jalvidhyut Company Ltd
2026041304011681,AKJCL,83,63,1000,407.2,407200.0,2026-04-13,186171313,2788,Sanima Securities Limited,Himalayan Brokerage Company Limited,2026-04-13 12:42:57.704277,Ankhu Khola Jalvidhyut Company Ltd
2026041304011973,AKJCL,47,49,10,407.0,4070.0,2026-04-13,186173263,2788,Neev Securities Pvt. Ltd.,Online Securities Pvt. Ltd.,2026-04-13 12:45:24.088279,Ankhu Khola Jalvidhyut Company Ltd
2026041304012145,AKJCL,81,6,150,407.1,61065.0,2026-04-13,186174417,2788,Aakashbhairab Securities Ltd.,Agrawal Securities (PVT) Ltd.,2026-04-13 12:46:44.086557,Ankhu Khola Jalvidhyut Company Ltd
2026041304012154,AKJCL,81,99,850,407.1,346035.0,2026-04-13,186174502,2788,Aakashbhairab Securities Ltd.,Prabhu Stock Market Limited,2026-04-13 12:46:48.920334,Ankhu Khola Jalvidhyut Company Ltd
2026041304012155,AKJCL,81,99,150,407.1,61065.0,2026-04-13,186174503,2788,Aakashbhairab Securities Ltd.,Prabhu Stock Market Limited,2026-04-13 12:46:48.920712,Ankhu Khola Jalvidhyut Company Ltd
2026041304012190,AKJCL,81,99,600,407.1,244260.0,2026-04-13,186174688,2788,Aakashbhairab Securities Ltd.,Prabhu Stock Market Limited,2026-04-13 12:47:03.199862,Ankhu Khola Jalvidhyut Company Ltd
2026041304012191,AKJCL,47,99,87,407.0,35409.0,2026-04-13,186174690,2788,Neev Securities Pvt. Ltd.,Prabhu Stock Market Limited,2026-04-13 12:47:03.200528,Ankhu Khola Jalvidhyut Company Ltd
2026041304012310,AKJCL,41,45,90,407.0,36630.0,2026-04-13,186175592,2788,Linch Stock Market Ltd.,Imperial Securities Company Pvt. Ltd.,2026-04-13 12:48:15.350069,Ankhu Khola Jalvidhyut Company Ltd
2026041304012319,AKJCL,35,64,200,406.7,81340.0,2026-04-13,186175660,2788,Kohinoor Investment & Securities Pvt. Ltd.,SUN SECURITIES PVT LTD,2026-04-13 12:48:22.023590,Ankhu Khola Jalvidhyut Company Ltd
2026041304012320,AKJCL,38,64,1000,406.6,406600.0,2026-04-13,186175662,2788,Dipshikha Dhitopatra Karobar Co. Pvt Ltd.,SUN SECURITIES PVT LTD,2026-04-13 12:48:22.023686,Ankhu Khola Jalvidhyut Company Ltd
2026041304012321,AKJCL,38,64,1000,406.6,406600.0,2026-04-13,186175664,2788,Dipshikha Dhitopatra Karobar Co. Pvt Ltd.,SUN SECURITIES PVT LTD,2026-04-13 12:48:22.023772,Ankhu Khola Jalvidhyut Company Ltd
2026041304012322,AKJCL,38,64,1000,406.1,406100.0,2026-04-13,186175666,2788,Dipshikha Dhitopatra Karobar Co. Pvt Ltd.,SUN SECURITIES PVT LTD,2026-04-13 12:48:22.023847,Ankhu Khola Jalvidhyut Company Ltd
2026041304012323,AKJCL,58,64,5000,406.0,2030000.0,2026-04-13,186175668,2788,Naasa Securities Co. Ltd.,SUN SECURITIES PVT LTD,2026-04-13 12:48:22.023921,Ankhu Khola Jalvidhyut Company Ltd
2026041304012324,AKJCL,57,64,5000,406.0,2030000.0,2026-04-13,186175670,2788,Aryatara Investment & Securities,SUN SECURITIES PVT LTD,2026-04-13 12:48:22.023995,Ankhu Khola Jalvidhyut Company Ltd
2026041304012325,AKJCL,45,64,800,406.0,324800.0,2026-04-13,186175671,2788,Imperial Securities Company Pvt. Ltd.,SUN SECURITIES PVT LTD,2026-04-13 12:48:22.024068,Ankhu Khola Jalvidhyut Company Ltd
2026041304012341,AKJCL,45,38,200,406.0,81200.0,2026-04-13,186175778,2788,Imperial Securities Company Pvt. Ltd.,Dipshikha Dhitopatra Karobar Co. Pvt Ltd.,2026-04-13 12:48:30.345046,Ankhu Khola Jalvidhyut Company Ltd
2026041304012342,AKJCL,74,38,300,406.0,121800.0,2026-04-13,186175779,2788,KALASH STOCK MARKET PVT. LTD.,Dipshikha Dhitopatra Karobar Co. Pvt Ltd.,2026-04-13 12:48:30.345742,Ankhu Khola Jalvidhyut Company Ltd
2026041304012350,AKJCL,74,64,183,406.0,74298.0,2026-04-13,186175830,2788,KALASH STOCK MARKET PVT. LTD.,SUN SECURITIES PVT LTD,2026-04-13 12:48:36.706386,Ankhu Khola Jalvidhyut Company Ltd
2026041304012351,AKJCL,14,64,100,405.0,40500.0,2026-04-13,186175832,2788,Nepal Stock House (PVT) Ltd.,SUN SECURITIES PVT LTD,2026-04-13 12:48:36.706540,Ankhu Khola Jalvidhyut Company Ltd
2026041304012352,AKJCL,6,64,100,405.0,40500.0,2026-04-13,186175834,2788,Agrawal Securities (PVT) Ltd.,SUN SECURITIES PVT LTD,2026-04-13 12:48:36.706616,Ankhu Khola Jalvidhyut Company Ltd
2026041304012353,AKJCL,49,64,200,405.0,81000.0,2026-04-13,186175836,2788,Online Securities Pvt. Ltd.,SUN SECURITIES PVT LTD,2026-04-13 12:48:36.706690,Ankhu Khola Jalvidhyut Company Ltd
2026041304012354,AKJCL,58,64,400,405.0,162000.0,2026-04-13,186175838,2788,Naasa Securities Co. Ltd.,SUN SECURITIES PVT LTD,2026-04-13 12:48:36.706768,Ankhu Khola Jalvidhyut Company Ltd
2026041304012355,AKJCL,70,64,1000,404.4,404400.0,2026-04-13,186175840,2788,Infinity Securities Limited,SUN SECURITIES PVT LTD,2026-04-13 12:48:36.706833,Ankhu Khola Jalvidhyut Company Ltd
2026041304012356,AKJCL,50,64,2000,404.0,808000.0,2026-04-13,186175842,2788,Cristal Kanchanjanga Securites Pvt. Ltd.,SUN SECURITIES PVT LTD,2026-04-13 12:48:36.706898,Ankhu Khola Jalvidhyut Company Ltd
2026041304012357,AKJCL,74,64,17,404.0,6868.0,2026-04-13,186175843,2788,KALASH STOCK MARKET PVT. LTD.,SUN SECURITIES PVT LTD,2026-04-13 12:48:36.706962,Ankhu Khola Jalvidhyut Company Ltd
2026041304012400,AKJCL,64,75,100,407.1,40710.0,2026-04-13,186176080,2788,SUN SECURITIES PVT LTD,N.I.M.B. Stock Markets Limited,2026-04-13 12:48:54.457022,Ankhu Khola Jalvidhyut Company Ltd
2026041304012427,AKJCL,39,64,100,404.0,40400.0,2026-04-13,186176332,2788,Sumeru Securities Pvt. Ltd.,SUN SECURITIES PVT LTD,2026-04-13 12:49:22.682195,Ankhu Khola Jalvidhyut Company Ltd
2026041304012428,AKJCL,94,64,665,403.8,268527.0,2026-04-13,186176334,2788,K.B.L. Securities Limited ,SUN SECURITIES PVT LTD,2026-04-13 12:49:22.682249,Ankhu Khola Jalvidhyut Company Ltd
2026041304012429,AKJCL,41,64,50,403.7,20185.0,2026-04-13,186176336,2788,Linch Stock Market Ltd.,SUN SECURITIES PVT LTD,2026-04-13 12:49:22.682281,Ankhu Khola Jalvidhyut Company Ltd
2026041304012430,AKJCL,74,64,483,403.7,194987.1,2026-04-13,186176338,2788,KALASH STOCK MARKET PVT. LTD.,SUN SECURITIES PVT LTD,2026-04-13 12:49:22.682309,Ankhu Khola Jalvidhyut Company Ltd
2026041304012431,AKJCL,95,64,1000,403.6,403600.0,2026-04-13,186176340,2788,Magnet Securities and Investment Company Private Limited,SUN SECURITIES PVT LTD,2026-04-13 12:49:22.682351,Ankhu Khola Jalvidhyut Company Ltd
2026041304012432,AKJCL,39,64,200,403.4,80680.0,2026-04-13,186176342,2788,Sumeru Securities Pvt. Ltd.,SUN SECURITIES PVT LTD,2026-04-13 12:49:22.682399,Ankhu Khola Jalvidhyut Company Ltd
2026041304012433,AKJCL,58,64,1650,403.3,665445.0,2026-04-13,186176344,2788,Naasa Securities Co. Ltd.,SUN SECURITIES PVT LTD,2026-04-13 12:49:22.682423,Ankhu Khola Jalvidhyut Company Ltd
2026041304012434,AKJCL,58,64,852,403.3,343611.6,2026-04-13,186176345,2788,Naasa Securities Co. Ltd.,SUN SECURITIES PVT LTD,2026-04-13 12:49:22.682451,Ankhu Khola Jalvidhyut Company Ltd
2026041304012451,AKJCL,52,45,10,404.0,4040.0,2026-04-13,186176545,2788,Sundhara Securities Limited,Imperial Securities Company Pvt. Ltd.,2026-04-13 12:49:49.088644,Ankhu Khola Jalvidhyut Company Ltd
2026041304012495,AKJCL,16,17,10,404.0,4040.0,2026-04-13,186176971,2788,Primo Securities (PVT) Ltd.,ABC Securities Private Limited,2026-04-13 12:50:30.312216,Ankhu Khola Jalvidhyut Company Ltd
2026041304012504,AKJCL,33,38,10,407.0,4070.0,2026-04-13,186177058,2788,Dakshinkali Investment & Securities Pvt. Ltd.,Dipshikha Dhitopatra Karobar Co. Pvt Ltd.,2026-04-13 12:50:38.851267,Ankhu Khola Jalvidhyut Company Ltd
2026041304012641,AKJCL,91,64,1000,405.1,405100.0,2026-04-13,186177976,2788,Citizens Share Broker Limited,SUN SECURITIES PVT LTD,2026-04-13 12:52:00.026416,Ankhu Khola Jalvidhyut Company Ltd
2026041304012642,AKJCL,83,64,1000,405.0,405000.0,2026-04-13,186177978,2788,Sanima Securities Limited,SUN SECURITIES PVT LTD,2026-04-13 12:52:00.026462,Ankhu Khola Jalvidhyut Company Ltd
2026041304012643,AKJCL,44,64,1000,404.1,404100.0,2026-04-13,186177980,2788,Dynamic Money Managers Securities Pvt. Ltd.,SUN SECURITIES PVT LTD,2026-04-13 12:52:00.026489,Ankhu Khola Jalvidhyut Company Ltd
2026041304012644,AKJCL,8,64,1000,404.1,404100.0,2026-04-13,186177984,2788,Brilliant Securities Pvt. Ltd.,SUN SECURITIES PVT LTD,2026-04-13 12:52:00.026517,Ankhu Khola Jalvidhyut Company Ltd
2026041304012645,AKJCL,58,64,40,404.1,16164.0,2026-04-13,186177988,2788,Naasa Securities Co. Ltd.,SUN SECURITIES PVT LTD,2026-04-13 12:52:00.026543,Ankhu Khola Jalvidhyut Company Ltd
2026041304012646,AKJCL,16,64,10,404.0,4040.0,2026-04-13,186177990,2788,Primo Securities (PVT) Ltd.,SUN SECURITIES PVT LTD,2026-04-13 12:52:00.026573,Ankhu Khola Jalvidhyut Company Ltd
2026041304012647,AKJCL,52,64,950,404.0,383800.0,2026-04-13,186177991,2788,Sundhara Securities Limited,SUN SECURITIES PVT LTD,2026-04-13 12:52:00.026602,Ankhu Khola Jalvidhyut Company Ltd
2026041304012666,AKJCL,32,64,500,404.2,202100.0,2026-04-13,186178098,2788,Premier Securities Company Ltd.,SUN SECURITIES PVT LTD,2026-04-13 12:52:12.636452,Ankhu Khola Jalvidhyut Company Ltd
2026041304012667,AKJCL,52,64,50,404.0,20200.0,2026-04-13,186178100,2788,Sundhara Securities Limited,SUN SECURITIES PVT LTD,2026-04-13 12:52:12.636553,Ankhu Khola Jalvidhyut Company Ltd
2026041304012668,AKJCL,64,64,100,404.0,40400.0,2026-04-13,186178102,2788,SUN SECURITIES PVT LTD,SUN SECURITIES PVT LTD,2026-04-13 12:52:12.636631,Ankhu Khola Jalvidhyut Company Ltd
2026041304012669,AKJCL,52,64,220,403.6,88792.0,2026-04-13,186178104,2788,Sundhara Securities Limited,SUN SECURITIES PVT LTD,2026-04-13 12:52:12.636706,Ankhu Khola Jalvidhyut Company Ltd
2026041304012670,AKJCL,85,64,1777,403.5,717019.5,2026-04-13,186178106,2788,Capital Hub P. Ltd,SUN SECURITIES PVT LTD,2026-04-13 12:52:12.636785,Ankhu Khola Jalvidhyut Company Ltd
2026041304012671,AKJCL,58,64,148,403.3,59688.4,2026-04-13,186178108,2788,Naasa Securities Co. Ltd.,SUN SECURITIES PVT LTD,2026-04-13 12:52:12.636863,Ankhu Khola Jalvidhyut Company Ltd
2026041304012672,AKJCL,58,64,1000,403.3,403300.0,2026-04-13,186178110,2788,Naasa Securities Co. Ltd.,SUN SECURITIES PVT LTD,2026-04-13 12:52:12.636935,Ankhu Khola Jalvidhyut Company Ltd
2026041304012673,AKJCL,44,64,76,403.2,30643.2,2026-04-13,186178112,2788,Dynamic Money Managers Securities Pvt. Ltd.,SUN SECURITIES PVT LTD,2026-04-13 12:52:12.637008,Ankhu Khola Jalvidhyut Company Ltd
2026041304012674,AKJCL,66,64,50,403.2,20160.0,2026-04-13,186178114,2788,Miyo Securities Pvt Ltd,SUN SECURITIES PVT LTD,2026-04-13 12:52:12.637084,Ankhu Khola Jalvidhyut Company Ltd
2026041304012675,AKJCL,70,64,79,403.2,31852.8,2026-04-13,186178115,2788,Infinity Securities Limited,SUN SECURITIES PVT LTD,2026-04-13 12:52:12.637146,Ankhu Khola Jalvidhyut Company Ltd
2026041304012677,AKJCL,70,36,15,403.2,6048.0,2026-04-13,186178151,2788,Infinity Securities Limited,Secured Securities Ltd.,2026-04-13 12:52:17.064944,Ankhu Khola Jalvidhyut Company Ltd
2026041304012685,AKJCL,70,64,906,403.2,365299.2,2026-04-13,186178238,2788,Infinity Securities Limited,SUN SECURITIES PVT LTD,2026-04-13 12:52:22.441072,Ankhu Khola Jalvidhyut Company Ltd
2026041304012686,AKJCL,85,64,500,403.1,201550.0,2026-04-13,186178240,2788,Capital Hub P. Ltd,SUN SECURITIES PVT LTD,2026-04-13 12:52:22.441174,Ankhu Khola Jalvidhyut Company Ltd
2026041304012687,AKJCL,59,64,100,403.1,40310.0,2026-04-13,186178242,2788,Deevyaa Securities & Stock House Pvt. Ltd,SUN SECURITIES PVT LTD,2026-04-13 12:52:22.441200,Ankhu Khola Jalvidhyut Company Ltd
2026041304012688,AKJCL,50,64,100,403.1,40310.0,2026-04-13,186178244,2788,Cristal Kanchanjanga Securites Pvt. Ltd.,SUN SECURITIES PVT LTD,2026-04-13 12:52:22.441224,Ankhu Khola Jalvidhyut Company Ltd
2026041304012689,AKJCL,94,64,1000,403.1,403100.0,2026-04-13,186178246,2788,K.B.L. Securities Limited ,SUN SECURITIES PVT LTD,2026-04-13 12:52:22.441245,Ankhu Khola Jalvidhyut Company Ltd
2026041304012690,AKJCL,65,64,200,403.0,80600.0,2026-04-13,186178248,2788,Sharepro Securities Private Limited,SUN SECURITIES PVT LTD,2026-04-13 12:52:22.441268,Ankhu Khola Jalvidhyut Company Ltd
2026041304012691,AKJCL,38,64,200,403.0,80600.0,2026-04-13,186178250,2788,Dipshikha Dhitopatra Karobar Co. Pvt Ltd.,SUN SECURITIES PVT LTD,2026-04-13 12:52:22.441293,Ankhu Khola Jalvidhyut Company Ltd
2026041304012692,AKJCL,14,64,80,403.0,32240.0,2026-04-13,186178252,2788,Nepal Stock House (PVT) Ltd.,SUN SECURITIES PVT LTD,2026-04-13 12:52:22.441324,Ankhu Khola Jalvidhyut Company Ltd
2026041304012693,AKJCL,62,64,200,403.0,80600.0,2026-04-13,186178254,2788,Capital Max Securities Ltd,SUN SECURITIES PVT LTD,2026-04-13 12:52:22.441347,Ankhu Khola Jalvidhyut Company Ltd
2026041304012694,AKJCL,14,64,300,403.0,120900.0,2026-04-13,186178256,2788,Nepal Stock House (PVT) Ltd.,SUN SECURITIES PVT LTD,2026-04-13 12:52:22.441369,Ankhu Khola Jalvidhyut Company Ltd
2026041304012695,AKJCL,58,64,20000,403.0,8060000.0,2026-04-13,186178258,2788,Naasa Securities Co. Ltd.,SUN SECURITIES PVT LTD,2026-04-13 12:52:22.441395,Ankhu Khola Jalvidhyut Company Ltd
2026041304012696,AKJCL,50,64,50,402.8,20140.0,2026-04-13,186178260,2788,Cristal Kanchanjanga Securites Pvt. Ltd.,SUN SECURITIES PVT LTD,2026-04-13 12:52:22.441449,Ankhu Khola Jalvidhyut Company Ltd
2026041304012697,AKJCL,50,64,100,402.8,40280.0,2026-04-13,186178262,2788,Cristal Kanchanjanga Securites Pvt. Ltd.,SUN SECURITIES PVT LTD,2026-04-13 12:52:22.441490,Ankhu Khola Jalvidhyut Company Ltd
2026041304012698,AKJCL,56,64,6264,402.8,2523139.2,2026-04-13,186178263,2788,Sri Hari Securities Pvt. Ltd.,SUN SECURITIES PVT LTD,2026-04-13 12:52:22.441511,Ankhu Khola Jalvidhyut Company Ltd
2026041304012715,AKJCL,56,84,3000,402.8,1208400.0,2026-04-13,186178381,2788,Sri Hari Securities Pvt. Ltd.,MILKY WAY SHARE BROKER COMPANY LTD ,2026-04-13 12:52:35.332378,Ankhu Khola Jalvidhyut Company Ltd
2026041304012722,AKJCL,56,64,736,402.8,296460.8,2026-04-13,186178444,2788,Sri Hari Securities Pvt. Ltd.,SUN SECURITIES PVT LTD,2026-04-13 12:52:40.576259,Ankhu Khola Jalvidhyut Company Ltd
2026041304012723,AKJCL,38,64,1000,402.6,402600.0,2026-04-13,186178446,2788,Dipshikha Dhitopatra Karobar Co. Pvt Ltd.,SUN SECURITIES PVT LTD,2026-04-13 12:52:40.576306,Ankhu Khola Jalvidhyut Company Ltd
2026041304012724,AKJCL,38,64,1000,402.6,402600.0,2026-04-13,186178448,2788,Dipshikha Dhitopatra Karobar Co. Pvt Ltd.,SUN SECURITIES PVT LTD,2026-04-13 12:52:40.576347,Ankhu Khola Jalvidhyut Company Ltd
2026041304012725,AKJCL,94,64,2000,402.2,804400.0,2026-04-13,186178450,2788,K.B.L. Securities Limited ,SUN SECURITIES PVT LTD,2026-04-13 12:52:40.576370,Ankhu Khola Jalvidhyut Company Ltd
2026041304012726,AKJCL,42,64,410,402.1,164861.0,2026-04-13,186178452,2788,Sani Securities Company Ltd.,SUN SECURITIES PVT LTD,2026-04-13 12:52:40.576404,Ankhu Khola Jalvidhyut Company Ltd
2026041304012727,AKJCL,99,64,1245,402.0,500490.0,2026-04-13,186178454,2788,Prabhu Stock Market Limited,SUN SECURITIES PVT LTD,2026-04-13 12:52:40.576431,Ankhu Khola Jalvidhyut Company Ltd
2026041304012728,AKJCL,65,64,200,402.0,80400.0,2026-04-13,186178456,2788,Sharepro Securities Private Limited,SUN SECURITIES PVT LTD,2026-04-13 12:52:40.576455,Ankhu Khola Jalvidhyut Company Ltd
2026041304012729,AKJCL,62,64,1000,402.0,402000.0,2026-04-13,186178458,2788,Capital Max Securities Ltd,SUN SECURITIES PVT LTD,2026-04-13 12:52:40.576495,Ankhu Khola Jalvidhyut Company Ltd
2026041304012730,AKJCL,56,64,2000,402.0,804000.0,2026-04-13,186178460,2788,Sri Hari Securities Pvt. Ltd.,SUN SECURITIES PVT LTD,2026-04-13 12:52:40.576528,Ankhu Khola Jalvidhyut Company Ltd
2026041304012731,AKJCL,62,64,200,402.0,80400.0,2026-04-13,186178462,2788,Capital Max Securities Ltd,SUN SECURITIES PVT LTD,2026-04-13 12:52:40.576555,Ankhu Khola Jalvidhyut Company Ltd
2026041304012732,AKJCL,56,64,1000,402.0,402000.0,2026-04-13,186178464,2788,Sri Hari Securities Pvt. Ltd.,SUN SECURITIES PVT LTD,2026-04-13 12:52:40.576579,Ankhu Khola Jalvidhyut Company Ltd
2026041304012733,AKJCL,21,64,2500,402.0,1005000.0,2026-04-13,186178466,2788,Midas Stock Broking Company Private Limited,SUN SECURITIES PVT LTD,2026-04-13 12:52:40.576603,Ankhu Khola Jalvidhyut Company Ltd
2026041304012734,AKJCL,58,64,500,402.0,201000.0,2026-04-13,186178468,2788,Naasa Securities Co. Ltd.,SUN SECURITIES PVT LTD,2026-04-13 12:52:40.576629,Ankhu Khola Jalvidhyut Company Ltd
2026041304012735,AKJCL,21,64,5000,402.0,2010000.0,2026-04-13,186178470,2788,Midas Stock Broking Company Private Limited,SUN SECURITIES PVT LTD,2026-04-13 12:52:40.576652,Ankhu Khola Jalvidhyut Company Ltd
2026041304012736,AKJCL,64,64,200,402.0,80400.0,2026-04-13,186178472,2788,SUN SECURITIES PVT LTD,SUN SECURITIES PVT LTD,2026-04-13 12:52:40.576675,Ankhu Khola Jalvidhyut Company Ltd
2026041304012737,AKJCL,32,64,500,401.9,200950.0,2026-04-13,186178474,2788,Premier Securities Company Ltd.,SUN SECURITIES PVT LTD,2026-04-13 12:52:40.576699,Ankhu Khola Jalvidhyut Company Ltd
2026041304012738,AKJCL,38,64,500,401.7,200850.0,2026-04-13,186178476,2788,Dipshikha Dhitopatra Karobar Co. Pvt Ltd.,SUN SECURITIES PVT LTD,2026-04-13 12:52:40.576726,Ankhu Khola Jalvidhyut Company Ltd
2026041304012846,AKJCL,81,60,5000,403.2,2016000.0,2026-04-13,186179288,2788,Aakashbhairab Securities Ltd.,Nagarik Stock Dealer ,2026-04-13 12:53:52.320856,Ankhu Khola Jalvidhyut Company Ltd
2026041304012847,AKJCL,42,60,200,403.0,80600.0,2026-04-13,186179290,2788,Sani Securities Company Ltd.,Nagarik Stock Dealer ,2026-04-13 12:53:52.320905,Ankhu Khola Jalvidhyut Company Ltd
2026041304012848,AKJCL,39,60,200,402.2,80440.0,2026-04-13,186179292,2788,Sumeru Securities Pvt. Ltd.,Nagarik Stock Dealer ,2026-04-13 12:53:52.320927,Ankhu Khola Jalvidhyut Company Ltd
2026041304012849,AKJCL,81,60,100,402.1,40210.0,2026-04-13,186179294,2788,Aakashbhairab Securities Ltd.,Nagarik Stock Dealer ,2026-04-13 12:53:52.320971,Ankhu Khola Jalvidhyut Company Ltd
2026041304012850,AKJCL,32,60,500,402.1,201050.0,2026-04-13,186179296,2788,Premier Securities Company Ltd.,Nagarik Stock Dealer ,2026-04-13 12:53:52.320996,Ankhu Khola Jalvidhyut Company Ltd
2026041304012851,AKJCL,94,60,100,402.1,40210.0,2026-04-13,186179298,2788,K.B.L. Securities Limited ,Nagarik Stock Dealer ,2026-04-13 12:53:52.321056,Ankhu Khola Jalvidhyut Company Ltd
2026041304012852,AKJCL,58,60,3900,401.6,1566240.0,2026-04-13,186179299,2788,Naasa Securities Co. Ltd.,Nagarik Stock Dealer ,2026-04-13 12:53:52.321109,Ankhu Khola Jalvidhyut Company Ltd
2026041304012877,AKJCL,8,60,1000,401.7,401700.0,2026-04-13,186179523,2788,Brilliant Securities Pvt. Ltd.,Nagarik Stock Dealer ,2026-04-13 12:54:14.859106,Ankhu Khola Jalvidhyut Company Ltd
2026041304012878,AKJCL,8,64,1000,401.7,401700.0,2026-04-13,186179540,2788,Brilliant Securities Pvt. Ltd.,SUN SECURITIES PVT LTD,2026-04-13 12:54:16.293020,Ankhu Khola Jalvidhyut Company Ltd
2026041304012879,AKJCL,58,64,22100,401.6,8875360.0,2026-04-13,186179542,2788,Naasa Securities Co. Ltd.,SUN SECURITIES PVT LTD,2026-04-13 12:54:16.293067,Ankhu Khola Jalvidhyut Company Ltd
2026041304012880,AKJCL,63,64,200,401.5,80300.0,2026-04-13,186179544,2788,Himalayan Brokerage Company Limited,SUN SECURITIES PVT LTD,2026-04-13 12:54:16.293123,Ankhu Khola Jalvidhyut Company Ltd
2026041304012881,AKJCL,21,64,645,401.5,258967.5,2026-04-13,186179546,2788,Midas Stock Broking Company Private Limited,SUN SECURITIES PVT LTD,2026-04-13 12:54:16.293150,Ankhu Khola Jalvidhyut Company Ltd
2026041304012882,AKJCL,85,64,55,401.5,22082.5,2026-04-13,186179547,2788,Capital Hub P. Ltd,SUN SECURITIES PVT LTD,2026-04-13 12:54:16.293193,Ankhu Khola Jalvidhyut Company Ltd
2026041304012973,AKJCL,38,64,55,402.5,22137.5,2026-04-13,186180418,2788,Dipshikha Dhitopatra Karobar Co. Pvt Ltd.,SUN SECURITIES PVT LTD,2026-04-13 12:55:21.753897,Ankhu Khola Jalvidhyut Company Ltd
2026041304012974,AKJCL,66,64,50,402.5,20125.0,2026-04-13,186180420,2788,Miyo Securities Pvt Ltd,SUN SECURITIES PVT LTD,2026-04-13 12:55:21.753956,Ankhu Khola Jalvidhyut Company Ltd
2026041304012975,AKJCL,39,64,100,402.0,40200.0,2026-04-13,186180422,2788,Sumeru Securities Pvt. Ltd.,SUN SECURITIES PVT LTD,2026-04-13 12:55:21.753983,Ankhu Khola Jalvidhyut Company Ltd
