contract_id,symbol,buyer_member_id,seller_member_id,volume,price,amount,buyer_broker,seller_broker,transaction_time
2026041304000083,AKPL,33,33,100,275.0,27500.0,Dakshinkali Investment & Securities Pvt. Ltd.,Dakshinkali Investment & Securities Pvt. Ltd.,2026-04-13 11:00:57.856513
2026041304000217,AKPL,39,48,16,272.0,4352.0,Sumeru Securities Pvt. Ltd.,Trishakti Securities Public Limited,2026-04-13 11:02:34.590211
2026041304000327,AKPL,39,62,12,273.3,3279.6,Sumeru Securities Pvt. Ltd.,Capital Max Securities Ltd,2026-04-13 11:04:02.359185
2026041304000328,AKPL,39,62,13,273.2,3551.6,Sumeru Securities Pvt. Ltd.,Capital Max Securities Ltd,2026-04-13 11:04:02.359360
2026041304000329,AKPL,39,62,15,273.1,4096.5,Sumeru Securities Pvt. Ltd.,Capital Max Securities Ltd,2026-04-13 11:04:02.359468
2026041304000416,AKPL,39,38,16,273.4,4374.4,Sumeru Securities Pvt. Ltd.,Dipshikha Dhitopatra Karobar Co. Pvt Ltd.,2026-04-13 11:04:57.317864
2026041304000417,AKPL,39,38,15,273.3,4099.5,Sumeru Securities Pvt. Ltd.,Dipshikha Dhitopatra Karobar Co. Pvt Ltd.,2026-04-13 11:04:57.317976
2026041304000418,AKPL,49,38,10,273.3,2733.0,Online Securities Pvt. Ltd.,Dipshikha Dhitopatra Karobar Co. Pvt Ltd.,2026-04-13 11:04:57.318015
2026041304000426,AKPL,39,38,14,273.3,3826.2,Sumeru Securities Pvt. Ltd.,Dipshikha Dhitopatra Karobar Co. Pvt Ltd.,2026-04-13 11:05:06.554885
2026041304000459,AKPL,35,21,100,273.3,27330.0,Kohinoor Investment & Securities Pvt. Ltd.,Midas Stock Broking Company Private Limited,2026-04-13 11:05:30.480762
2026041304000494,AKPL,39,21,22,273.3,6012.6,Sumeru Securities Pvt. Ltd.,Midas Stock Broking Company Private Limited,2026-04-13 11:05:37.125696
2026041304000510,AKPL,39,34,14,273.2,3824.8,Sumeru Securities Pvt. Ltd.,Vision Securities Pvt. Ltd,2026-04-13 11:05:49.377418
2026041304000511,AKPL,95,34,86,273.2,23495.2,Magnet Securities and Investment Company Private Limited,Vision Securities Pvt. Ltd,2026-04-13 11:05:49.377510
2026041304000526,AKPL,33,21,200,273.3,54660.0,Dakshinkali Investment & Securities Pvt. Ltd.,Midas Stock Broking Company Private Limited,2026-04-13 11:06:04.622913
2026041304000539,AKPL,45,21,500,273.3,136650.0,Imperial Securities Company Pvt. Ltd.,Midas Stock Broking Company Private Limited,2026-04-13 11:06:27.885303
2026041304000546,AKPL,33,21,1000,273.3,273300.0,Dakshinkali Investment & Securities Pvt. Ltd.,Midas Stock Broking Company Private Limited,2026-04-13 11:06:37.392682
2026041304000551,AKPL,14,21,178,273.3,48647.4,Nepal Stock House (PVT) Ltd.,Midas Stock Broking Company Private Limited,2026-04-13 11:06:39.428293
2026041304000556,AKPL,95,58,22,273.5,6017.0,Magnet Securities and Investment Company Private Limited,Naasa Securities Co. Ltd.,2026-04-13 11:06:45.563591
2026041304000557,AKPL,95,7,250,274.0,68500.0,Magnet Securities and Investment Company Private Limited,J.F. Securites (PVT) Ltd.,2026-04-13 11:06:45.563788
2026041304000618,AKPL,59,52,100,275.0,27500.0,Deevyaa Securities & Stock House Pvt. Ltd,Sundhara Securities Limited,2026-04-13 11:07:07.756816
2026041304000677,AKPL,51,58,20,275.0,5500.0,Oxford Securities Pvt. Ltd.,Naasa Securities Co. Ltd.,2026-04-13 11:08:03.275757
2026041304000678,AKPL,51,66,20,276.9,5538.0,Oxford Securities Pvt. Ltd.,Miyo Securities Pvt Ltd,2026-04-13 11:08:03.275842
2026041304000679,AKPL,50,22,16,273.7,4379.2,Cristal Kanchanjanga Securites Pvt. Ltd.,Siprabi Securities Pvt. Ltd.,2026-04-13 11:08:04.917706
2026041304000686,AKPL,88,66,80,276.9,22152.0,Blue Chip Securities Ltd,Miyo Securities Pvt Ltd,2026-04-13 11:08:08.464394
2026041304000687,AKPL,88,57,300,277.0,83100.0,Blue Chip Securities Ltd,Aryatara Investment & Securities,2026-04-13 11:08:08.464589
2026041304000754,AKPL,88,58,1000,277.0,277000.0,Blue Chip Securities Ltd,Naasa Securities Co. Ltd.,2026-04-13 11:08:47.981472
2026041304000781,AKPL,49,33,100,277.3,27730.0,Online Securities Pvt. Ltd.,Dakshinkali Investment & Securities Pvt. Ltd.,2026-04-13 11:09:06.486989
2026041304000808,AKPL,58,33,50,277.3,13865.0,Naasa Securities Co. Ltd.,Dakshinkali Investment & Securities Pvt. Ltd.,2026-04-13 11:09:23.319924
2026041304000853,AKPL,72,33,100,277.3,27730.0,Hatemalo Financial Services Private Limited,Dakshinkali Investment & Securities Pvt. Ltd.,2026-04-13 11:09:40.162847
2026041304000897,AKPL,48,43,108,277.3,29948.4,Trishakti Securities Public Limited,South Asian Bulls Pvt. Ltd.,2026-04-13 11:09:46.096015
2026041304000898,AKPL,88,43,2012,277.0,557324.0,Blue Chip Securities Ltd,South Asian Bulls Pvt. Ltd.,2026-04-13 11:09:46.096136
2026041304000933,AKPL,4,22,200,277.3,55460.0,Opal Securities Investment (PVT) Ltd.,Siprabi Securities Pvt. Ltd.,2026-04-13 11:10:12.626093
2026041304000934,AKPL,25,22,100,277.3,27730.0,Sweta Securities Private Limited,Siprabi Securities Pvt. Ltd.,2026-04-13 11:10:12.626198
2026041304000935,AKPL,88,22,108,277.0,29916.0,Blue Chip Securities Ltd,Siprabi Securities Pvt. Ltd.,2026-04-13 11:10:12.626247
2026041304001030,AKPL,6,22,92,277.0,25484.0,Agrawal Securities (PVT) Ltd.,Siprabi Securities Pvt. Ltd.,2026-04-13 11:11:16.080397
2026041304001031,AKPL,6,42,200,277.0,55400.0,Agrawal Securities (PVT) Ltd.,Sani Securities Company Ltd.,2026-04-13 11:11:16.080543
2026041304001032,AKPL,6,21,208,277.3,57678.4,Agrawal Securities (PVT) Ltd.,Midas Stock Broking Company Private Limited,2026-04-13 11:11:16.080602
2026041304001108,AKPL,58,34,10,277.0,2770.0,Naasa Securities Co. Ltd.,Vision Securities Pvt. Ltd,2026-04-13 11:12:19.713372
2026041304001127,AKPL,14,34,100,277.0,27700.0,Nepal Stock House (PVT) Ltd.,Vision Securities Pvt. Ltd,2026-04-13 11:12:39.701917
2026041304001206,AKPL,46,21,54,276.9,14952.6,Kalika Securities Pvt. Ltd.,Midas Stock Broking Company Private Limited,2026-04-13 11:13:19.142364
2026041304001207,AKPL,58,21,20,276.9,5538.0,Naasa Securities Co. Ltd.,Midas Stock Broking Company Private Limited,2026-04-13 11:13:19.142468
2026041304001214,AKPL,96,21,18,276.0,4968.0,Himalayan Securities Limited,Midas Stock Broking Company Private Limited,2026-04-13 11:13:35.589776
2026041304001238,AKPL,48,34,108,277.0,29916.0,Trishakti Securities Public Limited,Vision Securities Pvt. Ltd,2026-04-13 11:14:02.727295
2026041304001320,AKPL,58,45,286,276.9,79193.4,Naasa Securities Co. Ltd.,Imperial Securities Company Pvt. Ltd.,2026-04-13 11:15:02.380351
2026041304001380,AKPL,96,50,50,276.0,13800.0,Himalayan Securities Limited,Cristal Kanchanjanga Securites Pvt. Ltd.,2026-04-13 11:15:37.420718
2026041304001384,AKPL,48,45,50,276.9,13845.0,Trishakti Securities Public Limited,Imperial Securities Company Pvt. Ltd.,2026-04-13 11:15:42.149969
2026041304001419,AKPL,19,50,10,275.0,2750.0,Nepal Investment And Securities Trading Private Limited,Cristal Kanchanjanga Securites Pvt. Ltd.,2026-04-13 11:16:01.785901
2026041304001711,AKPL,33,45,14,276.9,3876.6,Dakshinkali Investment & Securities Pvt. Ltd.,Imperial Securities Company Pvt. Ltd.,2026-04-13 11:18:08.069015
2026041304001712,AKPL,33,42,10,276.9,2769.0,Dakshinkali Investment & Securities Pvt. Ltd.,Sani Securities Company Ltd.,2026-04-13 11:18:08.069148
2026041304001713,AKPL,33,34,66,277.0,18282.0,Dakshinkali Investment & Securities Pvt. Ltd.,Vision Securities Pvt. Ltd,2026-04-13 11:18:08.069206
2026041304001811,AKPL,48,43,300,279.2,83760.0,Trishakti Securities Public Limited,South Asian Bulls Pvt. Ltd.,2026-04-13 11:18:44.351060
2026041304001834,AKPL,14,75,12,275.1,3301.2,Nepal Stock House (PVT) Ltd.,N.I.M.B. Stock Markets Limited,2026-04-13 11:18:49.060755
2026041304001876,AKPL,50,49,33,275.2,9081.6,Cristal Kanchanjanga Securites Pvt. Ltd.,Online Securities Pvt. Ltd.,2026-04-13 11:19:12.814953
2026041304002018,AKPL,33,48,10,275.4,2754.0,Dakshinkali Investment & Securities Pvt. Ltd.,Trishakti Securities Public Limited,2026-04-13 11:20:22.891370
2026041304002259,AKPL,88,57,3200,278.0,889600.0,Blue Chip Securities Ltd,Aryatara Investment & Securities,2026-04-13 11:22:37.086691
2026041304002274,AKPL,6,58,40,277.0,11080.0,Agrawal Securities (PVT) Ltd.,Naasa Securities Co. Ltd.,2026-04-13 11:22:55.635540
2026041304002667,AKPL,59,11,33,276.1,9111.3,Deevyaa Securities & Stock House Pvt. Ltd,Malla & Malla Stock Broking Company Pvt. Limited,2026-04-13 11:26:29.841805
2026041304002814,AKPL,36,58,100,276.2,27620.0,Secured Securities Ltd.,Naasa Securities Co. Ltd.,2026-04-13 11:27:31.641648
2026041304002815,AKPL,59,58,17,276.1,4693.7,Deevyaa Securities & Stock House Pvt. Ltd,Naasa Securities Co. Ltd.,2026-04-13 11:27:31.641780
2026041304002816,AKPL,48,58,500,276.0,138000.0,Trishakti Securities Public Limited,Naasa Securities Co. Ltd.,2026-04-13 11:27:31.641844
2026041304002817,AKPL,38,58,500,276.0,138000.0,Dipshikha Dhitopatra Karobar Co. Pvt Ltd.,Naasa Securities Co. Ltd.,2026-04-13 11:27:31.641910
2026041304002818,AKPL,64,58,25,276.0,6900.0,SUN SECURITIES PVT LTD,Naasa Securities Co. Ltd.,2026-04-13 11:27:31.641976
2026041304002819,AKPL,42,58,1000,276.0,276000.0,Sani Securities Company Ltd.,Naasa Securities Co. Ltd.,2026-04-13 11:27:31.642039
2026041304002820,AKPL,96,58,20,276.0,5520.0,Himalayan Securities Limited,Naasa Securities Co. Ltd.,2026-04-13 11:27:31.642104
2026041304002821,AKPL,41,58,200,275.7,55140.0,Linch Stock Market Ltd.,Naasa Securities Co. Ltd.,2026-04-13 11:27:31.642190
2026041304002822,AKPL,50,58,638,275.6,175832.8,Cristal Kanchanjanga Securites Pvt. Ltd.,Naasa Securities Co. Ltd.,2026-04-13 11:27:31.642304
2026041304003052,AKPL,50,34,50,275.6,13780.0,Cristal Kanchanjanga Securites Pvt. Ltd.,Vision Securities Pvt. Ltd,2026-04-13 11:29:53.514053
2026041304003122,AKPL,50,91,200,275.6,55120.0,Cristal Kanchanjanga Securites Pvt. Ltd.,Citizens Share Broker Limited,2026-04-13 11:30:50.177925
2026041304003285,AKPL,42,21,30,275.7,8271.0,Sani Securities Company Ltd.,Midas Stock Broking Company Private Limited,2026-04-13 11:32:49.297526
2026041304003299,AKPL,50,58,10,275.8,2758.0,Cristal Kanchanjanga Securites Pvt. Ltd.,Naasa Securities Co. Ltd.,2026-04-13 11:33:00.544880
2026041304003349,AKPL,13,46,170,275.9,46903.0,Thrive Brokerage House Pvt. Ltd,Kalika Securities Pvt. Ltd.,2026-04-13 11:33:42.655990
2026041304003453,AKPL,13,48,16,275.9,4414.4,Thrive Brokerage House Pvt. Ltd,Trishakti Securities Public Limited,2026-04-13 11:35:19.144339
2026041304003563,AKPL,42,49,49,276.0,13524.0,Sani Securities Company Ltd.,Online Securities Pvt. Ltd.,2026-04-13 11:35:38.635618
2026041304003564,AKPL,42,58,35,276.0,9660.0,Sani Securities Company Ltd.,Naasa Securities Co. Ltd.,2026-04-13 11:35:38.635823
2026041304003565,AKPL,42,49,100,276.0,27600.0,Sani Securities Company Ltd.,Online Securities Pvt. Ltd.,2026-04-13 11:35:38.635910
2026041304003576,AKPL,42,33,33,276.0,9108.0,Sani Securities Company Ltd.,Dakshinkali Investment & Securities Pvt. Ltd.,2026-04-13 11:35:50.577962
2026041304003622,AKPL,42,58,60,276.0,16560.0,Sani Securities Company Ltd.,Naasa Securities Co. Ltd.,2026-04-13 11:36:18.423461
2026041304003758,AKPL,76,44,15,278.0,4170.0,Machhapuchchhre Securities Limited,Dynamic Money Managers Securities Pvt. Ltd.,2026-04-13 11:38:11.180569
2026041304003759,AKPL,39,44,235,278.0,65330.0,Sumeru Securities Pvt. Ltd.,Dynamic Money Managers Securities Pvt. Ltd.,2026-04-13 11:38:11.180737
2026041304003802,AKPL,39,58,65,278.0,18070.0,Sumeru Securities Pvt. Ltd.,Naasa Securities Co. Ltd.,2026-04-13 11:38:56.044135
2026041304003826,AKPL,58,50,1,273.3,273.3,Naasa Securities Co. Ltd.,Cristal Kanchanjanga Securites Pvt. Ltd.,2026-04-13 11:39:13.063224
2026041304004072,AKPL,49,58,30,278.0,8340.0,Online Securities Pvt. Ltd.,Naasa Securities Co. Ltd.,2026-04-13 11:40:57.867627
2026041304004370,AKPL,42,35,16,276.0,4416.0,Sani Securities Company Ltd.,Kohinoor Investment & Securities Pvt. Ltd.,2026-04-13 11:44:23.901035
2026041304004383,AKPL,42,38,87,276.0,24012.0,Sani Securities Company Ltd.,Dipshikha Dhitopatra Karobar Co. Pvt Ltd.,2026-04-13 11:44:37.499789
2026041304004384,AKPL,42,38,184,276.0,50784.0,Sani Securities Company Ltd.,Dipshikha Dhitopatra Karobar Co. Pvt Ltd.,2026-04-13 11:44:37.499890
2026041304004385,AKPL,58,38,156,276.0,43056.0,Naasa Securities Co. Ltd.,Dipshikha Dhitopatra Karobar Co. Pvt Ltd.,2026-04-13 11:44:37.499949
2026041304004386,AKPL,13,38,114,275.9,31452.6,Thrive Brokerage House Pvt. Ltd,Dipshikha Dhitopatra Karobar Co. Pvt Ltd.,2026-04-13 11:44:37.500017
2026041304004387,AKPL,48,38,170,275.9,46903.0,Trishakti Securities Public Limited,Dipshikha Dhitopatra Karobar Co. Pvt Ltd.,2026-04-13 11:44:37.500082
2026041304004388,AKPL,50,38,53,275.8,14617.4,Cristal Kanchanjanga Securites Pvt. Ltd.,Dipshikha Dhitopatra Karobar Co. Pvt Ltd.,2026-04-13 11:44:37.500147
2026041304004389,AKPL,42,38,1970,275.7,543129.0,Sani Securities Company Ltd.,Dipshikha Dhitopatra Karobar Co. Pvt Ltd.,2026-04-13 11:44:37.500215
2026041304004390,AKPL,42,38,166,275.6,45749.6,Sani Securities Company Ltd.,Dipshikha Dhitopatra Karobar Co. Pvt Ltd.,2026-04-13 11:44:37.500271
2026041304004513,AKPL,58,41,10,276.0,2760.0,Naasa Securities Co. Ltd.,Linch Stock Market Ltd.,2026-04-13 11:45:56.201162
2026041304004640,AKPL,19,58,50,277.0,13850.0,Nepal Investment And Securities Trading Private Limited,Naasa Securities Co. Ltd.,2026-04-13 11:46:54.417052
2026041304004807,AKPL,38,58,50,277.0,13850.0,Dipshikha Dhitopatra Karobar Co. Pvt Ltd.,Naasa Securities Co. Ltd.,2026-04-13 11:48:30.575300
2026041304004947,AKPL,38,58,50,278.0,13900.0,Dipshikha Dhitopatra Karobar Co. Pvt Ltd.,Naasa Securities Co. Ltd.,2026-04-13 11:49:26.356749
2026041304005005,AKPL,46,58,50,278.0,13900.0,Kalika Securities Pvt. Ltd.,Naasa Securities Co. Ltd.,2026-04-13 11:49:55.112853
2026041304005425,AKPL,53,6,50,276.3,13815.0,Investment Management Nepal Pvt. Ltd.,Agrawal Securities (PVT) Ltd.,2026-04-13 11:54:14.155293
2026041304005466,AKPL,51,80,57,278.0,15846.0,Oxford Securities Pvt. Ltd.,Indira securities pvt. ltd,2026-04-13 11:54:54.884737
2026041304005467,AKPL,51,22,10,278.0,2780.0,Oxford Securities Pvt. Ltd.,Siprabi Securities Pvt. Ltd.,2026-04-13 11:54:54.885140
2026041304005468,AKPL,51,36,100,278.0,27800.0,Oxford Securities Pvt. Ltd.,Secured Securities Ltd.,2026-04-13 11:54:54.885426
2026041304005469,AKPL,51,74,20,278.0,5560.0,Oxford Securities Pvt. Ltd.,KALASH STOCK MARKET PVT. LTD.,2026-04-13 11:54:54.885670
2026041304005623,AKPL,74,42,1000,278.0,278000.0,KALASH STOCK MARKET PVT. LTD.,Sani Securities Company Ltd.,2026-04-13 11:56:14.932845
2026041304005799,AKPL,42,21,25,277.0,6925.0,Sani Securities Company Ltd.,Midas Stock Broking Company Private Limited,2026-04-13 11:57:35.320917
2026041304005819,AKPL,58,21,10,277.0,2770.0,Naasa Securities Co. Ltd.,Midas Stock Broking Company Private Limited,2026-04-13 11:57:49.120359
2026041304005867,AKPL,53,57,50,276.3,13815.0,Investment Management Nepal Pvt. Ltd.,Aryatara Investment & Securities,2026-04-13 11:58:15.015384
2026041304005868,AKPL,41,57,500,276.3,138150.0,Linch Stock Market Ltd.,Aryatara Investment & Securities,2026-04-13 11:58:15.015621
2026041304005869,AKPL,35,57,200,276.2,55240.0,Kohinoor Investment & Securities Pvt. Ltd.,Aryatara Investment & Securities,2026-04-13 11:58:15.015711
2026041304005870,AKPL,85,57,500,276.0,138000.0,Capital Hub P. Ltd,Aryatara Investment & Securities,2026-04-13 11:58:15.015798
2026041304005907,AKPL,51,57,13,277.0,3601.0,Oxford Securities Pvt. Ltd.,Aryatara Investment & Securities,2026-04-13 11:58:41.654880
2026041304005908,AKPL,85,57,500,276.0,138000.0,Capital Hub P. Ltd,Aryatara Investment & Securities,2026-04-13 11:58:41.655082
2026041304005909,AKPL,16,57,305,276.0,84180.0,Primo Securities (PVT) Ltd.,Aryatara Investment & Securities,2026-04-13 11:58:41.655170
2026041304005953,AKPL,56,57,100,276.0,27600.0,Sri Hari Securities Pvt. Ltd.,Aryatara Investment & Securities,2026-04-13 11:58:54.269834
2026041304005966,AKPL,42,34,334,275.6,92050.4,Sani Securities Company Ltd.,Vision Securities Pvt. Ltd,2026-04-13 11:58:57.652528
2026041304005967,AKPL,58,34,715,275.6,197054.0,Naasa Securities Co. Ltd.,Vision Securities Pvt. Ltd,2026-04-13 11:58:57.652788
2026041304005968,AKPL,14,34,2951,275.5,813000.5,Nepal Stock House (PVT) Ltd.,Vision Securities Pvt. Ltd,2026-04-13 11:58:57.652880
2026041304005972,AKPL,14,40,205,275.5,56477.5,Nepal Stock House (PVT) Ltd.,Creative Securities Pvt Ltd,2026-04-13 11:59:07.148104
2026041304006054,AKPL,14,49,10,275.5,2755.0,Nepal Stock House (PVT) Ltd.,Online Securities Pvt. Ltd.,2026-04-13 11:59:39.287466
2026041304006124,AKPL,14,58,10,275.5,2755.0,Nepal Stock House (PVT) Ltd.,Naasa Securities Co. Ltd.,2026-04-13 12:00:03.619579
2026041304006601,AKPL,51,57,332,276.0,91632.0,Oxford Securities Pvt. Ltd.,Aryatara Investment & Securities,2026-04-13 12:02:02.613141
2026041304006850,AKPL,7,74,20,277.0,5540.0,J.F. Securites (PVT) Ltd.,KALASH STOCK MARKET PVT. LTD.,2026-04-13 12:04:00.970522
2026041304006870,AKPL,7,41,20,277.6,5552.0,J.F. Securites (PVT) Ltd.,Linch Stock Market Ltd.,2026-04-13 12:04:15.206752
2026041304006962,AKPL,7,58,80,277.6,22208.0,J.F. Securites (PVT) Ltd.,Naasa Securities Co. Ltd.,2026-04-13 12:04:45.648045
2026041304007022,AKPL,7,95,500,277.9,138950.0,J.F. Securites (PVT) Ltd.,Magnet Securities and Investment Company Private Limited,2026-04-13 12:05:15.711677
2026041304007463,AKPL,47,95,500,277.9,138950.0,Neev Securities Pvt. Ltd.,Magnet Securities and Investment Company Private Limited,2026-04-13 12:09:50.628886
2026041304007464,AKPL,47,50,500,277.9,138950.0,Neev Securities Pvt. Ltd.,Cristal Kanchanjanga Securites Pvt. Ltd.,2026-04-13 12:09:50.628924
2026041304007484,AKPL,47,42,400,278.0,111200.0,Neev Securities Pvt. Ltd.,Sani Securities Company Ltd.,2026-04-13 12:10:09.742109
2026041304007485,AKPL,47,36,20,278.0,5560.0,Neev Securities Pvt. Ltd.,Secured Securities Ltd.,2026-04-13 12:10:09.742201
2026041304007486,AKPL,47,50,80,278.0,22240.0,Neev Securities Pvt. Ltd.,Cristal Kanchanjanga Securites Pvt. Ltd.,2026-04-13 12:10:09.742248
2026041304007525,AKPL,38,50,10,278.0,2780.0,Dipshikha Dhitopatra Karobar Co. Pvt Ltd.,Cristal Kanchanjanga Securites Pvt. Ltd.,2026-04-13 12:10:18.006605
2026041304007534,AKPL,7,50,10,278.0,2780.0,J.F. Securites (PVT) Ltd.,Cristal Kanchanjanga Securites Pvt. Ltd.,2026-04-13 12:10:23.478635
2026041304007555,AKPL,56,50,60,278.0,16680.0,Sri Hari Securities Pvt. Ltd.,Cristal Kanchanjanga Securites Pvt. Ltd.,2026-04-13 12:10:26.826397
2026041304007654,AKPL,14,34,30,277.9,8337.0,Nepal Stock House (PVT) Ltd.,Vision Securities Pvt. Ltd,2026-04-13 12:11:15.923953
2026041304007655,AKPL,49,34,170,277.0,47090.0,Online Securities Pvt. Ltd.,Vision Securities Pvt. Ltd,2026-04-13 12:11:15.924021
2026041304007732,AKPL,34,50,10,278.0,2780.0,Vision Securities Pvt. Ltd,Cristal Kanchanjanga Securites Pvt. Ltd.,2026-04-13 12:12:12.614735
2026041304008037,AKPL,32,50,830,278.0,230740.0,Premier Securities Company Ltd.,Cristal Kanchanjanga Securites Pvt. Ltd.,2026-04-13 12:14:23.862193
2026041304008038,AKPL,32,50,522,278.0,145116.0,Premier Securities Company Ltd.,Cristal Kanchanjanga Securites Pvt. Ltd.,2026-04-13 12:14:23.862415
2026041304008039,AKPL,32,35,20,278.0,5560.0,Premier Securities Company Ltd.,Kohinoor Investment & Securities Pvt. Ltd.,2026-04-13 12:14:23.862503
2026041304008551,AKPL,95,1,49,276.2,13533.8,Magnet Securities and Investment Company Private Limited,Kumari Securities Private Limited,2026-04-13 12:17:20.208231
2026041304008701,AKPL,49,34,1000,278.0,278000.0,Online Securities Pvt. Ltd.,Vision Securities Pvt. Ltd,2026-04-13 12:18:20.472782
2026041304009202,AKPL,14,95,100,278.0,27800.0,Nepal Stock House (PVT) Ltd.,Magnet Securities and Investment Company Private Limited,2026-04-13 12:21:01.056228
2026041304009207,AKPL,49,45,1000,277.0,277000.0,Online Securities Pvt. Ltd.,Imperial Securities Company Pvt. Ltd.,2026-04-13 12:21:03.351467
2026041304009249,AKPL,49,45,400,277.0,110800.0,Online Securities Pvt. Ltd.,Imperial Securities Company Pvt. Ltd.,2026-04-13 12:21:37.640501
2026041304009287,AKPL,87,45,100,277.0,27700.0,S.P.S.A. Securities Limited,Imperial Securities Company Pvt. Ltd.,2026-04-13 12:21:50.697798
2026041304009315,AKPL,58,45,500,277.0,138500.0,Naasa Securities Co. Ltd.,Imperial Securities Company Pvt. Ltd.,2026-04-13 12:22:04.823511
2026041304009697,AKPL,88,95,35,278.0,9730.0,Blue Chip Securities Ltd,Magnet Securities and Investment Company Private Limited,2026-04-13 12:25:03.686444
2026041304009843,AKPL,58,95,365,278.0,101470.0,Naasa Securities Co. Ltd.,Magnet Securities and Investment Company Private Limited,2026-04-13 12:26:23.107591
2026041304009844,AKPL,58,5,50,278.0,13900.0,Naasa Securities Co. Ltd.,Market Securities & Exchange (PVT) Ltd.,2026-04-13 12:26:23.108004
2026041304009845,AKPL,58,4,200,278.0,55600.0,Naasa Securities Co. Ltd.,Opal Securities Investment (PVT) Ltd.,2026-04-13 12:26:23.108299
2026041304009971,AKPL,58,45,138,278.0,38364.0,Naasa Securities Co. Ltd.,Imperial Securities Company Pvt. Ltd.,2026-04-13 12:27:33.312794
2026041304009973,AKPL,44,21,99,278.6,27581.4,Dynamic Money Managers Securities Pvt. Ltd.,Midas Stock Broking Company Private Limited,2026-04-13 12:27:38.888019
2026041304010056,AKPL,74,21,500,278.6,139300.0,KALASH STOCK MARKET PVT. LTD.,Midas Stock Broking Company Private Limited,2026-04-13 12:28:14.071623
2026041304010273,AKPL,58,36,1200,278.0,333600.0,Naasa Securities Co. Ltd.,Secured Securities Ltd.,2026-04-13 12:29:47.605604
2026041304010362,AKPL,58,58,47,278.0,13066.0,Naasa Securities Co. Ltd.,Naasa Securities Co. Ltd.,2026-04-13 12:30:29.128606
2026041304010484,AKPL,74,58,10,277.0,2770.0,KALASH STOCK MARKET PVT. LTD.,Naasa Securities Co. Ltd.,2026-04-13 12:31:19.802156
2026041304010562,AKPL,58,45,1000,277.1,277100.0,Naasa Securities Co. Ltd.,Imperial Securities Company Pvt. Ltd.,2026-04-13 12:32:19.594844
2026041304010563,AKPL,74,45,1000,277.0,277000.0,KALASH STOCK MARKET PVT. LTD.,Imperial Securities Company Pvt. Ltd.,2026-04-13 12:32:19.595050
2026041304010688,AKPL,74,21,101,277.0,27977.0,KALASH STOCK MARKET PVT. LTD.,Midas Stock Broking Company Private Limited,2026-04-13 12:33:37.185869
2026041304010986,AKPL,74,42,389,277.0,107753.0,KALASH STOCK MARKET PVT. LTD.,Sani Securities Company Ltd.,2026-04-13 12:36:02.682009
2026041304011080,AKPL,8,42,111,277.0,30747.0,Brilliant Securities Pvt. Ltd.,Sani Securities Company Ltd.,2026-04-13 12:37:15.221433
2026041304011170,AKPL,8,38,289,277.0,80053.0,Brilliant Securities Pvt. Ltd.,Dipshikha Dhitopatra Karobar Co. Pvt Ltd.,2026-04-13 12:37:57.530110
2026041304011636,AKPL,95,58,151,276.2,41706.2,Magnet Securities and Investment Company Private Limited,Naasa Securities Co. Ltd.,2026-04-13 12:42:22.383217
2026041304011637,AKPL,49,58,100,276.0,27600.0,Online Securities Pvt. Ltd.,Naasa Securities Co. Ltd.,2026-04-13 12:42:22.383477
2026041304011638,AKPL,47,58,50,276.0,13800.0,Neev Securities Pvt. Ltd.,Naasa Securities Co. Ltd.,2026-04-13 12:42:22.383578
2026041304011639,AKPL,85,58,509,276.0,140484.0,Capital Hub P. Ltd,Naasa Securities Co. Ltd.,2026-04-13 12:42:22.383670
2026041304011975,AKPL,51,38,200,276.2,55240.0,Oxford Securities Pvt. Ltd.,Dipshikha Dhitopatra Karobar Co. Pvt Ltd.,2026-04-13 12:45:26.751043
2026041304012099,AKPL,85,38,23,276.0,6348.0,Capital Hub P. Ltd,Dipshikha Dhitopatra Karobar Co. Pvt Ltd.,2026-04-13 12:46:24.804405
2026041304012121,AKPL,85,39,200,276.0,55200.0,Capital Hub P. Ltd,Sumeru Securities Pvt. Ltd.,2026-04-13 12:46:33.482282
2026041304012389,AKPL,85,22,50,276.0,13800.0,Capital Hub P. Ltd,Siprabi Securities Pvt. Ltd.,2026-04-13 12:48:47.547961
2026041304012418,AKPL,85,4,70,276.0,19320.0,Capital Hub P. Ltd,Opal Securities Investment (PVT) Ltd.,2026-04-13 12:49:13.727839
2026041304012420,AKPL,85,16,128,276.0,35328.0,Capital Hub P. Ltd,Primo Securities (PVT) Ltd.,2026-04-13 12:49:16.573894
2026041304012421,AKPL,17,16,372,276.0,102672.0,ABC Securities Private Limited,Primo Securities (PVT) Ltd.,2026-04-13 12:49:16.574385
2026041304012507,AKPL,25,49,110,277.0,30470.0,Sweta Securities Private Limited,Online Securities Pvt. Ltd.,2026-04-13 12:50:41.790110
2026041304012633,AKPL,25,49,40,277.0,11080.0,Sweta Securities Private Limited,Online Securities Pvt. Ltd.,2026-04-13 12:51:53.775935
2026041304012634,AKPL,49,49,16,277.0,4432.0,Online Securities Pvt. Ltd.,Online Securities Pvt. Ltd.,2026-04-13 12:51:53.776184
2026041304012931,AKPL,49,63,49,277.0,13573.0,Online Securities Pvt. Ltd.,Himalayan Brokerage Company Limited,2026-04-13 12:54:50.915526
2026041304012932,AKPL,22,63,200,277.0,55400.0,Siprabi Securities Pvt. Ltd.,Himalayan Brokerage Company Limited,2026-04-13 12:54:50.915809
2026041304012933,AKPL,34,63,200,277.0,55400.0,Vision Securities Pvt. Ltd,Himalayan Brokerage Company Limited,2026-04-13 12:54:50.915910
2026041304013078,AKPL,17,46,4000,276.0,1104000.0,ABC Securities Private Limited,Kalika Securities Pvt. Ltd.,2026-04-13 12:56:16.655935
2026041304013189,AKPL,17,46,628,276.0,173328.0,ABC Securities Private Limited,Kalika Securities Pvt. Ltd.,2026-04-13 12:57:47.918120
2026041304013190,AKPL,25,46,100,276.0,27600.0,Sweta Securities Private Limited,Kalika Securities Pvt. Ltd.,2026-04-13 12:57:47.918635
2026041304013191,AKPL,34,46,725,276.0,200100.0,Vision Securities Pvt. Ltd,Kalika Securities Pvt. Ltd.,2026-04-13 12:57:47.918949
2026041304013192,AKPL,51,46,50,276.0,13800.0,Oxford Securities Pvt. Ltd.,Kalika Securities Pvt. Ltd.,2026-04-13 12:57:47.919243
2026041304013262,AKPL,57,46,310,276.0,85560.0,Aryatara Investment & Securities,Kalika Securities Pvt. Ltd.,2026-04-13 12:58:40.067887
2026041304013354,AKPL,74,46,687,276.0,189612.0,KALASH STOCK MARKET PVT. LTD.,Kalika Securities Pvt. Ltd.,2026-04-13 12:59:13.446353
2026041304013380,AKPL,74,14,30,276.0,8280.0,KALASH STOCK MARKET PVT. LTD.,Nepal Stock House (PVT) Ltd.,2026-04-13 12:59:27.263658
2026041304013800,AKPL,44,46,1000,276.0,276000.0,Dynamic Money Managers Securities Pvt. Ltd.,Kalika Securities Pvt. Ltd.,2026-04-13 13:03:43.453703
2026041304013802,AKPL,14,29,700,275.5,192850.0,Nepal Stock House (PVT) Ltd.,Trisul Securities & Invt. Ltd.,2026-04-13 13:03:45.497270
2026041304013860,AKPL,14,22,50,275.5,13775.0,Nepal Stock House (PVT) Ltd.,Siprabi Securities Pvt. Ltd.,2026-04-13 13:04:18.781481
2026041304013928,AKPL,14,58,10,275.5,2755.0,Nepal Stock House (PVT) Ltd.,Naasa Securities Co. Ltd.,2026-04-13 13:05:00.345972
2026041304014443,AKPL,50,46,1000,276.0,276000.0,Cristal Kanchanjanga Securites Pvt. Ltd.,Kalika Securities Pvt. Ltd.,2026-04-13 13:09:24.294729
2026041304014535,AKPL,38,46,200,276.0,55200.0,Dipshikha Dhitopatra Karobar Co. Pvt Ltd.,Kalika Securities Pvt. Ltd.,2026-04-13 13:10:05.731639
2026041304014711,AKPL,58,46,36,276.0,9936.0,Naasa Securities Co. Ltd.,Kalika Securities Pvt. Ltd.,2026-04-13 13:11:24.785046
2026041304014746,AKPL,34,46,264,276.0,72864.0,Vision Securities Pvt. Ltd,Kalika Securities Pvt. Ltd.,2026-04-13 13:11:52.710539
2026041304014754,AKPL,34,45,36,276.0,9936.0,Vision Securities Pvt. Ltd,Imperial Securities Company Pvt. Ltd.,2026-04-13 13:12:01.156196
2026041304014755,AKPL,4,45,108,276.0,29808.0,Opal Securities Investment (PVT) Ltd.,Imperial Securities Company Pvt. Ltd.,2026-04-13 13:12:01.156673
2026041304015352,AKPL,17,63,211,277.0,58447.0,ABC Securities Private Limited,Himalayan Brokerage Company Limited,2026-04-13 13:17:20.682861
2026041304015353,AKPL,17,39,111,277.0,30747.0,ABC Securities Private Limited,Sumeru Securities Pvt. Ltd.,2026-04-13 13:17:20.683378
2026041304015354,AKPL,17,7,37,277.0,10249.0,ABC Securities Private Limited,J.F. Securites (PVT) Ltd.,2026-04-13 13:17:20.683689
2026041304015355,AKPL,17,58,1000,277.0,277000.0,ABC Securities Private Limited,Naasa Securities Co. Ltd.,2026-04-13 13:17:20.684016
2026041304015356,AKPL,17,57,141,277.0,39057.0,ABC Securities Private Limited,Aryatara Investment & Securities,2026-04-13 13:17:20.684306
2026041304015372,AKPL,17,57,59,277.0,16343.0,ABC Securities Private Limited,Aryatara Investment & Securities,2026-04-13 13:17:37.705950
2026041304015373,AKPL,17,57,241,277.9,66973.9,ABC Securities Private Limited,Aryatara Investment & Securities,2026-04-13 13:17:37.706242
2026041304015396,AKPL,42,57,10,277.9,2779.0,Sani Securities Company Ltd.,Aryatara Investment & Securities,2026-04-13 13:17:58.364464
2026041304015514,AKPL,22,57,249,277.9,69197.1,Siprabi Securities Pvt. Ltd.,Aryatara Investment & Securities,2026-04-13 13:19:26.061474
2026041304015650,AKPL,36,58,200,278.0,55600.0,Secured Securities Ltd.,Naasa Securities Co. Ltd.,2026-04-13 13:21:08.788761
2026041304015691,AKPL,58,58,753,278.0,209334.0,Naasa Securities Co. Ltd.,Naasa Securities Co. Ltd.,2026-04-13 13:21:32.721613
2026041304015692,AKPL,58,58,205,278.0,56990.0,Naasa Securities Co. Ltd.,Naasa Securities Co. Ltd.,2026-04-13 13:21:32.721948
2026041304015693,AKPL,58,49,42,278.0,11676.0,Naasa Securities Co. Ltd.,Online Securities Pvt. Ltd.,2026-04-13 13:21:32.722060
2026041304015706,AKPL,47,49,549,278.0,152622.0,Neev Securities Pvt. Ltd.,Online Securities Pvt. Ltd.,2026-04-13 13:21:39.212179
2026041304015707,AKPL,47,57,201,278.0,55878.0,Neev Securities Pvt. Ltd.,Aryatara Investment & Securities,2026-04-13 13:21:39.212479
2026041304015708,AKPL,47,46,50,278.0,13900.0,Neev Securities Pvt. Ltd.,Kalika Securities Pvt. Ltd.,2026-04-13 13:21:39.212612
2026041304015709,AKPL,47,34,100,278.0,27800.0,Neev Securities Pvt. Ltd.,Vision Securities Pvt. Ltd,2026-04-13 13:21:39.212718
2026041304015710,AKPL,47,38,4000,278.0,1112000.0,Neev Securities Pvt. Ltd.,Dipshikha Dhitopatra Karobar Co. Pvt Ltd.,2026-04-13 13:21:39.212826
2026041304015816,AKPL,47,46,1100,278.0,305800.0,Neev Securities Pvt. Ltd.,Kalika Securities Pvt. Ltd.,2026-04-13 13:22:22.699287
2026041304015840,AKPL,22,46,500,278.0,139000.0,Siprabi Securities Pvt. Ltd.,Kalika Securities Pvt. Ltd.,2026-04-13 13:22:34.124053
2026041304015914,AKPL,22,46,251,278.0,69778.0,Siprabi Securities Pvt. Ltd.,Kalika Securities Pvt. Ltd.,2026-04-13 13:23:00.766146
2026041304016036,AKPL,46,46,25,278.0,6950.0,Kalika Securities Pvt. Ltd.,Kalika Securities Pvt. Ltd.,2026-04-13 13:23:38.818401
2026041304016307,AKPL,22,46,100,276.5,27650.0,Siprabi Securities Pvt. Ltd.,Kalika Securities Pvt. Ltd.,2026-04-13 13:25:54.211230
2026041304016308,AKPL,32,46,24,276.1,6626.4,Premier Securities Company Ltd.,Kalika Securities Pvt. Ltd.,2026-04-13 13:25:54.211748
2026041304016321,AKPL,4,41,1,276.0,276.0,Opal Securities Investment (PVT) Ltd.,Linch Stock Market Ltd.,2026-04-13 13:26:04.783764
2026041304016331,AKPL,22,45,800,277.9,222320.0,Siprabi Securities Pvt. Ltd.,Imperial Securities Company Pvt. Ltd.,2026-04-13 13:26:11.737383
2026041304016626,AKPL,49,45,500,277.9,138950.0,Online Securities Pvt. Ltd.,Imperial Securities Company Pvt. Ltd.,2026-04-13 13:29:52.620584
2026041304016786,AKPL,49,45,1000,277.9,277900.0,Online Securities Pvt. Ltd.,Imperial Securities Company Pvt. Ltd.,2026-04-13 13:32:06.806455
2026041304016979,AKPL,45,45,10,277.9,2779.0,Imperial Securities Company Pvt. Ltd.,Imperial Securities Company Pvt. Ltd.,2026-04-13 13:34:14.570327
2026041304017503,AKPL,4,14,30,276.8,8304.0,Opal Securities Investment (PVT) Ltd.,Nepal Stock House (PVT) Ltd.,2026-04-13 13:41:18.697633
2026041304017860,AKPL,58,54,25,277.5,6937.5,Naasa Securities Co. Ltd.,Sewa Securities Pvt. Ltd.,2026-04-13 13:43:44.822272
2026041304017934,AKPL,32,45,690,277.7,191613.0,Premier Securities Company Ltd.,Imperial Securities Company Pvt. Ltd.,2026-04-13 13:45:17.445256
2026041304017935,AKPL,32,45,190,277.7,52763.0,Premier Securities Company Ltd.,Imperial Securities Company Pvt. Ltd.,2026-04-13 13:45:17.445828
2026041304017936,AKPL,32,57,1000,277.8,277800.0,Premier Securities Company Ltd.,Aryatara Investment & Securities,2026-04-13 13:45:17.446249
2026041304017970,AKPL,32,58,120,277.9,33348.0,Premier Securities Company Ltd.,Naasa Securities Co. Ltd.,2026-04-13 13:46:08.067248
2026041304018080,AKPL,58,28,25,277.0,6925.0,Naasa Securities Co. Ltd.,Shree Krishna Securities Ltd.,2026-04-13 13:47:13.046537
2026041304018081,AKPL,4,28,170,276.8,47056.0,Opal Securities Investment (PVT) Ltd.,Shree Krishna Securities Ltd.,2026-04-13 13:47:13.046680
2026041304018082,AKPL,52,28,167,276.8,46225.6,Sundhara Securities Limited,Shree Krishna Securities Ltd.,2026-04-13 13:47:13.046740
2026041304018143,AKPL,44,58,130,277.9,36127.0,Dynamic Money Managers Securities Pvt. Ltd.,Naasa Securities Co. Ltd.,2026-04-13 13:47:57.865151
2026041304018144,AKPL,44,36,10,277.9,2779.0,Dynamic Money Managers Securities Pvt. Ltd.,Secured Securities Ltd.,2026-04-13 13:47:57.865692
2026041304018149,AKPL,44,14,20,277.9,5558.0,Dynamic Money Managers Securities Pvt. Ltd.,Nepal Stock House (PVT) Ltd.,2026-04-13 13:48:09.553171
2026041304018187,AKPL,44,46,840,277.9,233436.0,Dynamic Money Managers Securities Pvt. Ltd.,Kalika Securities Pvt. Ltd.,2026-04-13 13:48:50.601745
2026041304018859,AKPL,46,25,200,277.8,55560.0,Kalika Securities Pvt. Ltd.,Sweta Securities Private Limited,2026-04-13 13:56:47.924969
2026041304018860,AKPL,46,50,635,277.8,176403.0,Kalika Securities Pvt. Ltd.,Cristal Kanchanjanga Securites Pvt. Ltd.,2026-04-13 13:56:47.925634
2026041304018930,AKPL,46,50,53,277.8,14723.4,Kalika Securities Pvt. Ltd.,Cristal Kanchanjanga Securites Pvt. Ltd.,2026-04-13 13:57:45.581684
2026041304019072,AKPL,48,50,312,277.8,86673.6,Trishakti Securities Public Limited,Cristal Kanchanjanga Securites Pvt. Ltd.,2026-04-13 13:59:44.125341
2026041304019073,AKPL,48,18,100,277.8,27780.0,Trishakti Securities Public Limited,Sagarmatha Securities Private Limited,2026-04-13 13:59:44.125933
2026041304019074,AKPL,48,48,1588,277.8,441146.4,Trishakti Securities Public Limited,Trishakti Securities Public Limited,2026-04-13 13:59:44.126348
2026041304019082,AKPL,58,48,20,277.8,5556.0,Naasa Securities Co. Ltd.,Trishakti Securities Public Limited,2026-04-13 13:59:57.686023
2026041304019161,AKPL,44,42,1000,277.7,277700.0,Dynamic Money Managers Securities Pvt. Ltd.,Sani Securities Company Ltd.,2026-04-13 14:01:15.767520
2026041304019191,AKPL,32,42,376,277.7,104415.2,Premier Securities Company Ltd.,Sani Securities Company Ltd.,2026-04-13 14:01:57.932303
2026041304019227,AKPL,49,32,500,277.0,138500.0,Online Securities Pvt. Ltd.,Premier Securities Company Ltd.,2026-04-13 14:02:30.562012
2026041304019228,AKPL,74,32,283,277.0,78391.0,KALASH STOCK MARKET PVT. LTD.,Premier Securities Company Ltd.,2026-04-13 14:02:30.562597
2026041304019339,AKPL,95,21,55,277.0,15235.0,Magnet Securities and Investment Company Private Limited,Midas Stock Broking Company Private Limited,2026-04-13 14:03:46.072727
2026041304019549,AKPL,52,60,43,276.8,11902.4,Sundhara Securities Limited,Nagarik Stock Dealer ,2026-04-13 14:06:53.383254
2026041304019550,AKPL,34,60,200,276.7,55340.0,Vision Securities Pvt. Ltd,Nagarik Stock Dealer ,2026-04-13 14:06:53.383869
2026041304019551,AKPL,57,60,40,276.6,11064.0,Aryatara Investment & Securities,Nagarik Stock Dealer ,2026-04-13 14:06:53.384268
2026041304019552,AKPL,49,60,45,276.5,12442.5,Online Securities Pvt. Ltd.,Nagarik Stock Dealer ,2026-04-13 14:06:53.384650
2026041304019553,AKPL,56,60,40,276.5,11060.0,Sri Hari Securities Pvt. Ltd.,Nagarik Stock Dealer ,2026-04-13 14:06:53.385041
2026041304019554,AKPL,51,60,200,276.2,55240.0,Oxford Securities Pvt. Ltd.,Nagarik Stock Dealer ,2026-04-13 14:06:53.385415
2026041304019555,AKPL,83,60,150,276.2,41430.0,Sanima Securities Limited,Nagarik Stock Dealer ,2026-04-13 14:06:53.385794
2026041304019556,AKPL,33,60,50,276.1,13805.0,Dakshinkali Investment & Securities Pvt. Ltd.,Nagarik Stock Dealer ,2026-04-13 14:06:53.386154
2026041304019557,AKPL,51,60,200,276.1,55220.0,Oxford Securities Pvt. Ltd.,Nagarik Stock Dealer ,2026-04-13 14:06:53.386544
2026041304019558,AKPL,48,60,100,276.0,27600.0,Trishakti Securities Public Limited,Nagarik Stock Dealer ,2026-04-13 14:06:53.386905
2026041304019559,AKPL,34,60,200,276.0,55200.0,Vision Securities Pvt. Ltd,Nagarik Stock Dealer ,2026-04-13 14:06:53.387288
2026041304019560,AKPL,7,60,50,276.0,13800.0,J.F. Securites (PVT) Ltd.,Nagarik Stock Dealer ,2026-04-13 14:06:53.387653
2026041304019561,AKPL,46,60,20,276.0,5520.0,Kalika Securities Pvt. Ltd.,Nagarik Stock Dealer ,2026-04-13 14:06:53.387990
2026041304019562,AKPL,16,60,2162,276.0,596712.0,Primo Securities (PVT) Ltd.,Nagarik Stock Dealer ,2026-04-13 14:06:53.388381
2026041304019581,AKPL,16,60,500,276.0,138000.0,Primo Securities (PVT) Ltd.,Nagarik Stock Dealer ,2026-04-13 14:07:11.614402
2026041304019612,AKPL,38,68,11,276.1,3037.1,Dipshikha Dhitopatra Karobar Co. Pvt Ltd.,Elite Stock House Limited,2026-04-13 14:07:41.936128
2026041304019613,AKPL,16,68,338,276.0,93288.0,Primo Securities (PVT) Ltd.,Elite Stock House Limited,2026-04-13 14:07:41.936417
2026041304019821,AKPL,34,79,2000,275.7,551400.0,Vision Securities Pvt. Ltd,pahiinvestment,2026-04-13 14:09:37.421617
2026041304019854,AKPL,3,81,100,275.6,27560.0,Arun Securities (PVT) Ltd.,Aakashbhairab Securities Ltd.,2026-04-13 14:10:03.074917
2026041304019855,AKPL,14,81,100,275.5,27550.0,Nepal Stock House (PVT) Ltd.,Aakashbhairab Securities Ltd.,2026-04-13 14:10:03.075035
2026041304019889,AKPL,42,79,10,275.7,2757.0,Sani Securities Company Ltd.,pahiinvestment,2026-04-13 14:10:28.776022
2026041304019989,AKPL,14,45,964,275.5,265582.0,Nepal Stock House (PVT) Ltd.,Imperial Securities Company Pvt. Ltd.,2026-04-13 14:10:57.999093
2026041304019990,AKPL,38,45,20,275.5,5510.0,Dipshikha Dhitopatra Karobar Co. Pvt Ltd.,Imperial Securities Company Pvt. Ltd.,2026-04-13 14:10:57.999416
2026041304019991,AKPL,96,45,10,275.5,2755.0,Himalayan Securities Limited,Imperial Securities Company Pvt. Ltd.,2026-04-13 14:10:57.999541
2026041304019994,AKPL,25,79,150,275.5,41325.0,Sweta Securities Private Limited,pahiinvestment,2026-04-13 14:10:59.021176
2026041304019995,AKPL,3,79,100,275.5,27550.0,Arun Securities (PVT) Ltd.,pahiinvestment,2026-04-13 14:10:59.021791
2026041304019996,AKPL,49,79,10,275.5,2755.0,Online Securities Pvt. Ltd.,pahiinvestment,2026-04-13 14:10:59.022134
2026041304019997,AKPL,32,79,1430,275.5,393965.0,Premier Securities Company Ltd.,pahiinvestment,2026-04-13 14:10:59.022480
2026041304020037,AKPL,51,68,29,276.0,8004.0,Oxford Securities Pvt. Ltd.,Elite Stock House Limited,2026-04-13 14:11:32.053346
2026041304020153,AKPL,4,68,100,276.0,27600.0,Opal Securities Investment (PVT) Ltd.,Elite Stock House Limited,2026-04-13 14:12:42.284022
2026041304020154,AKPL,32,45,570,275.5,157035.0,Premier Securities Company Ltd.,Imperial Securities Company Pvt. Ltd.,2026-04-13 14:12:43.329305
2026041304020155,AKPL,49,45,180,275.5,49590.0,Online Securities Pvt. Ltd.,Imperial Securities Company Pvt. Ltd.,2026-04-13 14:12:43.329857
2026041304020365,AKPL,6,61,30,275.6,8268.0,Agrawal Securities (PVT) Ltd.,BHOLE GANESH SECURITIES LTD,2026-04-13 14:14:41.666201
2026041304020477,AKPL,49,68,22,276.0,6072.0,Online Securities Pvt. Ltd.,Elite Stock House Limited,2026-04-13 14:15:40.154780
2026041304020478,AKPL,49,21,78,276.0,21528.0,Online Securities Pvt. Ltd.,Midas Stock Broking Company Private Limited,2026-04-13 14:15:40.155096
2026041304020561,AKPL,16,21,67,275.8,18478.6,Primo Securities (PVT) Ltd.,Midas Stock Broking Company Private Limited,2026-04-13 14:16:47.667902
2026041304020711,AKPL,94,49,10,276.0,2760.0,K.B.L. Securities Limited ,Online Securities Pvt. Ltd.,2026-04-13 14:18:14.336203
2026041304020796,AKPL,32,49,10,276.0,2760.0,Premier Securities Company Ltd.,Online Securities Pvt. Ltd.,2026-04-13 14:19:12.867751
2026041304020797,AKPL,32,56,100,276.0,27600.0,Premier Securities Company Ltd.,Sri Hari Securities Pvt. Ltd.,2026-04-13 14:19:12.868345
2026041304020949,AKPL,32,35,33,276.0,9108.0,Premier Securities Company Ltd.,Kohinoor Investment & Securities Pvt. Ltd.,2026-04-13 14:20:43.830264
2026041304021302,AKPL,32,21,57,276.0,15732.0,Premier Securities Company Ltd.,Midas Stock Broking Company Private Limited,2026-04-13 14:23:42.364044
2026041304021303,AKPL,58,21,43,276.0,11868.0,Naasa Securities Co. Ltd.,Midas Stock Broking Company Private Limited,2026-04-13 14:23:42.364376
2026041304021395,AKPL,28,6,10,276.1,2761.0,Shree Krishna Securities Ltd.,Agrawal Securities (PVT) Ltd.,2026-04-13 14:24:04.134113
2026041304021396,AKPL,28,6,590,276.1,162899.0,Shree Krishna Securities Ltd.,Agrawal Securities (PVT) Ltd.,2026-04-13 14:24:04.134693
2026041304021431,AKPL,61,32,3000,277.0,831000.0,BHOLE GANESH SECURITIES LTD,Premier Securities Company Ltd.,2026-04-13 14:24:27.728351
2026041304021432,AKPL,61,38,1500,277.0,415500.0,BHOLE GANESH SECURITIES LTD,Dipshikha Dhitopatra Karobar Co. Pvt Ltd.,2026-04-13 14:24:27.728393
2026041304021433,AKPL,61,48,200,277.0,55400.0,BHOLE GANESH SECURITIES LTD,Trishakti Securities Public Limited,2026-04-13 14:24:27.728421
2026041304021434,AKPL,61,50,300,277.6,83280.0,BHOLE GANESH SECURITIES LTD,Cristal Kanchanjanga Securites Pvt. Ltd.,2026-04-13 14:24:27.728451
2026041304021712,AKPL,4,50,101,277.6,28037.6,Opal Securities Investment (PVT) Ltd.,Cristal Kanchanjanga Securites Pvt. Ltd.,2026-04-13 14:26:24.214249
2026041304021783,AKPL,101,50,599,277.6,166282.4,APPLE SECURITIES PRIVATE LIMITED,Cristal Kanchanjanga Securites Pvt. Ltd.,2026-04-13 14:26:38.485341
2026041304021784,AKPL,101,42,124,277.7,34434.8,APPLE SECURITIES PRIVATE LIMITED,Sani Securities Company Ltd.,2026-04-13 14:26:38.485950
2026041304021785,AKPL,101,32,3217,277.7,893360.9,APPLE SECURITIES PRIVATE LIMITED,Premier Securities Company Ltd.,2026-04-13 14:26:38.486327
2026041304021786,AKPL,101,48,966,277.8,268354.8,APPLE SECURITIES PRIVATE LIMITED,Trishakti Securities Public Limited,2026-04-13 14:26:38.486696
2026041304021787,AKPL,101,46,94,277.9,26122.6,APPLE SECURITIES PRIVATE LIMITED,Kalika Securities Pvt. Ltd.,2026-04-13 14:26:38.487061
2026041304021816,AKPL,45,46,10,277.9,2779.0,Imperial Securities Company Pvt. Ltd.,Kalika Securities Pvt. Ltd.,2026-04-13 14:26:57.402664
2026041304021979,AKPL,22,42,20,277.5,5550.0,Siprabi Securities Pvt. Ltd.,Sani Securities Company Ltd.,2026-04-13 14:27:56.883923
2026041304022016,AKPL,42,82,365,276.4,100886.0,Sani Securities Company Ltd.,N.M.B. SECURITIES LIMITED,2026-04-13 14:28:10.985496
2026041304022017,AKPL,28,82,10,276.3,2763.0,Shree Krishna Securities Ltd.,N.M.B. SECURITIES LIMITED,2026-04-13 14:28:10.985826
2026041304022018,AKPL,28,82,1136,276.3,313876.8,Shree Krishna Securities Ltd.,N.M.B. SECURITIES LIMITED,2026-04-13 14:28:10.985951
2026041304022019,AKPL,58,82,238,276.3,65759.4,Naasa Securities Co. Ltd.,N.M.B. SECURITIES LIMITED,2026-04-13 14:28:10.986074
2026041304022020,AKPL,6,82,270,276.2,74574.0,Agrawal Securities (PVT) Ltd.,N.M.B. SECURITIES LIMITED,2026-04-13 14:28:10.986197
2026041304022021,AKPL,48,82,981,276.2,270952.2,Trishakti Securities Public Limited,N.M.B. SECURITIES LIMITED,2026-04-13 14:28:10.986344
2026041304022285,AKPL,38,81,150,276.4,41460.0,Dipshikha Dhitopatra Karobar Co. Pvt Ltd.,Aakashbhairab Securities Ltd.,2026-04-13 14:29:45.688028
2026041304022398,AKPL,4,4,800,277.0,221600.0,Opal Securities Investment (PVT) Ltd.,Opal Securities Investment (PVT) Ltd.,2026-04-13 14:30:33.324294
2026041304022435,AKPL,4,48,25,277.0,6925.0,Opal Securities Investment (PVT) Ltd.,Trishakti Securities Public Limited,2026-04-13 14:30:47.998856
2026041304022495,AKPL,45,81,150,277.7,41655.0,Imperial Securities Company Pvt. Ltd.,Aakashbhairab Securities Ltd.,2026-04-13 14:31:13.315191
2026041304022496,AKPL,45,46,1000,277.8,277800.0,Imperial Securities Company Pvt. Ltd.,Kalika Securities Pvt. Ltd.,2026-04-13 14:31:13.315754
2026041304022497,AKPL,45,43,150,277.8,41670.0,Imperial Securities Company Pvt. Ltd.,South Asian Bulls Pvt. Ltd.,2026-04-13 14:31:13.724332
2026041304022533,AKPL,45,34,200,277.8,55560.0,Imperial Securities Company Pvt. Ltd.,Vision Securities Pvt. Ltd,2026-04-13 14:31:32.060598
2026041304022534,AKPL,4,34,175,277.0,48475.0,Opal Securities Investment (PVT) Ltd.,Vision Securities Pvt. Ltd,2026-04-13 14:31:32.061140
2026041304022535,AKPL,48,34,20,277.0,5540.0,Trishakti Securities Public Limited,Vision Securities Pvt. Ltd,2026-04-13 14:31:32.061514
2026041304022691,AKPL,48,43,280,277.0,77560.0,Trishakti Securities Public Limited,South Asian Bulls Pvt. Ltd.,2026-04-13 14:32:43.210427
2026041304022692,AKPL,41,43,300,277.0,83100.0,Linch Stock Market Ltd.,South Asian Bulls Pvt. Ltd.,2026-04-13 14:32:43.210735
2026041304022793,AKPL,53,60,87,277.0,24099.0,Investment Management Nepal Pvt. Ltd.,Nagarik Stock Dealer ,2026-04-13 14:33:33.888930
2026041304022794,AKPL,36,46,25,277.7,6942.5,Secured Securities Ltd.,Kalika Securities Pvt. Ltd.,2026-04-13 14:33:34.324831
2026041304022933,AKPL,53,11,113,277.0,31301.0,Investment Management Nepal Pvt. Ltd.,Malla & Malla Stock Broking Company Pvt. Limited,2026-04-13 14:34:40.150625
2026041304022934,AKPL,74,11,120,276.3,33156.0,KALASH STOCK MARKET PVT. LTD.,Malla & Malla Stock Broking Company Pvt. Limited,2026-04-13 14:34:40.150962
2026041304022935,AKPL,63,11,267,276.3,73772.1,Himalayan Brokerage Company Limited,Malla & Malla Stock Broking Company Pvt. Limited,2026-04-13 14:34:40.151088
2026041304022968,AKPL,63,11,27,276.3,7460.1,Himalayan Brokerage Company Limited,Malla & Malla Stock Broking Company Pvt. Limited,2026-04-13 14:35:02.615032
2026041304023000,AKPL,63,1,210,276.3,58023.0,Himalayan Brokerage Company Limited,Kumari Securities Private Limited,2026-04-13 14:35:20.300438
2026041304023357,AKPL,58,49,40,276.5,11060.0,Naasa Securities Co. Ltd.,Online Securities Pvt. Ltd.,2026-04-13 14:38:03.337388
2026041304023358,AKPL,38,49,40,276.5,11060.0,Dipshikha Dhitopatra Karobar Co. Pvt Ltd.,Online Securities Pvt. Ltd.,2026-04-13 14:38:03.337917
2026041304023359,AKPL,1,49,290,276.4,80156.0,Kumari Securities Private Limited,Online Securities Pvt. Ltd.,2026-04-13 14:38:03.338305
2026041304023465,AKPL,1,44,310,276.4,85684.0,Kumari Securities Private Limited,Dynamic Money Managers Securities Pvt. Ltd.,2026-04-13 14:38:51.552226
2026041304023532,AKPL,1,42,50,276.4,13820.0,Kumari Securities Private Limited,Sani Securities Company Ltd.,2026-04-13 14:39:09.190260
2026041304023556,AKPL,1,60,1350,276.4,373140.0,Kumari Securities Private Limited,Nagarik Stock Dealer ,2026-04-13 14:39:29.035018
2026041304023558,AKPL,49,60,180,276.4,49752.0,Online Securities Pvt. Ltd.,Nagarik Stock Dealer ,2026-04-13 14:39:32.880102
2026041304023611,AKPL,63,62,196,276.3,54154.8,Himalayan Brokerage Company Limited,Capital Max Securities Ltd,2026-04-13 14:39:53.777542
2026041304023635,AKPL,48,45,19,276.2,5247.8,Trishakti Securities Public Limited,Imperial Securities Company Pvt. Ltd.,2026-04-13 14:40:09.587951
2026041304023636,AKPL,44,45,82,276.2,22648.4,Dynamic Money Managers Securities Pvt. Ltd.,Imperial Securities Company Pvt. Ltd.,2026-04-13 14:40:09.588248
2026041304023686,AKPL,44,60,280,276.2,77336.0,Dynamic Money Managers Securities Pvt. Ltd.,Nagarik Stock Dealer ,2026-04-13 14:40:29.035657
2026041304023687,AKPL,58,60,500,276.1,138050.0,Naasa Securities Co. Ltd.,Nagarik Stock Dealer ,2026-04-13 14:40:29.036222
2026041304023688,AKPL,58,60,11,276.0,3036.0,Naasa Securities Co. Ltd.,Nagarik Stock Dealer ,2026-04-13 14:40:29.036616
2026041304023689,AKPL,40,60,679,276.0,187404.0,Creative Securities Pvt Ltd,Nagarik Stock Dealer ,2026-04-13 14:40:29.036960
2026041304023782,AKPL,40,43,321,276.0,88596.0,Creative Securities Pvt Ltd,South Asian Bulls Pvt. Ltd.,2026-04-13 14:41:22.197790
2026041304023783,AKPL,38,43,10,276.0,2760.0,Dipshikha Dhitopatra Karobar Co. Pvt Ltd.,South Asian Bulls Pvt. Ltd.,2026-04-13 14:41:22.198363
2026041304023784,AKPL,17,43,669,276.0,184644.0,ABC Securities Private Limited,South Asian Bulls Pvt. Ltd.,2026-04-13 14:41:22.198715
2026041304023822,AKPL,17,38,240,276.0,66240.0,ABC Securities Private Limited,Dipshikha Dhitopatra Karobar Co. Pvt Ltd.,2026-04-13 14:41:41.129058
2026041304023846,AKPL,36,62,1941,276.3,536298.3,Secured Securities Ltd.,Capital Max Securities Ltd,2026-04-13 14:41:53.208962
2026041304023915,AKPL,28,62,2863,276.3,791046.9,Shree Krishna Securities Ltd.,Capital Max Securities Ltd,2026-04-13 14:42:19.451545
2026041304023916,AKPL,28,10,100,276.3,27630.0,Shree Krishna Securities Ltd.,Pragyan Securities (PVT) Ltd.,2026-04-13 14:42:19.452119
2026041304023917,AKPL,28,60,200,277.0,55400.0,Shree Krishna Securities Ltd.,Nagarik Stock Dealer ,2026-04-13 14:42:19.452513
2026041304023918,AKPL,28,47,1837,277.0,508849.0,Shree Krishna Securities Ltd.,Neev Securities Pvt. Ltd.,2026-04-13 14:42:19.452861
2026041304023945,AKPL,28,47,163,277.0,45151.0,Shree Krishna Securities Ltd.,Neev Securities Pvt. Ltd.,2026-04-13 14:42:31.586536
2026041304023946,AKPL,28,17,700,277.5,194250.0,Shree Krishna Securities Ltd.,ABC Securities Private Limited,2026-04-13 14:42:31.586587
2026041304023947,AKPL,28,46,975,277.7,270757.5,Shree Krishna Securities Ltd.,Kalika Securities Pvt. Ltd.,2026-04-13 14:42:31.586628
2026041304023948,AKPL,28,38,195,277.8,54171.0,Shree Krishna Securities Ltd.,Dipshikha Dhitopatra Karobar Co. Pvt Ltd.,2026-04-13 14:42:31.586650
2026041304023949,AKPL,28,46,56,277.9,15562.4,Shree Krishna Securities Ltd.,Kalika Securities Pvt. Ltd.,2026-04-13 14:42:31.586682
2026041304023950,AKPL,28,72,1000,277.9,277900.0,Shree Krishna Securities Ltd.,Hatemalo Financial Services Private Limited,2026-04-13 14:42:31.586704
2026041304023951,AKPL,28,46,30,277.9,8337.0,Shree Krishna Securities Ltd.,Kalika Securities Pvt. Ltd.,2026-04-13 14:42:31.586756
2026041304023952,AKPL,28,17,500,277.9,138950.0,Shree Krishna Securities Ltd.,ABC Securities Private Limited,2026-04-13 14:42:31.586777
2026041304023953,AKPL,28,32,500,277.9,138950.0,Shree Krishna Securities Ltd.,Premier Securities Company Ltd.,2026-04-13 14:42:31.586796
2026041304023954,AKPL,28,6,100,278.0,27800.0,Shree Krishna Securities Ltd.,Agrawal Securities (PVT) Ltd.,2026-04-13 14:42:31.586818
2026041304023955,AKPL,28,34,300,278.0,83400.0,Shree Krishna Securities Ltd.,Vision Securities Pvt. Ltd,2026-04-13 14:42:31.586853
2026041304023956,AKPL,28,58,272,278.0,75616.0,Shree Krishna Securities Ltd.,Naasa Securities Co. Ltd.,2026-04-13 14:42:31.586890
2026041304023957,AKPL,28,50,209,278.0,58102.0,Shree Krishna Securities Ltd.,Cristal Kanchanjanga Securites Pvt. Ltd.,2026-04-13 14:42:31.586911
2026041304023982,AKPL,28,50,48,278.0,13344.0,Shree Krishna Securities Ltd.,Cristal Kanchanjanga Securites Pvt. Ltd.,2026-04-13 14:42:43.320299
2026041304023983,AKPL,28,33,100,278.0,27800.0,Shree Krishna Securities Ltd.,Dakshinkali Investment & Securities Pvt. Ltd.,2026-04-13 14:42:43.320406
2026041304023984,AKPL,28,48,500,278.0,139000.0,Shree Krishna Securities Ltd.,Trishakti Securities Public Limited,2026-04-13 14:42:43.320475
2026041304023985,AKPL,28,57,200,278.0,55600.0,Shree Krishna Securities Ltd.,Aryatara Investment & Securities,2026-04-13 14:42:43.320539
2026041304023986,AKPL,28,38,50,278.0,13900.0,Shree Krishna Securities Ltd.,Dipshikha Dhitopatra Karobar Co. Pvt Ltd.,2026-04-13 14:42:43.320607
2026041304023987,AKPL,28,21,916,278.0,254648.0,Shree Krishna Securities Ltd.,Midas Stock Broking Company Private Limited,2026-04-13 14:42:43.320668
2026041304023988,AKPL,28,16,300,278.0,83400.0,Shree Krishna Securities Ltd.,Primo Securities (PVT) Ltd.,2026-04-13 14:42:43.320729
2026041304023989,AKPL,28,49,200,278.0,55600.0,Shree Krishna Securities Ltd.,Online Securities Pvt. Ltd.,2026-04-13 14:42:43.320792
2026041304023990,AKPL,28,19,950,278.5,264575.0,Shree Krishna Securities Ltd.,Nepal Investment And Securities Trading Private Limited,2026-04-13 14:42:43.320854
2026041304023991,AKPL,28,14,295,278.5,82157.5,Shree Krishna Securities Ltd.,Nepal Stock House (PVT) Ltd.,2026-04-13 14:42:43.320920
2026041304023992,AKPL,28,58,250,278.5,69625.0,Shree Krishna Securities Ltd.,Naasa Securities Co. Ltd.,2026-04-13 14:42:43.320972
2026041304023993,AKPL,28,45,1800,278.9,502020.0,Shree Krishna Securities Ltd.,Imperial Securities Company Pvt. Ltd.,2026-04-13 14:42:43.321035
2026041304023994,AKPL,28,11,10,279.0,2790.0,Shree Krishna Securities Ltd.,Malla & Malla Stock Broking Company Pvt. Limited,2026-04-13 14:42:43.321100
2026041304023995,AKPL,28,25,200,279.0,55800.0,Shree Krishna Securities Ltd.,Sweta Securities Private Limited,2026-04-13 14:42:43.321164
2026041304023996,AKPL,28,54,500,279.0,139500.0,Shree Krishna Securities Ltd.,Sewa Securities Pvt. Ltd.,2026-04-13 14:42:43.321227
2026041304023997,AKPL,28,33,100,279.0,27900.0,Shree Krishna Securities Ltd.,Dakshinkali Investment & Securities Pvt. Ltd.,2026-04-13 14:42:43.321284
2026041304023998,AKPL,28,18,200,279.0,55800.0,Shree Krishna Securities Ltd.,Sagarmatha Securities Private Limited,2026-04-13 14:42:43.321386
2026041304023999,AKPL,28,58,50,279.0,13950.0,Shree Krishna Securities Ltd.,Naasa Securities Co. Ltd.,2026-04-13 14:42:43.321449
2026041304024000,AKPL,28,57,500,279.0,139500.0,Shree Krishna Securities Ltd.,Aryatara Investment & Securities,2026-04-13 14:42:43.321514
2026041304024001,AKPL,28,10,250,279.0,69750.0,Shree Krishna Securities Ltd.,Pragyan Securities (PVT) Ltd.,2026-04-13 14:42:43.321577
2026041304024002,AKPL,28,41,2500,279.0,697500.0,Shree Krishna Securities Ltd.,Linch Stock Market Ltd.,2026-04-13 14:42:43.321639
2026041304024003,AKPL,28,51,81,279.0,22599.0,Shree Krishna Securities Ltd.,Oxford Securities Pvt. Ltd.,2026-04-13 14:42:43.321712
2026041304024028,AKPL,28,51,419,279.0,116901.0,Shree Krishna Securities Ltd.,Oxford Securities Pvt. Ltd.,2026-04-13 14:42:58.883116
2026041304024029,AKPL,28,38,500,279.1,139550.0,Shree Krishna Securities Ltd.,Dipshikha Dhitopatra Karobar Co. Pvt Ltd.,2026-04-13 14:42:58.883203
2026041304024030,AKPL,28,53,500,279.5,139750.0,Shree Krishna Securities Ltd.,Investment Management Nepal Pvt. Ltd.,2026-04-13 14:42:58.883233
2026041304024031,AKPL,28,45,500,279.5,139750.0,Shree Krishna Securities Ltd.,Imperial Securities Company Pvt. Ltd.,2026-04-13 14:42:58.883260
2026041304024032,AKPL,28,35,500,280.0,140000.0,Shree Krishna Securities Ltd.,Kohinoor Investment & Securities Pvt. Ltd.,2026-04-13 14:42:58.883285
2026041304024033,AKPL,28,54,500,280.0,140000.0,Shree Krishna Securities Ltd.,Sewa Securities Pvt. Ltd.,2026-04-13 14:42:58.883310
2026041304024034,AKPL,28,57,200,280.0,56000.0,Shree Krishna Securities Ltd.,Aryatara Investment & Securities,2026-04-13 14:42:58.883341
2026041304024035,AKPL,28,42,15,280.0,4200.0,Shree Krishna Securities Ltd.,Sani Securities Company Ltd.,2026-04-13 14:42:58.883368
2026041304024036,AKPL,28,51,250,280.0,70000.0,Shree Krishna Securities Ltd.,Oxford Securities Pvt. Ltd.,2026-04-13 14:42:58.883394
2026041304024037,AKPL,28,29,10,280.0,2800.0,Shree Krishna Securities Ltd.,Trisul Securities & Invt. Ltd.,2026-04-13 14:42:58.883417
2026041304024038,AKPL,28,33,50,280.0,14000.0,Shree Krishna Securities Ltd.,Dakshinkali Investment & Securities Pvt. Ltd.,2026-04-13 14:42:58.883441
2026041304024039,AKPL,28,59,200,280.0,56000.0,Shree Krishna Securities Ltd.,Deevyaa Securities & Stock House Pvt. Ltd,2026-04-13 14:42:58.883465
2026041304024040,AKPL,28,45,50,280.0,14000.0,Shree Krishna Securities Ltd.,Imperial Securities Company Pvt. Ltd.,2026-04-13 14:42:58.883487
2026041304024041,AKPL,28,42,3700,280.0,1036000.0,Shree Krishna Securities Ltd.,Sani Securities Company Ltd.,2026-04-13 14:42:58.883511
2026041304024042,AKPL,28,49,565,280.0,158200.0,Shree Krishna Securities Ltd.,Online Securities Pvt. Ltd.,2026-04-13 14:42:58.883542
2026041304024043,AKPL,28,16,400,280.0,112000.0,Shree Krishna Securities Ltd.,Primo Securities (PVT) Ltd.,2026-04-13 14:42:58.883619
2026041304024044,AKPL,28,45,20,280.0,5600.0,Shree Krishna Securities Ltd.,Imperial Securities Company Pvt. Ltd.,2026-04-13 14:42:58.883677
2026041304024045,AKPL,28,58,49,280.0,13720.0,Shree Krishna Securities Ltd.,Naasa Securities Co. Ltd.,2026-04-13 14:42:58.883698
2026041304024046,AKPL,28,11,35,280.0,9800.0,Shree Krishna Securities Ltd.,Malla & Malla Stock Broking Company Pvt. Limited,2026-04-13 14:42:58.883721
2026041304024047,AKPL,28,57,200,280.0,56000.0,Shree Krishna Securities Ltd.,Aryatara Investment & Securities,2026-04-13 14:42:58.883745
2026041304024048,AKPL,28,41,350,280.0,98000.0,Shree Krishna Securities Ltd.,Linch Stock Market Ltd.,2026-04-13 14:42:58.883774
2026041304024049,AKPL,28,56,12,280.0,3360.0,Shree Krishna Securities Ltd.,Sri Hari Securities Pvt. Ltd.,2026-04-13 14:42:58.883799
2026041304024050,AKPL,28,48,300,280.0,84000.0,Shree Krishna Securities Ltd.,Trishakti Securities Public Limited,2026-04-13 14:42:58.883823
2026041304024051,AKPL,28,36,300,280.7,84210.0,Shree Krishna Securities Ltd.,Secured Securities Ltd.,2026-04-13 14:42:58.883850
2026041304024052,AKPL,28,53,375,281.0,105375.0,Shree Krishna Securities Ltd.,Investment Management Nepal Pvt. Ltd.,2026-04-13 14:42:58.883876
2026041304024112,AKPL,17,43,91,276.0,25116.0,ABC Securities Private Limited,South Asian Bulls Pvt. Ltd.,2026-04-13 14:43:15.855985
2026041304024113,AKPL,22,43,50,276.0,13800.0,Siprabi Securities Pvt. Ltd.,South Asian Bulls Pvt. Ltd.,2026-04-13 14:43:15.856233
2026041304024114,AKPL,44,43,200,276.0,55200.0,Dynamic Money Managers Securities Pvt. Ltd.,South Asian Bulls Pvt. Ltd.,2026-04-13 14:43:15.856350
2026041304024115,AKPL,53,43,25,276.0,6900.0,Investment Management Nepal Pvt. Ltd.,South Asian Bulls Pvt. Ltd.,2026-04-13 14:43:15.856452
2026041304024116,AKPL,21,43,50,276.0,13800.0,Midas Stock Broking Company Private Limited,South Asian Bulls Pvt. Ltd.,2026-04-13 14:43:15.856552
2026041304024118,AKPL,58,43,10,276.0,2760.0,Naasa Securities Co. Ltd.,South Asian Bulls Pvt. Ltd.,2026-04-13 14:43:16.917488
2026041304024180,AKPL,58,60,10,280.0,2800.0,Naasa Securities Co. Ltd.,Nagarik Stock Dealer ,2026-04-13 14:43:40.563369
2026041304024962,AKPL,36,57,10,277.1,2771.0,Secured Securities Ltd.,Aryatara Investment & Securities,2026-04-13 14:48:24.077845
2026041304024963,AKPL,63,57,80,277.1,22168.0,Himalayan Brokerage Company Limited,Aryatara Investment & Securities,2026-04-13 14:48:24.078459
2026041304025042,AKPL,22,46,20,279.0,5580.0,Siprabi Securities Pvt. Ltd.,Kalika Securities Pvt. Ltd.,2026-04-13 14:48:49.488332
2026041304025043,AKPL,22,58,250,279.0,69750.0,Siprabi Securities Pvt. Ltd.,Naasa Securities Co. Ltd.,2026-04-13 14:48:49.488601
2026041304025275,AKPL,25,36,100,279.0,27900.0,Sweta Securities Private Limited,Secured Securities Ltd.,2026-04-13 14:50:02.668159
2026041304025276,AKPL,25,39,500,279.0,139500.0,Sweta Securities Private Limited,Sumeru Securities Pvt. Ltd.,2026-04-13 14:50:02.668434
2026041304025465,AKPL,34,60,250,278.9,69725.0,Vision Securities Pvt. Ltd,Nagarik Stock Dealer ,2026-04-13 14:51:05.429356
2026041304025557,AKPL,47,60,40,278.9,11156.0,Neev Securities Pvt. Ltd.,Nagarik Stock Dealer ,2026-04-13 14:51:31.129819
2026041304025558,AKPL,47,40,60,278.9,16734.0,Neev Securities Pvt. Ltd.,Creative Securities Pvt Ltd,2026-04-13 14:51:31.130346
2026041304025806,AKPL,44,42,50,278.0,13900.0,Dynamic Money Managers Securities Pvt. Ltd.,Sani Securities Company Ltd.,2026-04-13 14:52:34.688256
2026041304025847,AKPL,57,49,330,277.2,91476.0,Aryatara Investment & Securities,Online Securities Pvt. Ltd.,2026-04-13 14:52:52.358250
2026041304025848,AKPL,63,49,220,277.1,60962.0,Himalayan Brokerage Company Limited,Online Securities Pvt. Ltd.,2026-04-13 14:52:52.358561
2026041304025849,AKPL,14,49,950,277.1,263245.0,Nepal Stock House (PVT) Ltd.,Online Securities Pvt. Ltd.,2026-04-13 14:52:52.358672
2026041304025850,AKPL,36,42,50,278.0,13900.0,Secured Securities Ltd.,Sani Securities Company Ltd.,2026-04-13 14:52:52.518441
2026041304025871,AKPL,42,40,65,278.8,18122.0,Sani Securities Company Ltd.,Creative Securities Pvt Ltd,2026-04-13 14:52:57.799667
2026041304025876,AKPL,14,1,50,277.1,13855.0,Nepal Stock House (PVT) Ltd.,Kumari Securities Private Limited,2026-04-13 14:52:59.070816
2026041304025877,AKPL,49,1,1000,277.0,277000.0,Online Securities Pvt. Ltd.,Kumari Securities Private Limited,2026-04-13 14:52:59.071378
2026041304025878,AKPL,49,1,1000,277.0,277000.0,Online Securities Pvt. Ltd.,Kumari Securities Private Limited,2026-04-13 14:52:59.071733
2026041304025879,AKPL,42,1,500,277.0,138500.0,Sani Securities Company Ltd.,Kumari Securities Private Limited,2026-04-13 14:52:59.072086
2026041304025949,AKPL,50,1,1000,277.0,277000.0,Cristal Kanchanjanga Securites Pvt. Ltd.,Kumari Securities Private Limited,2026-04-13 14:53:16.564644
2026041304025978,AKPL,50,57,50,277.0,13850.0,Cristal Kanchanjanga Securites Pvt. Ltd.,Aryatara Investment & Securities,2026-04-13 14:53:27.972127
2026041304025980,AKPL,50,49,1500,277.0,415500.0,Cristal Kanchanjanga Securites Pvt. Ltd.,Online Securities Pvt. Ltd.,2026-04-13 14:53:29.822067
2026041304026066,AKPL,57,40,755,278.0,209890.0,Aryatara Investment & Securities,Creative Securities Pvt Ltd,2026-04-13 14:53:51.083810
2026041304026074,AKPL,57,25,10,278.0,2780.0,Aryatara Investment & Securities,Sweta Securities Private Limited,2026-04-13 14:53:53.170933
2026041304026162,AKPL,57,37,490,278.0,136220.0,Aryatara Investment & Securities,Swarna Laxmi Securities Pvt. Ltd.,2026-04-13 14:54:18.315220
2026041304026407,AKPL,28,37,10,278.0,2780.0,Shree Krishna Securities Ltd.,Swarna Laxmi Securities Pvt. Ltd.,2026-04-13 14:55:13.528538
2026041304026408,AKPL,28,41,1000,278.0,278000.0,Shree Krishna Securities Ltd.,Linch Stock Market Ltd.,2026-04-13 14:55:13.528850
2026041304026445,AKPL,28,37,500,278.0,139000.0,Shree Krishna Securities Ltd.,Swarna Laxmi Securities Pvt. Ltd.,2026-04-13 14:55:20.833913
2026041304026582,AKPL,28,4,50,278.0,13900.0,Shree Krishna Securities Ltd.,Opal Securities Investment (PVT) Ltd.,2026-04-13 14:55:53.086656
2026041304026657,AKPL,28,45,425,278.0,118150.0,Shree Krishna Securities Ltd.,Imperial Securities Company Pvt. Ltd.,2026-04-13 14:56:10.942607
2026041304026809,AKPL,28,35,100,278.7,27870.0,Shree Krishna Securities Ltd.,Kohinoor Investment & Securities Pvt. Ltd.,2026-04-13 14:56:43.800127
2026041304026810,AKPL,28,45,2500,278.8,697000.0,Shree Krishna Securities Ltd.,Imperial Securities Company Pvt. Ltd.,2026-04-13 14:56:43.800433
2026041304026811,AKPL,28,46,415,279.0,115785.0,Shree Krishna Securities Ltd.,Kalika Securities Pvt. Ltd.,2026-04-13 14:56:43.800555
2026041304026864,AKPL,42,46,435,279.0,121365.0,Sani Securities Company Ltd.,Kalika Securities Pvt. Ltd.,2026-04-13 14:56:56.884045
2026041304026865,AKPL,42,58,65,279.0,18135.0,Sani Securities Company Ltd.,Naasa Securities Co. Ltd.,2026-04-13 14:56:56.884625
2026041304027107,AKPL,38,48,60,278.0,16680.0,Dipshikha Dhitopatra Karobar Co. Pvt Ltd.,Trishakti Securities Public Limited,2026-04-13 14:57:43.749636
2026041304027108,AKPL,45,48,180,278.0,50040.0,Imperial Securities Company Pvt. Ltd.,Trishakti Securities Public Limited,2026-04-13 14:57:43.749910
2026041304027109,AKPL,1,48,10,277.5,2775.0,Kumari Securities Private Limited,Trishakti Securities Public Limited,2026-04-13 14:57:43.750031
2026041304027110,AKPL,14,48,136,277.0,37672.0,Nepal Stock House (PVT) Ltd.,Trishakti Securities Public Limited,2026-04-13 14:57:43.750148
2026041304027111,AKPL,26,48,369,277.0,102213.0,Asian Securities Private Ltd.,Trishakti Securities Public Limited,2026-04-13 14:57:43.750260
2026041304027112,AKPL,50,48,245,277.0,67865.0,Cristal Kanchanjanga Securites Pvt. Ltd.,Trishakti Securities Public Limited,2026-04-13 14:57:43.750384
2026041304027286,AKPL,62,22,100,278.5,27850.0,Capital Max Securities Ltd,Siprabi Securities Pvt. Ltd.,2026-04-13 14:58:08.250288
2026041304027387,AKPL,62,39,10,278.0,2780.0,Capital Max Securities Ltd,Sumeru Securities Pvt. Ltd.,2026-04-13 14:58:21.776506
2026041304027435,AKPL,74,39,500,278.0,139000.0,KALASH STOCK MARKET PVT. LTD.,Sumeru Securities Pvt. Ltd.,2026-04-13 14:58:31.838890
2026041304027550,AKPL,36,59,500,277.1,138550.0,Secured Securities Ltd.,Deevyaa Securities & Stock House Pvt. Ltd,2026-04-13 14:58:39.739892
2026041304027720,AKPL,4,39,108,278.0,30024.0,Opal Securities Investment (PVT) Ltd.,Sumeru Securities Pvt. Ltd.,2026-04-13 14:58:58.694438
2026041304027748,AKPL,36,45,110,277.1,30481.0,Secured Securities Ltd.,Imperial Securities Company Pvt. Ltd.,2026-04-13 14:59:04.134608
2026041304027832,AKPL,36,62,10,277.1,2771.0,Secured Securities Ltd.,Capital Max Securities Ltd,2026-04-13 14:59:14.627601
2026041304027924,AKPL,10,39,132,278.0,36696.0,Pragyan Securities (PVT) Ltd.,Sumeru Securities Pvt. Ltd.,2026-04-13 14:59:19.461877
2026041304027925,AKPL,10,58,30,278.0,8340.0,Pragyan Securities (PVT) Ltd.,Naasa Securities Co. Ltd.,2026-04-13 14:59:19.462190
2026041304027926,AKPL,10,60,200,278.0,55600.0,Pragyan Securities (PVT) Ltd.,Nagarik Stock Dealer ,2026-04-13 14:59:19.462307
2026041304027941,AKPL,10,26,281,278.0,78118.0,Pragyan Securities (PVT) Ltd.,Asian Securities Private Ltd.,2026-04-13 14:59:21.714922
2026041304027942,AKPL,36,26,380,277.1,105298.0,Secured Securities Ltd.,Asian Securities Private Ltd.,2026-04-13 14:59:21.715173
2026041304027943,AKPL,4,26,339,277.1,93936.9,Opal Securities Investment (PVT) Ltd.,Asian Securities Private Ltd.,2026-04-13 14:59:21.715302
2026041304028110,AKPL,38,39,500,278.0,139000.0,Dipshikha Dhitopatra Karobar Co. Pvt Ltd.,Sumeru Securities Pvt. Ltd.,2026-04-13 14:59:33.822929
2026041304028111,AKPL,58,39,200,278.0,55600.0,Naasa Securities Co. Ltd.,Sumeru Securities Pvt. Ltd.,2026-04-13 14:59:33.823194
2026041304028396,AKPL,62,14,30,277.5,8325.0,Capital Max Securities Ltd,Nepal Stock House (PVT) Ltd.,2026-04-13 14:59:51.643430
2026041304028598,AKPL,17,39,100,278.0,27800.0,ABC Securities Private Limited,Sumeru Securities Pvt. Ltd.,2026-04-13 14:59:57.732254
