contractId,stockSymbol,buyerMemberId,sellerMemberId,quantity,rate,amount,businessDate,tradeBookId,stockId,buyerBrokerName,sellerBrokerName,transaction_time,securityName
2026041304000063,API,22,34,100,351.0,35100.0,2026-04-13,186083187,697,Siprabi Securities Pvt. Ltd.,Vision Securities Pvt. Ltd,2026-04-13 11:00:50.911668,Api Power Company Ltd.
2026041304000088,API,29,34,150,350.1,52515.0,2026-04-13,186083398,697,Trisul Securities & Invt. Ltd.,Vision Securities Pvt. Ltd,2026-04-13 11:01:01.119857,Api Power Company Ltd.
2026041304000089,API,59,34,150,350.0,52500.0,2026-04-13,186083399,697,Deevyaa Securities & Stock House Pvt. Ltd,Vision Securities Pvt. Ltd,2026-04-13 11:01:01.120002,Api Power Company Ltd.
2026041304000090,API,59,49,850,350.0,297500.0,2026-04-13,186083404,697,Deevyaa Securities & Stock House Pvt. Ltd,Online Securities Pvt. Ltd.,2026-04-13 11:01:01.169597,Api Power Company Ltd.
2026041304000173,API,22,64,90,349.0,31410.0,2026-04-13,186084499,697,Siprabi Securities Pvt. Ltd.,SUN SECURITIES PVT LTD,2026-04-13 11:01:57.497238,Api Power Company Ltd.
2026041304000174,API,22,32,20,349.0,6980.0,2026-04-13,186084506,697,Siprabi Securities Pvt. Ltd.,Premier Securities Company Ltd.,2026-04-13 11:01:57.717900,Api Power Company Ltd.
2026041304000194,API,44,11,200,349.0,69800.0,2026-04-13,186084781,697,Dynamic Money Managers Securities Pvt. Ltd.,Malla & Malla Stock Broking Company Pvt. Limited,2026-04-13 11:02:12.844009,Api Power Company Ltd.
2026041304000220,API,44,32,280,349.0,97720.0,2026-04-13,186085308,697,Dynamic Money Managers Securities Pvt. Ltd.,Premier Securities Company Ltd.,2026-04-13 11:02:39.774795,Api Power Company Ltd.
2026041304000231,API,58,32,200,349.0,69800.0,2026-04-13,186085476,697,Naasa Securities Co. Ltd.,Premier Securities Company Ltd.,2026-04-13 11:02:50.953978,Api Power Company Ltd.
2026041304000252,API,1,48,66,348.4,22994.4,2026-04-13,186085723,697,Kumari Securities Private Limited,Trishakti Securities Public Limited,2026-04-13 11:03:00.618353,Api Power Company Ltd.
2026041304000263,API,72,32,200,348.5,69700.0,2026-04-13,186085829,697,Hatemalo Financial Services Private Limited,Premier Securities Company Ltd.,2026-04-13 11:03:06.148717,Api Power Company Ltd.
2026041304000266,API,72,32,800,348.5,278800.0,2026-04-13,186085874,697,Hatemalo Financial Services Private Limited,Premier Securities Company Ltd.,2026-04-13 11:03:08.773167,Api Power Company Ltd.
2026041304000267,API,1,32,200,348.4,69680.0,2026-04-13,186085875,697,Kumari Securities Private Limited,Premier Securities Company Ltd.,2026-04-13 11:03:08.773295,Api Power Company Ltd.
2026041304000273,API,58,68,43,348.6,14989.8,2026-04-13,186085980,697,Naasa Securities Co. Ltd.,Elite Stock House Limited,2026-04-13 11:03:16.632547,Api Power Company Ltd.
2026041304000274,API,1,68,21,348.4,7316.4,2026-04-13,186085981,697,Kumari Securities Private Limited,Elite Stock House Limited,2026-04-13 11:03:16.632649,Api Power Company Ltd.
2026041304000275,API,35,49,100,350.0,35000.0,2026-04-13,186086136,697,Kohinoor Investment & Securities Pvt. Ltd.,Online Securities Pvt. Ltd.,2026-04-13 11:03:22.320254,Api Power Company Ltd.
2026041304000289,API,58,49,350,350.0,122500.0,2026-04-13,186086483,697,Naasa Securities Co. Ltd.,Online Securities Pvt. Ltd.,2026-04-13 11:03:35.491482,Api Power Company Ltd.
2026041304000290,API,58,3,300,350.0,105000.0,2026-04-13,186086485,697,Naasa Securities Co. Ltd.,Arun Securities (PVT) Ltd.,2026-04-13 11:03:35.491587,Api Power Company Ltd.
2026041304000291,API,58,45,100,350.0,35000.0,2026-04-13,186086488,697,Naasa Securities Co. Ltd.,Imperial Securities Company Pvt. Ltd.,2026-04-13 11:03:35.491628,Api Power Company Ltd.
2026041304000357,API,42,32,100,349.0,34900.0,2026-04-13,186087175,697,Sani Securities Company Ltd.,Premier Securities Company Ltd.,2026-04-13 11:04:20.446458,Api Power Company Ltd.
2026041304000378,API,33,49,1000,350.8,350800.0,2026-04-13,186087587,697,Dakshinkali Investment & Securities Pvt. Ltd.,Online Securities Pvt. Ltd.,2026-04-13 11:04:37.121764,Api Power Company Ltd.
2026041304000379,API,33,34,100,350.9,35090.0,2026-04-13,186087589,697,Dakshinkali Investment & Securities Pvt. Ltd.,Vision Securities Pvt. Ltd,2026-04-13 11:04:37.121961,Api Power Company Ltd.
2026041304000380,API,33,6,300,351.0,105300.0,2026-04-13,186087592,697,Dakshinkali Investment & Securities Pvt. Ltd.,Agrawal Securities (PVT) Ltd.,2026-04-13 11:04:37.122087,Api Power Company Ltd.
2026041304000411,API,44,32,100,348.5,34850.0,2026-04-13,186087843,697,Dynamic Money Managers Securities Pvt. Ltd.,Premier Securities Company Ltd.,2026-04-13 11:04:51.150759,Api Power Company Ltd.
2026041304000495,API,42,32,100,349.0,34900.0,2026-04-13,186088843,697,Sani Securities Company Ltd.,Premier Securities Company Ltd.,2026-04-13 11:05:37.613302,Api Power Company Ltd.
2026041304000496,API,42,10,400,350.8,140320.0,2026-04-13,186088846,697,Sani Securities Company Ltd.,Pragyan Securities (PVT) Ltd.,2026-04-13 11:05:37.613432,Api Power Company Ltd.
2026041304000512,API,44,38,50,349.0,17450.0,2026-04-13,186089111,697,Dynamic Money Managers Securities Pvt. Ltd.,Dipshikha Dhitopatra Karobar Co. Pvt Ltd.,2026-04-13 11:05:49.592448,Api Power Company Ltd.
2026041304000536,API,42,10,300,350.8,105240.0,2026-04-13,186089782,697,Sani Securities Company Ltd.,Pragyan Securities (PVT) Ltd.,2026-04-13 11:06:26.018774,Api Power Company Ltd.
2026041304000564,API,38,58,100,349.2,34920.0,2026-04-13,186090276,697,Dipshikha Dhitopatra Karobar Co. Pvt Ltd.,Naasa Securities Co. Ltd.,2026-04-13 11:06:47.799434,Api Power Company Ltd.
2026041304000565,API,44,58,35,349.0,12215.0,2026-04-13,186090277,697,Dynamic Money Managers Securities Pvt. Ltd.,Naasa Securities Co. Ltd.,2026-04-13 11:06:47.799562,Api Power Company Ltd.
2026041304000581,API,58,42,418,350.7,146592.6,2026-04-13,186090374,697,Naasa Securities Co. Ltd.,Sani Securities Company Ltd.,2026-04-13 11:06:51.995851,Api Power Company Ltd.
2026041304000630,API,42,10,250,350.8,87700.0,2026-04-13,186090901,697,Sani Securities Company Ltd.,Pragyan Securities (PVT) Ltd.,2026-04-13 11:07:20.534273,Api Power Company Ltd.
2026041304000682,API,53,58,10,350.7,3507.0,2026-04-13,186091663,697,Investment Management Nepal Pvt. Ltd.,Naasa Securities Co. Ltd.,2026-04-13 11:08:06.840647,Api Power Company Ltd.
2026041304000714,API,26,10,50,350.8,17540.0,2026-04-13,186092065,697,Asian Securities Private Ltd.,Pragyan Securities (PVT) Ltd.,2026-04-13 11:08:26.409095,Api Power Company Ltd.
2026041304000715,API,26,58,194,350.8,68055.2,2026-04-13,186092067,697,Asian Securities Private Ltd.,Naasa Securities Co. Ltd.,2026-04-13 11:08:26.409233,Api Power Company Ltd.
2026041304000716,API,26,97,100,350.9,35090.0,2026-04-13,186092069,697,Asian Securities Private Ltd.,R.B.B. Securities Company Ltd,2026-04-13 11:08:26.409291,Api Power Company Ltd.
2026041304000717,API,26,56,10,351.0,3510.0,2026-04-13,186092071,697,Asian Securities Private Ltd.,Sri Hari Securities Pvt. Ltd.,2026-04-13 11:08:26.409351,Api Power Company Ltd.
2026041304000718,API,26,58,100,351.0,35100.0,2026-04-13,186092073,697,Asian Securities Private Ltd.,Naasa Securities Co. Ltd.,2026-04-13 11:08:26.409406,Api Power Company Ltd.
2026041304000740,API,45,61,302,352.0,106304.0,2026-04-13,186092309,697,Imperial Securities Company Pvt. Ltd.,BHOLE GANESH SECURITIES LTD,2026-04-13 11:08:41.427179,Api Power Company Ltd.
2026041304000741,API,45,43,300,352.0,105600.0,2026-04-13,186092311,697,Imperial Securities Company Pvt. Ltd.,South Asian Bulls Pvt. Ltd.,2026-04-13 11:08:41.427432,Api Power Company Ltd.
2026041304000742,API,45,49,1000,353.0,353000.0,2026-04-13,186092313,697,Imperial Securities Company Pvt. Ltd.,Online Securities Pvt. Ltd.,2026-04-13 11:08:41.427598,Api Power Company Ltd.
2026041304000743,API,45,34,398,353.0,140494.0,2026-04-13,186092316,697,Imperial Securities Company Pvt. Ltd.,Vision Securities Pvt. Ltd,2026-04-13 11:08:41.427754,Api Power Company Ltd.
2026041304000744,API,72,92,500,353.0,176500.0,2026-04-13,186092319,697,Hatemalo Financial Services Private Limited,Roadshow securities limited,2026-04-13 11:08:42.100487,Api Power Company Ltd.
2026041304000745,API,72,19,105,353.0,37065.0,2026-04-13,186092321,697,Hatemalo Financial Services Private Limited,Nepal Investment And Securities Trading Private Limited,2026-04-13 11:08:42.100716,Api Power Company Ltd.
2026041304000766,API,20,49,3000,354.0,1062000.0,2026-04-13,186092847,697,Sipla Securities Private Limited,Online Securities Pvt. Ltd.,2026-04-13 11:08:56.886131,Api Power Company Ltd.
2026041304000772,API,72,44,395,353.0,139435.0,2026-04-13,186093402,697,Hatemalo Financial Services Private Limited,Dynamic Money Managers Securities Pvt. Ltd.,2026-04-13 11:09:00.923211,Api Power Company Ltd.
2026041304000798,API,1,44,713,353.0,251689.0,2026-04-13,186094008,697,Kumari Securities Private Limited,Dynamic Money Managers Securities Pvt. Ltd.,2026-04-13 11:09:15.113675,Api Power Company Ltd.
2026041304000854,API,58,16,1000,352.9,352900.0,2026-04-13,186094480,697,Naasa Securities Co. Ltd.,Primo Securities (PVT) Ltd.,2026-04-13 11:09:40.227412,Api Power Company Ltd.
2026041304000956,API,1,34,300,352.1,105630.0,2026-04-13,186095403,697,Kumari Securities Private Limited,Vision Securities Pvt. Ltd,2026-04-13 11:10:23.166926,Api Power Company Ltd.
2026041304001017,API,44,49,200,352.9,70580.0,2026-04-13,186096323,697,Dynamic Money Managers Securities Pvt. Ltd.,Online Securities Pvt. Ltd.,2026-04-13 11:11:07.754707,Api Power Company Ltd.
2026041304001018,API,44,5,200,352.9,70580.0,2026-04-13,186096325,697,Dynamic Money Managers Securities Pvt. Ltd.,Market Securities & Exchange (PVT) Ltd.,2026-04-13 11:11:07.754855,Api Power Company Ltd.
2026041304001026,API,44,63,170,352.9,59993.0,2026-04-13,186096444,697,Dynamic Money Managers Securities Pvt. Ltd.,Himalayan Brokerage Company Limited,2026-04-13 11:11:14.742436,Api Power Company Ltd.
2026041304001027,API,1,63,200,352.1,70420.0,2026-04-13,186096446,697,Kumari Securities Private Limited,Himalayan Brokerage Company Limited,2026-04-13 11:11:14.742654,Api Power Company Ltd.
2026041304001035,API,33,63,630,352.1,221823.0,2026-04-13,186096497,697,Dakshinkali Investment & Securities Pvt. Ltd.,Himalayan Brokerage Company Limited,2026-04-13 11:11:16.696634,Api Power Company Ltd.
2026041304001036,API,33,44,370,353.0,130610.0,2026-04-13,186096500,697,Dakshinkali Investment & Securities Pvt. Ltd.,Dynamic Money Managers Securities Pvt. Ltd.,2026-04-13 11:11:16.696801,Api Power Company Ltd.
2026041304001072,API,53,58,500,352.0,176000.0,2026-04-13,186096943,697,Investment Management Nepal Pvt. Ltd.,Naasa Securities Co. Ltd.,2026-04-13 11:11:35.293985,Api Power Company Ltd.
2026041304001138,API,35,44,400,353.0,141200.0,2026-04-13,186098452,697,Kohinoor Investment & Securities Pvt. Ltd.,Dynamic Money Managers Securities Pvt. Ltd.,2026-04-13 11:12:45.096206,Api Power Company Ltd.
2026041304001181,API,49,44,10,353.0,3530.0,2026-04-13,186098852,697,Online Securities Pvt. Ltd.,Dynamic Money Managers Securities Pvt. Ltd.,2026-04-13 11:13:06.083827,Api Power Company Ltd.
2026041304001201,API,44,58,25,351.0,8775.0,2026-04-13,186098989,697,Dynamic Money Managers Securities Pvt. Ltd.,Naasa Securities Co. Ltd.,2026-04-13 11:13:13.334153,Api Power Company Ltd.
2026041304001277,API,44,49,200,351.0,70200.0,2026-04-13,186100113,697,Dynamic Money Managers Securities Pvt. Ltd.,Online Securities Pvt. Ltd.,2026-04-13 11:14:31.745323,Api Power Company Ltd.
2026041304001325,API,44,92,600,351.0,210600.0,2026-04-13,186100769,697,Dynamic Money Managers Securities Pvt. Ltd.,Roadshow securities limited,2026-04-13 11:15:05.678864,Api Power Company Ltd.
2026041304001408,API,22,35,100,352.0,35200.0,2026-04-13,186101524,697,Siprabi Securities Pvt. Ltd.,Kohinoor Investment & Securities Pvt. Ltd.,2026-04-13 11:15:52.865811,Api Power Company Ltd.
2026041304001409,API,22,25,100,352.0,35200.0,2026-04-13,186101532,697,Siprabi Securities Pvt. Ltd.,Sweta Securities Private Limited,2026-04-13 11:15:53.272918,Api Power Company Ltd.
2026041304001452,API,8,44,222,352.5,78255.0,2026-04-13,186102188,697,Brilliant Securities Pvt. Ltd.,Dynamic Money Managers Securities Pvt. Ltd.,2026-04-13 11:16:29.749923,Api Power Company Ltd.
2026041304001500,API,53,44,90,352.5,31725.0,2026-04-13,186102506,697,Investment Management Nepal Pvt. Ltd.,Dynamic Money Managers Securities Pvt. Ltd.,2026-04-13 11:16:49.892406,Api Power Company Ltd.
2026041304001646,API,22,34,500,352.0,176000.0,2026-04-13,186103665,697,Siprabi Securities Pvt. Ltd.,Vision Securities Pvt. Ltd,2026-04-13 11:17:47.068168,Api Power Company Ltd.
2026041304001731,API,22,41,300,352.0,105600.0,2026-04-13,186104102,697,Siprabi Securities Pvt. Ltd.,Linch Stock Market Ltd.,2026-04-13 11:18:08.743334,Api Power Company Ltd.
2026041304001732,API,54,41,200,352.0,70400.0,2026-04-13,186104104,697,Sewa Securities Pvt. Ltd.,Linch Stock Market Ltd.,2026-04-13 11:18:08.743481,Api Power Company Ltd.
2026041304001733,API,42,41,500,352.0,176000.0,2026-04-13,186104105,697,Sani Securities Company Ltd.,Linch Stock Market Ltd.,2026-04-13 11:18:08.743568,Api Power Company Ltd.
2026041304001877,API,1,76,300,352.2,105660.0,2026-04-13,186105080,697,Kumari Securities Private Limited,Machhapuchchhre Securities Limited,2026-04-13 11:19:16.648506,Api Power Company Ltd.
2026041304001878,API,54,76,50,352.1,17605.0,2026-04-13,186105082,697,Sewa Securities Pvt. Ltd.,Machhapuchchhre Securities Limited,2026-04-13 11:19:16.648550,Api Power Company Ltd.
2026041304001879,API,42,76,500,352.0,176000.0,2026-04-13,186105084,697,Sani Securities Company Ltd.,Machhapuchchhre Securities Limited,2026-04-13 11:19:16.648579,Api Power Company Ltd.
2026041304001880,API,58,76,650,352.0,228800.0,2026-04-13,186105085,697,Naasa Securities Co. Ltd.,Machhapuchchhre Securities Limited,2026-04-13 11:19:16.648604,Api Power Company Ltd.
2026041304001899,API,58,44,350,352.0,123200.0,2026-04-13,186105339,697,Naasa Securities Co. Ltd.,Dynamic Money Managers Securities Pvt. Ltd.,2026-04-13 11:19:30.370210,Api Power Company Ltd.
2026041304002029,API,46,48,66,352.0,23232.0,2026-04-13,186106373,697,Kalika Securities Pvt. Ltd.,Trishakti Securities Public Limited,2026-04-13 11:20:31.549283,Api Power Company Ltd.
2026041304002084,API,46,52,46,352.0,16192.0,2026-04-13,186106842,697,Kalika Securities Pvt. Ltd.,Sundhara Securities Limited,2026-04-13 11:21:01.173702,Api Power Company Ltd.
2026041304002149,API,96,39,100,351.7,35170.0,2026-04-13,186107519,697,Himalayan Securities Limited,Sumeru Securities Pvt. Ltd.,2026-04-13 11:21:42.690509,Api Power Company Ltd.
2026041304002167,API,47,66,1000,351.9,351900.0,2026-04-13,186107710,697,Neev Securities Pvt. Ltd.,Miyo Securities Pvt Ltd,2026-04-13 11:21:52.810598,Api Power Company Ltd.
2026041304002189,API,14,52,390,352.0,137280.0,2026-04-13,186107908,697,Nepal Stock House (PVT) Ltd.,Sundhara Securities Limited,2026-04-13 11:22:09.180265,Api Power Company Ltd.
2026041304002264,API,96,62,900,351.7,316530.0,2026-04-13,186108512,697,Himalayan Securities Limited,Capital Max Securities Ltd,2026-04-13 11:22:43.602684,Api Power Company Ltd.
2026041304002265,API,48,62,100,351.6,35160.0,2026-04-13,186108513,697,Trishakti Securities Public Limited,Capital Max Securities Ltd,2026-04-13 11:22:43.602892,Api Power Company Ltd.
2026041304002268,API,47,52,1500,352.0,528000.0,2026-04-13,186108568,697,Neev Securities Pvt. Ltd.,Sundhara Securities Limited,2026-04-13 11:22:48.592366,Api Power Company Ltd.
2026041304002269,API,72,14,10,352.0,3520.0,2026-04-13,186108575,697,Hatemalo Financial Services Private Limited,Nepal Stock House (PVT) Ltd.,2026-04-13 11:22:49.394375,Api Power Company Ltd.
2026041304002270,API,72,58,50,352.0,17600.0,2026-04-13,186108577,697,Hatemalo Financial Services Private Limited,Naasa Securities Co. Ltd.,2026-04-13 11:22:49.394595,Api Power Company Ltd.
2026041304002290,API,72,62,10,352.0,3520.0,2026-04-13,186108727,697,Hatemalo Financial Services Private Limited,Capital Max Securities Ltd,2026-04-13 11:23:00.288666,Api Power Company Ltd.
2026041304002294,API,72,62,930,352.0,327360.0,2026-04-13,186108782,697,Hatemalo Financial Services Private Limited,Capital Max Securities Ltd,2026-04-13 11:23:04.893131,Api Power Company Ltd.
2026041304002295,API,22,62,20,352.0,7040.0,2026-04-13,186108784,697,Siprabi Securities Pvt. Ltd.,Capital Max Securities Ltd,2026-04-13 11:23:04.893399,Api Power Company Ltd.
2026041304002400,API,3,62,30,352.0,10560.0,2026-04-13,186109432,697,Arun Securities (PVT) Ltd.,Capital Max Securities Ltd,2026-04-13 11:23:48.428080,Api Power Company Ltd.
2026041304002416,API,3,62,20,352.0,7040.0,2026-04-13,186109514,697,Arun Securities (PVT) Ltd.,Capital Max Securities Ltd,2026-04-13 11:23:54.653634,Api Power Company Ltd.
2026041304002451,API,47,58,28,351.1,9830.8,2026-04-13,186109941,697,Neev Securities Pvt. Ltd.,Naasa Securities Co. Ltd.,2026-04-13 11:24:31.051908,Api Power Company Ltd.
2026041304002647,API,47,7,50,351.1,17555.0,2026-04-13,186111731,697,Neev Securities Pvt. Ltd.,J.F. Securites (PVT) Ltd.,2026-04-13 11:26:18.294862,Api Power Company Ltd.
2026041304002655,API,47,14,922,351.1,323714.2,2026-04-13,186111834,697,Neev Securities Pvt. Ltd.,Nepal Stock House (PVT) Ltd.,2026-04-13 11:26:24.963486,Api Power Company Ltd.
2026041304002656,API,68,14,50,351.1,17555.0,2026-04-13,186111836,697,Elite Stock House Limited,Nepal Stock House (PVT) Ltd.,2026-04-13 11:26:24.963988,Api Power Company Ltd.
2026041304002668,API,44,50,175,351.0,61425.0,2026-04-13,186111890,697,Dynamic Money Managers Securities Pvt. Ltd.,Cristal Kanchanjanga Securites Pvt. Ltd.,2026-04-13 11:26:29.882023,Api Power Company Ltd.
2026041304002669,API,41,50,200,351.0,70200.0,2026-04-13,186111892,697,Linch Stock Market Ltd.,Cristal Kanchanjanga Securites Pvt. Ltd.,2026-04-13 11:26:29.882280,Api Power Company Ltd.
2026041304002670,API,58,50,500,350.8,175400.0,2026-04-13,186111894,697,Naasa Securities Co. Ltd.,Cristal Kanchanjanga Securites Pvt. Ltd.,2026-04-13 11:26:29.882399,Api Power Company Ltd.
2026041304002671,API,58,50,300,350.3,105090.0,2026-04-13,186111896,697,Naasa Securities Co. Ltd.,Cristal Kanchanjanga Securites Pvt. Ltd.,2026-04-13 11:26:29.882507,Api Power Company Ltd.
2026041304002672,API,47,50,92,350.2,32218.4,2026-04-13,186111897,697,Neev Securities Pvt. Ltd.,Cristal Kanchanjanga Securites Pvt. Ltd.,2026-04-13 11:26:29.882617,Api Power Company Ltd.
2026041304002685,API,29,14,28,351.1,9830.8,2026-04-13,186111993,697,Trisul Securities & Invt. Ltd.,Nepal Stock House (PVT) Ltd.,2026-04-13 11:26:34.511359,Api Power Company Ltd.
2026041304002686,API,29,16,172,351.1,60389.2,2026-04-13,186111996,697,Trisul Securities & Invt. Ltd.,Primo Securities (PVT) Ltd.,2026-04-13 11:26:34.511610,Api Power Company Ltd.
2026041304002830,API,47,32,350,350.2,122570.0,2026-04-13,186113153,697,Neev Securities Pvt. Ltd.,Premier Securities Company Ltd.,2026-04-13 11:27:38.556626,Api Power Company Ltd.
2026041304002858,API,47,52,600,350.2,210120.0,2026-04-13,186113547,697,Neev Securities Pvt. Ltd.,Sundhara Securities Limited,2026-04-13 11:28:04.535368,Api Power Company Ltd.
2026041304002869,API,47,58,100,350.2,35020.0,2026-04-13,186113661,697,Neev Securities Pvt. Ltd.,Naasa Securities Co. Ltd.,2026-04-13 11:28:12.715099,Api Power Company Ltd.
2026041304003063,API,22,49,10,351.0,3510.0,2026-04-13,186115344,697,Siprabi Securities Pvt. Ltd.,Online Securities Pvt. Ltd.,2026-04-13 11:30:05.110266,Api Power Company Ltd.
2026041304003064,API,47,81,858,350.2,300471.6,2026-04-13,186115354,697,Neev Securities Pvt. Ltd.,Aakashbhairab Securities Ltd.,2026-04-13 11:30:05.645675,Api Power Company Ltd.
2026041304003065,API,44,81,142,350.1,49714.2,2026-04-13,186115355,697,Dynamic Money Managers Securities Pvt. Ltd.,Aakashbhairab Securities Ltd.,2026-04-13 11:30:05.645784,Api Power Company Ltd.
2026041304003124,API,44,59,38,350.1,13303.8,2026-04-13,186115987,697,Dynamic Money Managers Securities Pvt. Ltd.,Deevyaa Securities & Stock House Pvt. Ltd,2026-04-13 11:30:51.906468,Api Power Company Ltd.
2026041304003280,API,26,49,179,351.0,62829.0,2026-04-13,186117555,697,Asian Securities Private Ltd.,Online Securities Pvt. Ltd.,2026-04-13 11:32:48.004122,Api Power Company Ltd.
2026041304003281,API,26,25,190,351.0,66690.0,2026-04-13,186117557,697,Asian Securities Private Ltd.,Sweta Securities Private Limited,2026-04-13 11:32:48.004655,Api Power Company Ltd.
2026041304003282,API,26,51,200,351.0,70200.0,2026-04-13,186117559,697,Asian Securities Private Ltd.,Oxford Securities Pvt. Ltd.,2026-04-13 11:32:48.005014,Api Power Company Ltd.
2026041304003283,API,26,58,14,351.0,4914.0,2026-04-13,186117561,697,Asian Securities Private Ltd.,Naasa Securities Co. Ltd.,2026-04-13 11:32:48.005377,Api Power Company Ltd.
2026041304003284,API,26,49,24,351.0,8424.0,2026-04-13,186117563,697,Asian Securities Private Ltd.,Online Securities Pvt. Ltd.,2026-04-13 11:32:48.005717,Api Power Company Ltd.
2026041304003292,API,26,57,40,351.0,14040.0,2026-04-13,186117679,697,Asian Securities Private Ltd.,Aryatara Investment & Securities,2026-04-13 11:32:58.303357,Api Power Company Ltd.
2026041304003354,API,38,39,50,351.1,17555.0,2026-04-13,186118406,697,Dipshikha Dhitopatra Karobar Co. Pvt Ltd.,Sumeru Securities Pvt. Ltd.,2026-04-13 11:33:48.577003,Api Power Company Ltd.
2026041304003356,API,26,67,1399,351.0,491049.0,2026-04-13,186118435,697,Asian Securities Private Ltd.,Property Wiard Limited,2026-04-13 11:33:50.304219,Api Power Company Ltd.
2026041304003574,API,62,48,29,350.3,10158.7,2026-04-13,186120204,697,Capital Max Securities Ltd,Trishakti Securities Public Limited,2026-04-13 11:35:50.336604,Api Power Company Ltd.
2026041304003575,API,47,48,37,350.3,12961.1,2026-04-13,186120205,697,Neev Securities Pvt. Ltd.,Trishakti Securities Public Limited,2026-04-13 11:35:50.337187,Api Power Company Ltd.
2026041304003577,API,47,62,463,350.3,162188.9,2026-04-13,186120228,697,Neev Securities Pvt. Ltd.,Capital Max Securities Ltd,2026-04-13 11:35:52.355538,Api Power Company Ltd.
2026041304003578,API,44,62,318,350.1,111331.8,2026-04-13,186120230,697,Dynamic Money Managers Securities Pvt. Ltd.,Capital Max Securities Ltd,2026-04-13 11:35:52.355820,Api Power Company Ltd.
2026041304003579,API,44,62,713,350.1,249621.3,2026-04-13,186120232,697,Dynamic Money Managers Securities Pvt. Ltd.,Capital Max Securities Ltd,2026-04-13 11:35:52.355955,Api Power Company Ltd.
2026041304003580,API,44,62,713,350.1,249621.3,2026-04-13,186120234,697,Dynamic Money Managers Securities Pvt. Ltd.,Capital Max Securities Ltd,2026-04-13 11:35:52.356084,Api Power Company Ltd.
2026041304003581,API,42,62,1000,350.1,350100.0,2026-04-13,186120236,697,Sani Securities Company Ltd.,Capital Max Securities Ltd,2026-04-13 11:35:52.356216,Api Power Company Ltd.
2026041304003582,API,29,62,200,350.1,70020.0,2026-04-13,186120238,697,Trisul Securities & Invt. Ltd.,Capital Max Securities Ltd,2026-04-13 11:35:52.356358,Api Power Company Ltd.
2026041304003583,API,22,62,100,350.0,35000.0,2026-04-13,186120240,697,Siprabi Securities Pvt. Ltd.,Capital Max Securities Ltd,2026-04-13 11:35:52.356492,Api Power Company Ltd.
2026041304003584,API,54,62,200,350.0,70000.0,2026-04-13,186120242,697,Sewa Securities Pvt. Ltd.,Capital Max Securities Ltd,2026-04-13 11:35:52.356630,Api Power Company Ltd.
2026041304003585,API,62,62,30,350.0,10500.0,2026-04-13,186120244,697,Capital Max Securities Ltd,Capital Max Securities Ltd,2026-04-13 11:35:52.356761,Api Power Company Ltd.
2026041304003586,API,44,62,200,350.0,70000.0,2026-04-13,186120246,697,Dynamic Money Managers Securities Pvt. Ltd.,Capital Max Securities Ltd,2026-04-13 11:35:52.356889,Api Power Company Ltd.
2026041304003587,API,38,62,50,350.0,17500.0,2026-04-13,186120248,697,Dipshikha Dhitopatra Karobar Co. Pvt Ltd.,Capital Max Securities Ltd,2026-04-13 11:35:52.357018,Api Power Company Ltd.
2026041304003588,API,17,62,500,350.0,175000.0,2026-04-13,186120250,697,ABC Securities Private Limited,Capital Max Securities Ltd,2026-04-13 11:35:52.357144,Api Power Company Ltd.
2026041304003589,API,32,62,100,350.0,35000.0,2026-04-13,186120252,697,Premier Securities Company Ltd.,Capital Max Securities Ltd,2026-04-13 11:35:52.357274,Api Power Company Ltd.
2026041304003590,API,58,62,100,350.0,35000.0,2026-04-13,186120254,697,Naasa Securities Co. Ltd.,Capital Max Securities Ltd,2026-04-13 11:35:52.357404,Api Power Company Ltd.
2026041304003591,API,17,62,313,350.0,109550.0,2026-04-13,186120255,697,ABC Securities Private Limited,Capital Max Securities Ltd,2026-04-13 11:35:52.357533,Api Power Company Ltd.
2026041304003643,API,17,35,387,350.0,135450.0,2026-04-13,186120822,697,ABC Securities Private Limited,Kohinoor Investment & Securities Pvt. Ltd.,2026-04-13 11:36:44.378852,Api Power Company Ltd.
2026041304003644,API,1,35,100,350.0,35000.0,2026-04-13,186120824,697,Kumari Securities Private Limited,Kohinoor Investment & Securities Pvt. Ltd.,2026-04-13 11:36:44.379153,Api Power Company Ltd.
2026041304003649,API,34,35,1513,350.0,529550.0,2026-04-13,186120947,697,Vision Securities Pvt. Ltd,Kohinoor Investment & Securities Pvt. Ltd.,2026-04-13 11:36:54.341525,Api Power Company Ltd.
2026041304003709,API,34,17,200,350.0,70000.0,2026-04-13,186121395,697,Vision Securities Pvt. Ltd,ABC Securities Private Limited,2026-04-13 11:37:29.871053,Api Power Company Ltd.
2026041304003744,API,14,14,100,351.0,35100.0,2026-04-13,186121698,697,Nepal Stock House (PVT) Ltd.,Nepal Stock House (PVT) Ltd.,2026-04-13 11:37:57.926354,Api Power Company Ltd.
2026041304003746,API,34,21,300,350.0,105000.0,2026-04-13,186121795,697,Vision Securities Pvt. Ltd,Midas Stock Broking Company Private Limited,2026-04-13 11:38:05.264002,Api Power Company Ltd.
2026041304003762,API,34,72,500,350.0,175000.0,2026-04-13,186121925,697,Vision Securities Pvt. Ltd,Hatemalo Financial Services Private Limited,2026-04-13 11:38:12.745453,Api Power Company Ltd.
2026041304003780,API,34,44,2487,350.0,870450.0,2026-04-13,186122186,697,Vision Securities Pvt. Ltd,Dynamic Money Managers Securities Pvt. Ltd.,2026-04-13 11:38:33.860888,Api Power Company Ltd.
2026041304003781,API,42,44,10,350.0,3500.0,2026-04-13,186122188,697,Sani Securities Company Ltd.,Dynamic Money Managers Securities Pvt. Ltd.,2026-04-13 11:38:33.861244,Api Power Company Ltd.
2026041304003785,API,43,44,1000,350.0,350000.0,2026-04-13,186122229,697,South Asian Bulls Pvt. Ltd.,Dynamic Money Managers Securities Pvt. Ltd.,2026-04-13 11:38:39.059570,Api Power Company Ltd.
2026041304003807,API,49,44,100,350.0,35000.0,2026-04-13,186122468,697,Online Securities Pvt. Ltd.,Dynamic Money Managers Securities Pvt. Ltd.,2026-04-13 11:38:58.855104,Api Power Company Ltd.
2026041304003817,API,45,44,1403,350.0,491050.0,2026-04-13,186122577,697,Imperial Securities Company Pvt. Ltd.,Dynamic Money Managers Securities Pvt. Ltd.,2026-04-13 11:39:07.447188,Api Power Company Ltd.
2026041304003891,API,62,14,100,351.0,35100.0,2026-04-13,186123334,697,Capital Max Securities Ltd,Nepal Stock House (PVT) Ltd.,2026-04-13 11:40:06.650647,Api Power Company Ltd.
2026041304004133,API,51,59,500,350.2,175100.0,2026-04-13,186125034,697,Oxford Securities Pvt. Ltd.,Deevyaa Securities & Stock House Pvt. Ltd,2026-04-13 11:41:45.837008,Api Power Company Ltd.
2026041304004134,API,14,59,10,350.1,3501.0,2026-04-13,186125036,697,Nepal Stock House (PVT) Ltd.,Deevyaa Securities & Stock House Pvt. Ltd,2026-04-13 11:41:45.837309,Api Power Company Ltd.
2026041304004135,API,77,59,450,350.0,157500.0,2026-04-13,186125038,697,Nabil Stock Dealer Ltd.,Deevyaa Securities & Stock House Pvt. Ltd,2026-04-13 11:41:45.837462,Api Power Company Ltd.
2026041304004136,API,34,59,1140,350.0,399000.0,2026-04-13,186125039,697,Vision Securities Pvt. Ltd,Deevyaa Securities & Stock House Pvt. Ltd,2026-04-13 11:41:45.837616,Api Power Company Ltd.
2026041304004349,API,34,58,1,350.0,350.0,2026-04-13,186126849,697,Vision Securities Pvt. Ltd,Naasa Securities Co. Ltd.,2026-04-13 11:44:18.063028,Api Power Company Ltd.
2026041304004380,API,58,58,100,350.3,35030.0,2026-04-13,186127092,697,Naasa Securities Co. Ltd.,Naasa Securities Co. Ltd.,2026-04-13 11:44:36.467085,Api Power Company Ltd.
2026041304004381,API,45,58,900,350.2,315180.0,2026-04-13,186127093,697,Imperial Securities Company Pvt. Ltd.,Naasa Securities Co. Ltd.,2026-04-13 11:44:36.467414,Api Power Company Ltd.
2026041304004399,API,42,46,50,350.7,17535.0,2026-04-13,186127200,697,Sani Securities Company Ltd.,Kalika Securities Pvt. Ltd.,2026-04-13 11:44:44.185972,Api Power Company Ltd.
2026041304004407,API,47,46,250,350.7,87675.0,2026-04-13,186127317,697,Neev Securities Pvt. Ltd.,Kalika Securities Pvt. Ltd.,2026-04-13 11:44:54.808384,Api Power Company Ltd.
2026041304004434,API,58,34,20,351.0,7020.0,2026-04-13,186127539,697,Naasa Securities Co. Ltd.,Vision Securities Pvt. Ltd,2026-04-13 11:45:13.093899,Api Power Company Ltd.
2026041304004435,API,58,41,500,351.0,175500.0,2026-04-13,186127541,697,Naasa Securities Co. Ltd.,Linch Stock Market Ltd.,2026-04-13 11:45:13.094551,Api Power Company Ltd.
2026041304004436,API,58,28,480,351.0,168480.0,2026-04-13,186127544,697,Naasa Securities Co. Ltd.,Shree Krishna Securities Ltd.,2026-04-13 11:45:13.094987,Api Power Company Ltd.
2026041304004544,API,64,28,520,351.0,182520.0,2026-04-13,186128359,697,SUN SECURITIES PVT LTD,Shree Krishna Securities Ltd.,2026-04-13 11:46:13.820963,Api Power Company Ltd.
2026041304004545,API,64,75,12,351.0,4212.0,2026-04-13,186128361,697,SUN SECURITIES PVT LTD,N.I.M.B. Stock Markets Limited,2026-04-13 11:46:13.821273,Api Power Company Ltd.
2026041304004762,API,68,41,50,351.0,17550.0,2026-04-13,186130118,697,Elite Stock House Limited,Linch Stock Market Ltd.,2026-04-13 11:48:12.109251,Api Power Company Ltd.
2026041304004763,API,61,41,85,351.0,29835.0,2026-04-13,186130119,697,BHOLE GANESH SECURITIES LTD,Linch Stock Market Ltd.,2026-04-13 11:48:12.109895,Api Power Company Ltd.
2026041304004768,API,64,39,19,351.1,6670.9,2026-04-13,186130223,697,SUN SECURITIES PVT LTD,Sumeru Securities Pvt. Ltd.,2026-04-13 11:48:15.575171,Api Power Company Ltd.
2026041304004842,API,64,45,260,351.1,91286.0,2026-04-13,186130901,697,SUN SECURITIES PVT LTD,Imperial Securities Company Pvt. Ltd.,2026-04-13 11:48:52.387665,Api Power Company Ltd.
2026041304004862,API,45,25,197,351.5,69245.5,2026-04-13,186130992,697,Imperial Securities Company Pvt. Ltd.,Sweta Securities Private Limited,2026-04-13 11:49:00.377635,Api Power Company Ltd.
2026041304004956,API,67,14,200,351.3,70260.0,2026-04-13,186131581,697,Property Wiard Limited,Nepal Stock House (PVT) Ltd.,2026-04-13 11:49:29.282512,Api Power Company Ltd.
2026041304004969,API,17,16,200,351.7,70340.0,2026-04-13,186131711,697,ABC Securities Private Limited,Primo Securities (PVT) Ltd.,2026-04-13 11:49:37.810410,Api Power Company Ltd.
2026041304004970,API,17,16,300,351.7,105510.0,2026-04-13,186131713,697,ABC Securities Private Limited,Primo Securities (PVT) Ltd.,2026-04-13 11:49:37.810501,Api Power Company Ltd.
2026041304004971,API,17,21,33,351.7,11606.1,2026-04-13,186131715,697,ABC Securities Private Limited,Midas Stock Broking Company Private Limited,2026-04-13 11:49:37.810528,Api Power Company Ltd.
2026041304004972,API,17,49,260,352.0,91520.0,2026-04-13,186131717,697,ABC Securities Private Limited,Online Securities Pvt. Ltd.,2026-04-13 11:49:37.810551,Api Power Company Ltd.
2026041304004973,API,17,58,400,352.0,140800.0,2026-04-13,186131719,697,ABC Securities Private Limited,Naasa Securities Co. Ltd.,2026-04-13 11:49:37.810577,Api Power Company Ltd.
2026041304004974,API,17,22,1254,352.0,441408.0,2026-04-13,186131721,697,ABC Securities Private Limited,Siprabi Securities Pvt. Ltd.,2026-04-13 11:49:37.810599,Api Power Company Ltd.
2026041304004975,API,17,84,1000,352.0,352000.0,2026-04-13,186131723,697,ABC Securities Private Limited,MILKY WAY SHARE BROKER COMPANY LTD ,2026-04-13 11:49:37.810630,Api Power Company Ltd.
2026041304004976,API,17,52,2000,352.0,704000.0,2026-04-13,186131725,697,ABC Securities Private Limited,Sundhara Securities Limited,2026-04-13 11:49:37.810660,Api Power Company Ltd.
2026041304004977,API,17,91,100,352.0,35200.0,2026-04-13,186131727,697,ABC Securities Private Limited,Citizens Share Broker Limited,2026-04-13 11:49:37.810681,Api Power Company Ltd.
2026041304004978,API,17,29,453,352.0,159456.0,2026-04-13,186131730,697,ABC Securities Private Limited,Trisul Securities & Invt. Ltd.,2026-04-13 11:49:37.810702,Api Power Company Ltd.
2026041304004985,API,100,42,80,351.7,28136.0,2026-04-13,186131777,697,Sunrise Securities Limited,Sani Securities Company Ltd.,2026-04-13 11:49:41.191391,Api Power Company Ltd.
2026041304005006,API,64,29,47,352.0,16544.0,2026-04-13,186132031,697,SUN SECURITIES PVT LTD,Trisul Securities & Invt. Ltd.,2026-04-13 11:49:55.823624,Api Power Company Ltd.
2026041304005007,API,64,46,141,352.0,49632.0,2026-04-13,186132033,697,SUN SECURITIES PVT LTD,Kalika Securities Pvt. Ltd.,2026-04-13 11:49:55.824220,Api Power Company Ltd.
2026041304005008,API,64,52,1,352.0,352.0,2026-04-13,186132035,697,SUN SECURITIES PVT LTD,Sundhara Securities Limited,2026-04-13 11:49:55.824422,Api Power Company Ltd.
2026041304005017,API,47,74,100,352.0,35200.0,2026-04-13,186132171,697,Neev Securities Pvt. Ltd.,KALASH STOCK MARKET PVT. LTD.,2026-04-13 11:50:06.044895,Api Power Company Ltd.
2026041304005018,API,17,58,1,345.0,345.0,2026-04-13,186132177,697,ABC Securities Private Limited,Naasa Securities Co. Ltd.,2026-04-13 11:50:06.324624,Api Power Company Ltd.
2026041304005171,API,64,44,180,352.1,63378.0,2026-04-13,186133461,697,SUN SECURITIES PVT LTD,Dynamic Money Managers Securities Pvt. Ltd.,2026-04-13 11:51:21.843992,Api Power Company Ltd.
2026041304005379,API,64,91,820,352.1,288722.0,2026-04-13,186135170,697,SUN SECURITIES PVT LTD,Citizens Share Broker Limited,2026-04-13 11:53:36.964519,Api Power Company Ltd.
2026041304005380,API,38,91,180,352.1,63378.0,2026-04-13,186135171,697,Dipshikha Dhitopatra Karobar Co. Pvt Ltd.,Citizens Share Broker Limited,2026-04-13 11:53:36.965171,Api Power Company Ltd.
2026041304005413,API,64,59,30,352.2,10566.0,2026-04-13,186135439,697,SUN SECURITIES PVT LTD,Deevyaa Securities & Stock House Pvt. Ltd,2026-04-13 11:54:00.503528,Api Power Company Ltd.
2026041304005414,API,64,34,500,352.2,176100.0,2026-04-13,186135441,697,SUN SECURITIES PVT LTD,Vision Securities Pvt. Ltd,2026-04-13 11:54:00.504194,Api Power Company Ltd.
2026041304005423,API,64,76,100,352.2,35220.0,2026-04-13,186135583,697,SUN SECURITIES PVT LTD,Machhapuchchhre Securities Limited,2026-04-13 11:54:12.404367,Api Power Company Ltd.
2026041304005455,API,64,76,370,352.2,130314.0,2026-04-13,186136070,697,SUN SECURITIES PVT LTD,Machhapuchchhre Securities Limited,2026-04-13 11:54:46.556978,Api Power Company Ltd.
2026041304005456,API,38,76,530,352.1,186613.0,2026-04-13,186136071,697,Dipshikha Dhitopatra Karobar Co. Pvt Ltd.,Machhapuchchhre Securities Limited,2026-04-13 11:54:46.557025,Api Power Company Ltd.
2026041304005482,API,47,44,188,352.5,66270.0,2026-04-13,186136203,697,Neev Securities Pvt. Ltd.,Dynamic Money Managers Securities Pvt. Ltd.,2026-04-13 11:54:59.989532,Api Power Company Ltd.
2026041304005483,API,47,57,100,352.5,35250.0,2026-04-13,186136205,697,Neev Securities Pvt. Ltd.,Aryatara Investment & Securities,2026-04-13 11:54:59.989851,Api Power Company Ltd.
2026041304005484,API,47,49,300,352.8,105840.0,2026-04-13,186136207,697,Neev Securities Pvt. Ltd.,Online Securities Pvt. Ltd.,2026-04-13 11:54:59.990007,Api Power Company Ltd.
2026041304005485,API,47,44,3000,352.9,1058700.0,2026-04-13,186136209,697,Neev Securities Pvt. Ltd.,Dynamic Money Managers Securities Pvt. Ltd.,2026-04-13 11:54:59.990153,Api Power Company Ltd.
2026041304005486,API,47,96,500,353.0,176500.0,2026-04-13,186136211,697,Neev Securities Pvt. Ltd.,Himalayan Securities Limited,2026-04-13 11:54:59.990300,Api Power Company Ltd.
2026041304005487,API,47,36,800,353.0,282400.0,2026-04-13,186136213,697,Neev Securities Pvt. Ltd.,Secured Securities Ltd.,2026-04-13 11:54:59.990466,Api Power Company Ltd.
2026041304005488,API,47,45,500,353.0,176500.0,2026-04-13,186136215,697,Neev Securities Pvt. Ltd.,Imperial Securities Company Pvt. Ltd.,2026-04-13 11:54:59.990610,Api Power Company Ltd.
2026041304005489,API,47,33,1612,353.0,569036.0,2026-04-13,186136218,697,Neev Securities Pvt. Ltd.,Dakshinkali Investment & Securities Pvt. Ltd.,2026-04-13 11:54:59.990757,Api Power Company Ltd.
2026041304005501,API,47,33,888,353.0,313464.0,2026-04-13,186136373,697,Neev Securities Pvt. Ltd.,Dakshinkali Investment & Securities Pvt. Ltd.,2026-04-13 11:55:11.778059,Api Power Company Ltd.
2026041304005502,API,47,91,100,353.0,35300.0,2026-04-13,186136375,697,Neev Securities Pvt. Ltd.,Citizens Share Broker Limited,2026-04-13 11:55:11.778742,Api Power Company Ltd.
2026041304005503,API,47,84,1000,353.0,353000.0,2026-04-13,186136377,697,Neev Securities Pvt. Ltd.,MILKY WAY SHARE BROKER COMPANY LTD ,2026-04-13 11:55:11.779198,Api Power Company Ltd.
2026041304005537,API,4,57,30,352.2,10566.0,2026-04-13,186136696,697,Opal Securities Investment (PVT) Ltd.,Aryatara Investment & Securities,2026-04-13 11:55:35.281492,Api Power Company Ltd.
2026041304005538,API,38,57,290,352.1,102109.0,2026-04-13,186136698,697,Dipshikha Dhitopatra Karobar Co. Pvt Ltd.,Aryatara Investment & Securities,2026-04-13 11:55:35.281829,Api Power Company Ltd.
2026041304005539,API,100,57,420,352.1,147882.0,2026-04-13,186136700,697,Sunrise Securities Limited,Aryatara Investment & Securities,2026-04-13 11:55:35.281979,Api Power Company Ltd.
2026041304005540,API,45,57,190,352.0,66880.0,2026-04-13,186136701,697,Imperial Securities Company Pvt. Ltd.,Aryatara Investment & Securities,2026-04-13 11:55:35.282128,Api Power Company Ltd.
2026041304005565,API,45,62,810,352.0,285120.0,2026-04-13,186136864,697,Imperial Securities Company Pvt. Ltd.,Capital Max Securities Ltd,2026-04-13 11:55:47.445360,Api Power Company Ltd.
2026041304005566,API,35,62,190,352.0,66880.0,2026-04-13,186136865,697,Kohinoor Investment & Securities Pvt. Ltd.,Capital Max Securities Ltd,2026-04-13 11:55:47.445797,Api Power Company Ltd.
2026041304005768,API,35,48,610,352.0,214720.0,2026-04-13,186138326,697,Kohinoor Investment & Securities Pvt. Ltd.,Trishakti Securities Public Limited,2026-04-13 11:57:24.946364,Api Power Company Ltd.
2026041304005769,API,48,48,20,352.0,7040.0,2026-04-13,186138328,697,Trishakti Securities Public Limited,Trishakti Securities Public Limited,2026-04-13 11:57:24.946765,Api Power Company Ltd.
2026041304005873,API,38,40,500,351.8,175900.0,2026-04-13,186138982,697,Dipshikha Dhitopatra Karobar Co. Pvt Ltd.,Creative Securities Pvt Ltd,2026-04-13 11:58:16.295978,Api Power Company Ltd.
2026041304005888,API,38,40,25,351.7,8792.5,2026-04-13,186139122,697,Dipshikha Dhitopatra Karobar Co. Pvt Ltd.,Creative Securities Pvt Ltd,2026-04-13 11:58:27.861744,Api Power Company Ltd.
2026041304005900,API,17,40,975,351.7,342907.5,2026-04-13,186139199,697,ABC Securities Private Limited,Creative Securities Pvt Ltd,2026-04-13 11:58:38.591602,Api Power Company Ltd.
2026041304006016,API,17,94,25,351.7,8792.5,2026-04-13,186139828,697,ABC Securities Private Limited,K.B.L. Securities Limited ,2026-04-13 11:59:17.893169,Api Power Company Ltd.
2026041304006017,API,67,94,800,351.3,281040.0,2026-04-13,186139830,697,Property Wiard Limited,K.B.L. Securities Limited ,2026-04-13 11:59:17.893499,Api Power Company Ltd.
2026041304006314,API,22,94,40,351.3,14052.0,2026-04-13,186141126,697,Siprabi Securities Pvt. Ltd.,K.B.L. Securities Limited ,2026-04-13 12:00:52.950873,Api Power Company Ltd.
2026041304006578,API,64,44,100,351.1,35110.0,2026-04-13,186142065,697,SUN SECURITIES PVT LTD,Dynamic Money Managers Securities Pvt. Ltd.,2026-04-13 12:01:48.542505,Api Power Company Ltd.
2026041304006610,API,64,28,100,351.1,35110.0,2026-04-13,186142249,697,SUN SECURITIES PVT LTD,Shree Krishna Securities Ltd.,2026-04-13 12:02:06.108081,Api Power Company Ltd.
2026041304006736,API,64,67,18,351.1,6319.8,2026-04-13,186142877,697,SUN SECURITIES PVT LTD,Property Wiard Limited,2026-04-13 12:03:02.546189,Api Power Company Ltd.
2026041304006762,API,64,53,782,351.1,274560.2,2026-04-13,186143098,697,SUN SECURITIES PVT LTD,Investment Management Nepal Pvt. Ltd.,2026-04-13 12:03:24.624590,Api Power Company Ltd.
2026041304006763,API,39,53,118,351.1,41429.8,2026-04-13,186143099,697,Sumeru Securities Pvt. Ltd.,Investment Management Nepal Pvt. Ltd.,2026-04-13 12:03:24.625277,Api Power Company Ltd.
2026041304006830,API,74,94,135,351.3,47425.5,2026-04-13,186143415,697,KALASH STOCK MARKET PVT. LTD.,K.B.L. Securities Limited ,2026-04-13 12:03:48.546102,Api Power Company Ltd.
2026041304006831,API,74,57,100,351.9,35190.0,2026-04-13,186143417,697,KALASH STOCK MARKET PVT. LTD.,Aryatara Investment & Securities,2026-04-13 12:03:48.546211,Api Power Company Ltd.
2026041304006832,API,74,48,605,352.0,212960.0,2026-04-13,186143419,697,KALASH STOCK MARKET PVT. LTD.,Trishakti Securities Public Limited,2026-04-13 12:03:48.546237,Api Power Company Ltd.
2026041304006833,API,74,67,601,352.0,211552.0,2026-04-13,186143421,697,KALASH STOCK MARKET PVT. LTD.,Property Wiard Limited,2026-04-13 12:03:48.546265,Api Power Company Ltd.
2026041304006834,API,74,28,200,352.0,70400.0,2026-04-13,186143423,697,KALASH STOCK MARKET PVT. LTD.,Shree Krishna Securities Ltd.,2026-04-13 12:03:48.546286,Api Power Company Ltd.
2026041304006835,API,74,38,50,352.0,17600.0,2026-04-13,186143425,697,KALASH STOCK MARKET PVT. LTD.,Dipshikha Dhitopatra Karobar Co. Pvt Ltd.,2026-04-13 12:03:48.546309,Api Power Company Ltd.
2026041304006836,API,74,49,100,353.0,35300.0,2026-04-13,186143427,697,KALASH STOCK MARKET PVT. LTD.,Online Securities Pvt. Ltd.,2026-04-13 12:03:48.546337,Api Power Company Ltd.
2026041304006837,API,74,58,10,353.0,3530.0,2026-04-13,186143429,697,KALASH STOCK MARKET PVT. LTD.,Naasa Securities Co. Ltd.,2026-04-13 12:03:48.546378,Api Power Company Ltd.
2026041304006838,API,74,43,100,353.0,35300.0,2026-04-13,186143431,697,KALASH STOCK MARKET PVT. LTD.,South Asian Bulls Pvt. Ltd.,2026-04-13 12:03:48.546399,Api Power Company Ltd.
2026041304006839,API,74,58,50,353.0,17650.0,2026-04-13,186143433,697,KALASH STOCK MARKET PVT. LTD.,Naasa Securities Co. Ltd.,2026-04-13 12:03:48.546418,Api Power Company Ltd.
2026041304006840,API,74,1,49,353.0,17297.0,2026-04-13,186143436,697,KALASH STOCK MARKET PVT. LTD.,Kumari Securities Private Limited,2026-04-13 12:03:48.546455,Api Power Company Ltd.
2026041304007095,API,58,34,50,352.5,17625.0,2026-04-13,186144972,697,Naasa Securities Co. Ltd.,Vision Securities Pvt. Ltd,2026-04-13 12:06:12.016949,Api Power Company Ltd.
2026041304007102,API,45,38,900,352.0,316800.0,2026-04-13,186145018,697,Imperial Securities Company Pvt. Ltd.,Dipshikha Dhitopatra Karobar Co. Pvt Ltd.,2026-04-13 12:06:18.892444,Api Power Company Ltd.
2026041304007103,API,67,38,100,352.0,35200.0,2026-04-13,186145019,697,Property Wiard Limited,Dipshikha Dhitopatra Karobar Co. Pvt Ltd.,2026-04-13 12:06:18.893215,Api Power Company Ltd.
2026041304007106,API,20,34,450,352.5,158625.0,2026-04-13,186145051,697,Sipla Securities Private Limited,Vision Securities Pvt. Ltd,2026-04-13 12:06:20.602563,Api Power Company Ltd.
2026041304007107,API,20,45,500,352.5,176250.0,2026-04-13,186145053,697,Sipla Securities Private Limited,Imperial Securities Company Pvt. Ltd.,2026-04-13 12:06:20.603301,Api Power Company Ltd.
2026041304007108,API,20,1,321,353.0,113313.0,2026-04-13,186145055,697,Sipla Securities Private Limited,Kumari Securities Private Limited,2026-04-13 12:06:20.603805,Api Power Company Ltd.
2026041304007109,API,20,34,200,353.0,70600.0,2026-04-13,186145057,697,Sipla Securities Private Limited,Vision Securities Pvt. Ltd,2026-04-13 12:06:20.604293,Api Power Company Ltd.
2026041304007110,API,20,42,50,353.5,17675.0,2026-04-13,186145059,697,Sipla Securities Private Limited,Sani Securities Company Ltd.,2026-04-13 12:06:20.604794,Api Power Company Ltd.
2026041304007111,API,20,44,479,353.5,169326.5,2026-04-13,186145062,697,Sipla Securities Private Limited,Dynamic Money Managers Securities Pvt. Ltd.,2026-04-13 12:06:20.605275,Api Power Company Ltd.
2026041304007143,API,17,63,1000,351.4,351400.0,2026-04-13,186145354,697,ABC Securities Private Limited,Himalayan Brokerage Company Limited,2026-04-13 12:06:38.422686,Api Power Company Ltd.
2026041304007144,API,38,63,56,351.3,19672.8,2026-04-13,186145356,697,Dipshikha Dhitopatra Karobar Co. Pvt Ltd.,Himalayan Brokerage Company Limited,2026-04-13 12:06:38.422817,Api Power Company Ltd.
2026041304007145,API,64,63,944,351.2,331532.8,2026-04-13,186145357,697,SUN SECURITIES PVT LTD,Himalayan Brokerage Company Limited,2026-04-13 12:06:38.422923,Api Power Company Ltd.
2026041304007209,API,64,17,56,351.2,19667.2,2026-04-13,186145758,697,SUN SECURITIES PVT LTD,ABC Securities Private Limited,2026-04-13 12:07:09.019009,Api Power Company Ltd.
2026041304007257,API,38,34,10,352.0,3520.0,2026-04-13,186146195,697,Dipshikha Dhitopatra Karobar Co. Pvt Ltd.,Vision Securities Pvt. Ltd,2026-04-13 12:07:45.547988,Api Power Company Ltd.
2026041304007261,API,39,4,82,351.1,28790.2,2026-04-13,186146264,697,Sumeru Securities Pvt. Ltd.,Opal Securities Investment (PVT) Ltd.,2026-04-13 12:07:49.300277,Api Power Company Ltd.
2026041304007262,API,39,4,18,351.1,6319.8,2026-04-13,186146265,697,Sumeru Securities Pvt. Ltd.,Opal Securities Investment (PVT) Ltd.,2026-04-13 12:07:49.300658,Api Power Company Ltd.
2026041304007311,API,25,34,490,352.0,172480.0,2026-04-13,186146685,697,Sweta Securities Private Limited,Vision Securities Pvt. Ltd,2026-04-13 12:08:13.919568,Api Power Company Ltd.
2026041304007341,API,25,17,25,352.5,8812.5,2026-04-13,186146829,697,Sweta Securities Private Limited,ABC Securities Private Limited,2026-04-13 12:08:29.273575,Api Power Company Ltd.
2026041304007376,API,25,28,10,352.5,3525.0,2026-04-13,186147035,697,Sweta Securities Private Limited,Shree Krishna Securities Ltd.,2026-04-13 12:08:44.549257,Api Power Company Ltd.
2026041304007462,API,47,43,500,352.6,176300.0,2026-04-13,186147743,697,Neev Securities Pvt. Ltd.,South Asian Bulls Pvt. Ltd.,2026-04-13 12:09:50.152188,Api Power Company Ltd.
2026041304007614,API,47,64,466,352.6,164311.6,2026-04-13,186148641,697,Neev Securities Pvt. Ltd.,SUN SECURITIES PVT LTD,2026-04-13 12:11:00.353176,Api Power Company Ltd.
2026041304007695,API,38,53,200,353.0,70600.0,2026-04-13,186149108,697,Dipshikha Dhitopatra Karobar Co. Pvt Ltd.,Investment Management Nepal Pvt. Ltd.,2026-04-13 12:11:34.651535,Api Power Company Ltd.
2026041304007848,API,47,58,27,352.6,9520.2,2026-04-13,186150017,697,Neev Securities Pvt. Ltd.,Naasa Securities Co. Ltd.,2026-04-13 12:12:49.100473,Api Power Company Ltd.
2026041304007961,API,47,76,19,352.6,6699.4,2026-04-13,186150740,697,Neev Securities Pvt. Ltd.,Machhapuchchhre Securities Limited,2026-04-13 12:13:54.363187,Api Power Company Ltd.
2026041304007962,API,25,76,481,352.5,169552.5,2026-04-13,186150741,697,Sweta Securities Private Limited,Machhapuchchhre Securities Limited,2026-04-13 12:13:54.363971,Api Power Company Ltd.
2026041304008098,API,25,49,2000,352.5,705000.0,2026-04-13,186151353,697,Sweta Securities Private Limited,Online Securities Pvt. Ltd.,2026-04-13 12:14:49.620725,Api Power Company Ltd.
2026041304008111,API,25,4,98,352.5,34545.0,2026-04-13,186151397,697,Sweta Securities Private Limited,Opal Securities Investment (PVT) Ltd.,2026-04-13 12:14:51.971353,Api Power Company Ltd.
2026041304008118,API,64,58,380,352.6,133988.0,2026-04-13,186151479,697,SUN SECURITIES PVT LTD,Naasa Securities Co. Ltd.,2026-04-13 12:14:55.926981,Api Power Company Ltd.
2026041304008134,API,64,44,200,352.6,70520.0,2026-04-13,186151585,697,SUN SECURITIES PVT LTD,Dynamic Money Managers Securities Pvt. Ltd.,2026-04-13 12:15:06.618952,Api Power Company Ltd.
2026041304008167,API,64,49,420,352.6,148092.0,2026-04-13,186151778,697,SUN SECURITIES PVT LTD,Online Securities Pvt. Ltd.,2026-04-13 12:15:26.337583,Api Power Company Ltd.
2026041304008168,API,25,49,896,352.5,315840.0,2026-04-13,186151780,697,Sweta Securities Private Limited,Online Securities Pvt. Ltd.,2026-04-13 12:15:26.337955,Api Power Company Ltd.
2026041304008169,API,45,49,1000,352.0,352000.0,2026-04-13,186151782,697,Imperial Securities Company Pvt. Ltd.,Online Securities Pvt. Ltd.,2026-04-13 12:15:26.338139,Api Power Company Ltd.
2026041304008178,API,39,44,182,351.1,63900.2,2026-04-13,186151862,697,Sumeru Securities Pvt. Ltd.,Dynamic Money Managers Securities Pvt. Ltd.,2026-04-13 12:15:37.002802,Api Power Company Ltd.
2026041304008179,API,34,44,500,351.0,175500.0,2026-04-13,186151864,697,Vision Securities Pvt. Ltd,Dynamic Money Managers Securities Pvt. Ltd.,2026-04-13 12:15:37.003201,Api Power Company Ltd.
2026041304008180,API,38,44,100,351.0,35100.0,2026-04-13,186151866,697,Dipshikha Dhitopatra Karobar Co. Pvt Ltd.,Dynamic Money Managers Securities Pvt. Ltd.,2026-04-13 12:15:37.003392,Api Power Company Ltd.
2026041304008181,API,16,44,100,350.9,35090.0,2026-04-13,186151868,697,Primo Securities (PVT) Ltd.,Dynamic Money Managers Securities Pvt. Ltd.,2026-04-13 12:15:37.003572,Api Power Company Ltd.
2026041304008182,API,83,44,1000,350.9,350900.0,2026-04-13,186151870,697,Sanima Securities Limited,Dynamic Money Managers Securities Pvt. Ltd.,2026-04-13 12:15:37.003777,Api Power Company Ltd.
2026041304008183,API,47,44,750,350.8,263100.0,2026-04-13,186151872,697,Neev Securities Pvt. Ltd.,Dynamic Money Managers Securities Pvt. Ltd.,2026-04-13 12:15:37.003955,Api Power Company Ltd.
2026041304008184,API,47,44,237,350.7,83115.9,2026-04-13,186151873,697,Neev Securities Pvt. Ltd.,Dynamic Money Managers Securities Pvt. Ltd.,2026-04-13 12:15:37.004128,Api Power Company Ltd.
2026041304008494,API,64,42,500,350.8,175400.0,2026-04-13,186153189,697,SUN SECURITIES PVT LTD,Sani Securities Company Ltd.,2026-04-13 12:17:05.889216,Api Power Company Ltd.
2026041304008509,API,64,49,500,350.8,175400.0,2026-04-13,186153294,697,SUN SECURITIES PVT LTD,Online Securities Pvt. Ltd.,2026-04-13 12:17:17.791258,Api Power Company Ltd.
2026041304008510,API,47,49,184,350.7,64528.8,2026-04-13,186153295,697,Neev Securities Pvt. Ltd.,Online Securities Pvt. Ltd.,2026-04-13 12:17:17.792049,Api Power Company Ltd.
2026041304008592,API,37,96,50,352.0,17600.0,2026-04-13,186153524,697,Swarna Laxmi Securities Pvt. Ltd.,Himalayan Securities Limited,2026-04-13 12:17:28.069566,Api Power Company Ltd.
2026041304008632,API,38,96,67,352.0,23584.0,2026-04-13,186153715,697,Dipshikha Dhitopatra Karobar Co. Pvt Ltd.,Himalayan Securities Limited,2026-04-13 12:17:44.365919,Api Power Company Ltd.
2026041304008663,API,58,51,5,350.0,1750.0,2026-04-13,186153911,697,Naasa Securities Co. Ltd.,Oxford Securities Pvt. Ltd.,2026-04-13 12:18:03.009003,Api Power Company Ltd.
2026041304008702,API,38,94,233,352.0,82016.0,2026-04-13,186154123,697,Dipshikha Dhitopatra Karobar Co. Pvt Ltd.,K.B.L. Securities Limited ,2026-04-13 12:18:21.361856,Api Power Company Ltd.
2026041304009162,API,47,62,355,350.9,124569.5,2026-04-13,186156039,697,Neev Securities Pvt. Ltd.,Capital Max Securities Ltd,2026-04-13 12:20:39.689364,Api Power Company Ltd.
2026041304009429,API,47,42,950,351.0,333450.0,2026-04-13,186157625,697,Neev Securities Pvt. Ltd.,Sani Securities Company Ltd.,2026-04-13 12:23:02.890046,Api Power Company Ltd.
2026041304009588,API,57,32,10,352.0,3520.0,2026-04-13,186158496,697,Aryatara Investment & Securities,Premier Securities Company Ltd.,2026-04-13 12:24:14.005372,Api Power Company Ltd.
2026041304009643,API,47,41,50,351.0,17550.0,2026-04-13,186158782,697,Neev Securities Pvt. Ltd.,Linch Stock Market Ltd.,2026-04-13 12:24:40.800365,Api Power Company Ltd.
2026041304009644,API,34,41,100,351.0,35100.0,2026-04-13,186158783,697,Vision Securities Pvt. Ltd,Linch Stock Market Ltd.,2026-04-13 12:24:40.800783,Api Power Company Ltd.
2026041304009655,API,42,32,10,352.0,3520.0,2026-04-13,186158826,697,Sani Securities Company Ltd.,Premier Securities Company Ltd.,2026-04-13 12:24:43.834647,Api Power Company Ltd.
2026041304009658,API,34,92,400,351.0,140400.0,2026-04-13,186158858,697,Vision Securities Pvt. Ltd,Roadshow securities limited,2026-04-13 12:24:46.626515,Api Power Company Ltd.
2026041304009659,API,39,92,600,351.0,210600.0,2026-04-13,186158859,697,Sumeru Securities Pvt. Ltd.,Roadshow securities limited,2026-04-13 12:24:46.627434,Api Power Company Ltd.
2026041304009705,API,39,58,30,351.0,10530.0,2026-04-13,186159099,697,Sumeru Securities Pvt. Ltd.,Naasa Securities Co. Ltd.,2026-04-13 12:25:09.867024,Api Power Company Ltd.
2026041304009895,API,39,53,300,351.0,105300.0,2026-04-13,186160121,697,Sumeru Securities Pvt. Ltd.,Investment Management Nepal Pvt. Ltd.,2026-04-13 12:26:47.013681,Api Power Company Ltd.
2026041304009925,API,39,94,70,351.0,24570.0,2026-04-13,186160324,697,Sumeru Securities Pvt. Ltd.,K.B.L. Securities Limited ,2026-04-13 12:27:06.180517,Api Power Company Ltd.
2026041304009926,API,34,94,180,351.0,63180.0,2026-04-13,186160325,697,Vision Securities Pvt. Ltd,K.B.L. Securities Limited ,2026-04-13 12:27:06.180944,Api Power Company Ltd.
2026041304010012,API,35,32,300,352.0,105600.0,2026-04-13,186160894,697,Kohinoor Investment & Securities Pvt. Ltd.,Premier Securities Company Ltd.,2026-04-13 12:27:55.060185,Api Power Company Ltd.
2026041304010052,API,4,32,11,352.0,3872.0,2026-04-13,186161108,697,Opal Securities Investment (PVT) Ltd.,Premier Securities Company Ltd.,2026-04-13 12:28:10.295451,Api Power Company Ltd.
2026041304010138,API,65,32,1000,352.0,352000.0,2026-04-13,186161512,697,Sharepro Securities Private Limited,Premier Securities Company Ltd.,2026-04-13 12:28:37.733448,Api Power Company Ltd.
2026041304010179,API,47,32,2496,352.0,878592.0,2026-04-13,186161775,697,Neev Securities Pvt. Ltd.,Premier Securities Company Ltd.,2026-04-13 12:28:59.057670,Api Power Company Ltd.
2026041304010180,API,47,25,504,352.0,177408.0,2026-04-13,186161778,697,Neev Securities Pvt. Ltd.,Sweta Securities Private Limited,2026-04-13 12:28:59.058592,Api Power Company Ltd.
2026041304010318,API,47,14,500,351.9,175950.0,2026-04-13,186162584,697,Neev Securities Pvt. Ltd.,Nepal Stock House (PVT) Ltd.,2026-04-13 12:30:09.334540,Api Power Company Ltd.
2026041304010396,API,38,25,1000,352.0,352000.0,2026-04-13,186162976,697,Dipshikha Dhitopatra Karobar Co. Pvt Ltd.,Sweta Securities Private Limited,2026-04-13 12:30:42.230847,Api Power Company Ltd.
2026041304010470,API,64,32,500,351.2,175600.0,2026-04-13,186163407,697,SUN SECURITIES PVT LTD,Premier Securities Company Ltd.,2026-04-13 12:31:13.754310,Api Power Company Ltd.
2026041304010548,API,64,91,50,351.2,17560.0,2026-04-13,186163923,697,SUN SECURITIES PVT LTD,Citizens Share Broker Limited,2026-04-13 12:32:08.330582,Api Power Company Ltd.
2026041304011061,API,57,53,30,351.8,10554.0,2026-04-13,186167056,697,Aryatara Investment & Securities,Investment Management Nepal Pvt. Ltd.,2026-04-13 12:37:00.221993,Api Power Company Ltd.
2026041304011085,API,62,53,34,351.8,11961.2,2026-04-13,186167235,697,Capital Max Securities Ltd,Investment Management Nepal Pvt. Ltd.,2026-04-13 12:37:18.319757,Api Power Company Ltd.
2026041304011253,API,62,6,50,351.8,17590.0,2026-04-13,186168327,697,Capital Max Securities Ltd,Agrawal Securities (PVT) Ltd.,2026-04-13 12:38:53.073300,Api Power Company Ltd.
2026041304011269,API,62,48,18,351.8,6332.4,2026-04-13,186168422,697,Capital Max Securities Ltd,Trishakti Securities Public Limited,2026-04-13 12:39:01.884926,Api Power Company Ltd.
2026041304011270,API,42,48,11,351.3,3864.3,2026-04-13,186168424,697,Sani Securities Company Ltd.,Trishakti Securities Public Limited,2026-04-13 12:39:01.885938,Api Power Company Ltd.
2026041304011271,API,64,48,950,351.2,333640.0,2026-04-13,186168426,697,SUN SECURITIES PVT LTD,Trishakti Securities Public Limited,2026-04-13 12:39:01.886652,Api Power Company Ltd.
2026041304011323,API,47,42,3000,351.1,1053300.0,2026-04-13,186168808,697,Neev Securities Pvt. Ltd.,Sani Securities Company Ltd.,2026-04-13 12:39:24.517143,Api Power Company Ltd.
2026041304011324,API,34,42,820,351.0,287820.0,2026-04-13,186168810,697,Vision Securities Pvt. Ltd,Sani Securities Company Ltd.,2026-04-13 12:39:24.518141,Api Power Company Ltd.
2026041304011325,API,17,42,50,351.0,17550.0,2026-04-13,186168812,697,ABC Securities Private Limited,Sani Securities Company Ltd.,2026-04-13 12:39:24.518890,Api Power Company Ltd.
2026041304011326,API,66,42,3000,351.0,1053000.0,2026-04-13,186168814,697,Miyo Securities Pvt Ltd,Sani Securities Company Ltd.,2026-04-13 12:39:24.519619,Api Power Company Ltd.
2026041304011327,API,62,42,1000,351.0,351000.0,2026-04-13,186168816,697,Capital Max Securities Ltd,Sani Securities Company Ltd.,2026-04-13 12:39:24.520365,Api Power Company Ltd.
2026041304011328,API,32,42,30,351.0,10530.0,2026-04-13,186168817,697,Premier Securities Company Ltd.,Sani Securities Company Ltd.,2026-04-13 12:39:24.521102,Api Power Company Ltd.
2026041304011359,API,47,4,120,350.9,42108.0,2026-04-13,186168991,697,Neev Securities Pvt. Ltd.,Opal Securities Investment (PVT) Ltd.,2026-04-13 12:39:36.265639,Api Power Company Ltd.
2026041304011449,API,47,48,250,350.9,87725.0,2026-04-13,186169589,697,Neev Securities Pvt. Ltd.,Trishakti Securities Public Limited,2026-04-13 12:40:38.872946,Api Power Company Ltd.
2026041304011510,API,47,4,20,350.9,7018.0,2026-04-13,186169957,697,Neev Securities Pvt. Ltd.,Opal Securities Investment (PVT) Ltd.,2026-04-13 12:41:02.160179,Api Power Company Ltd.
2026041304011536,API,47,35,255,350.9,89479.5,2026-04-13,186170316,697,Neev Securities Pvt. Ltd.,Kohinoor Investment & Securities Pvt. Ltd.,2026-04-13 12:41:26.755901,Api Power Company Ltd.
2026041304011537,API,49,35,50,350.9,17545.0,2026-04-13,186170318,697,Online Securities Pvt. Ltd.,Kohinoor Investment & Securities Pvt. Ltd.,2026-04-13 12:41:26.756005,Api Power Company Ltd.
2026041304011538,API,47,35,259,350.7,90831.3,2026-04-13,186170319,697,Neev Securities Pvt. Ltd.,Kohinoor Investment & Securities Pvt. Ltd.,2026-04-13 12:41:26.756087,Api Power Company Ltd.
2026041304011608,API,47,32,70,350.7,24549.0,2026-04-13,186170812,697,Neev Securities Pvt. Ltd.,Premier Securities Company Ltd.,2026-04-13 12:42:11.456207,Api Power Company Ltd.
2026041304011609,API,58,32,90,350.6,31554.0,2026-04-13,186170814,697,Naasa Securities Co. Ltd.,Premier Securities Company Ltd.,2026-04-13 12:42:11.456695,Api Power Company Ltd.
2026041304011610,API,50,32,50,350.5,17525.0,2026-04-13,186170816,697,Cristal Kanchanjanga Securites Pvt. Ltd.,Premier Securities Company Ltd.,2026-04-13 12:42:11.456943,Api Power Company Ltd.
2026041304011611,API,36,32,10,350.5,3505.0,2026-04-13,186170818,697,Secured Securities Ltd.,Premier Securities Company Ltd.,2026-04-13 12:42:11.457182,Api Power Company Ltd.
2026041304011612,API,47,32,980,350.4,343392.0,2026-04-13,186170819,697,Neev Securities Pvt. Ltd.,Premier Securities Company Ltd.,2026-04-13 12:42:11.457427,Api Power Company Ltd.
2026041304011667,API,47,32,20,350.4,7008.0,2026-04-13,186171098,697,Neev Securities Pvt. Ltd.,Premier Securities Company Ltd.,2026-04-13 12:42:36.126350,Api Power Company Ltd.
2026041304011668,API,63,32,250,350.4,87600.0,2026-04-13,186171099,697,Himalayan Brokerage Company Limited,Premier Securities Company Ltd.,2026-04-13 12:42:36.126831,Api Power Company Ltd.
2026041304011684,API,48,100,20,350.9,7018.0,2026-04-13,186171330,697,Trishakti Securities Public Limited,Sunrise Securities Limited,2026-04-13 12:42:59.045969,Api Power Company Ltd.
2026041304011703,API,41,49,125,350.5,43812.5,2026-04-13,186171525,697,Linch Stock Market Ltd.,Online Securities Pvt. Ltd.,2026-04-13 12:43:16.073729,Api Power Company Ltd.
2026041304011704,API,63,49,250,350.4,87600.0,2026-04-13,186171528,697,Himalayan Brokerage Company Limited,Online Securities Pvt. Ltd.,2026-04-13 12:43:16.074253,Api Power Company Ltd.
2026041304011705,API,44,49,500,350.3,175150.0,2026-04-13,186171530,697,Dynamic Money Managers Securities Pvt. Ltd.,Online Securities Pvt. Ltd.,2026-04-13 12:43:16.074552,Api Power Company Ltd.
2026041304011706,API,72,49,1000,350.2,350200.0,2026-04-13,186171532,697,Hatemalo Financial Services Private Limited,Online Securities Pvt. Ltd.,2026-04-13 12:43:16.074792,Api Power Company Ltd.
2026041304011707,API,47,49,3000,350.2,1050600.0,2026-04-13,186171534,697,Neev Securities Pvt. Ltd.,Online Securities Pvt. Ltd.,2026-04-13 12:43:16.075091,Api Power Company Ltd.
2026041304011708,API,34,49,860,350.0,301000.0,2026-04-13,186171536,697,Vision Securities Pvt. Ltd,Online Securities Pvt. Ltd.,2026-04-13 12:43:16.075368,Api Power Company Ltd.
2026041304011709,API,32,49,100,350.0,35000.0,2026-04-13,186171538,697,Premier Securities Company Ltd.,Online Securities Pvt. Ltd.,2026-04-13 12:43:16.075643,Api Power Company Ltd.
2026041304011710,API,58,49,100,350.0,35000.0,2026-04-13,186171540,697,Naasa Securities Co. Ltd.,Online Securities Pvt. Ltd.,2026-04-13 12:43:16.075972,Api Power Company Ltd.
2026041304011711,API,68,49,5000,350.0,1750000.0,2026-04-13,186171542,697,Elite Stock House Limited,Online Securities Pvt. Ltd.,2026-04-13 12:43:16.076265,Api Power Company Ltd.
2026041304011712,API,69,49,900,350.0,315000.0,2026-04-13,186171544,697,INDEX SECURITIES LIMITED,Online Securities Pvt. Ltd.,2026-04-13 12:43:16.076584,Api Power Company Ltd.
2026041304011713,API,25,49,1020,350.0,357000.0,2026-04-13,186171546,697,Sweta Securities Private Limited,Online Securities Pvt. Ltd.,2026-04-13 12:43:16.076889,Api Power Company Ltd.
2026041304011714,API,56,49,1000,350.0,350000.0,2026-04-13,186171548,697,Sri Hari Securities Pvt. Ltd.,Online Securities Pvt. Ltd.,2026-04-13 12:43:16.077205,Api Power Company Ltd.
2026041304011715,API,25,49,500,350.0,175000.0,2026-04-13,186171550,697,Sweta Securities Private Limited,Online Securities Pvt. Ltd.,2026-04-13 12:43:16.077502,Api Power Company Ltd.
2026041304011716,API,11,49,60,350.0,21000.0,2026-04-13,186171552,697,Malla & Malla Stock Broking Company Pvt. Limited,Online Securities Pvt. Ltd.,2026-04-13 12:43:16.077935,Api Power Company Ltd.
2026041304011717,API,56,49,200,350.0,70000.0,2026-04-13,186171554,697,Sri Hari Securities Pvt. Ltd.,Online Securities Pvt. Ltd.,2026-04-13 12:43:16.078256,Api Power Company Ltd.
2026041304011718,API,67,49,1250,350.0,437500.0,2026-04-13,186171556,697,Property Wiard Limited,Online Securities Pvt. Ltd.,2026-04-13 12:43:16.078504,Api Power Company Ltd.
2026041304011719,API,67,49,1250,350.0,437500.0,2026-04-13,186171558,697,Property Wiard Limited,Online Securities Pvt. Ltd.,2026-04-13 12:43:16.078741,Api Power Company Ltd.
2026041304011720,API,25,49,1815,350.0,635250.0,2026-04-13,186171559,697,Sweta Securities Private Limited,Online Securities Pvt. Ltd.,2026-04-13 12:43:16.078975,Api Power Company Ltd.
2026041304011835,API,25,25,100,350.0,35000.0,2026-04-13,186172305,697,Sweta Securities Private Limited,Sweta Securities Private Limited,2026-04-13 12:44:16.105248,Api Power Company Ltd.
2026041304012083,API,25,59,20,350.0,7000.0,2026-04-13,186174055,697,Sweta Securities Private Limited,Deevyaa Securities & Stock House Pvt. Ltd,2026-04-13 12:46:17.517527,Api Power Company Ltd.
2026041304012200,API,25,28,65,350.0,22750.0,2026-04-13,186174750,697,Sweta Securities Private Limited,Shree Krishna Securities Ltd.,2026-04-13 12:47:07.327137,Api Power Company Ltd.
2026041304012201,API,58,28,190,350.0,66500.0,2026-04-13,186174752,697,Naasa Securities Co. Ltd.,Shree Krishna Securities Ltd.,2026-04-13 12:47:07.327245,Api Power Company Ltd.
2026041304012202,API,7,28,159,350.0,55650.0,2026-04-13,186174753,697,J.F. Securites (PVT) Ltd.,Shree Krishna Securities Ltd.,2026-04-13 12:47:07.327351,Api Power Company Ltd.
2026041304012240,API,75,58,50,350.5,17525.0,2026-04-13,186175201,697,N.I.M.B. Stock Markets Limited,Naasa Securities Co. Ltd.,2026-04-13 12:47:44.782264,Api Power Company Ltd.
2026041304012241,API,75,22,200,350.9,70180.0,2026-04-13,186175203,697,N.I.M.B. Stock Markets Limited,Siprabi Securities Pvt. Ltd.,2026-04-13 12:47:44.783252,Api Power Company Ltd.
2026041304012242,API,75,20,250,351.0,87750.0,2026-04-13,186175206,697,N.I.M.B. Stock Markets Limited,Sipla Securities Private Limited,2026-04-13 12:47:44.783960,Api Power Company Ltd.
2026041304012251,API,7,36,23,350.0,8050.0,2026-04-13,186175253,697,J.F. Securites (PVT) Ltd.,Secured Securities Ltd.,2026-04-13 12:47:48.573742,Api Power Company Ltd.
2026041304012318,API,7,91,41,350.0,14350.0,2026-04-13,186175657,697,J.F. Securites (PVT) Ltd.,Citizens Share Broker Limited,2026-04-13 12:48:21.899350,Api Power Company Ltd.
2026041304012343,API,7,6,175,350.0,61250.0,2026-04-13,186175789,697,J.F. Securites (PVT) Ltd.,Agrawal Securities (PVT) Ltd.,2026-04-13 12:48:31.820664,Api Power Company Ltd.
2026041304012365,API,7,42,102,350.0,35700.0,2026-04-13,186175930,697,J.F. Securites (PVT) Ltd.,Sani Securities Company Ltd.,2026-04-13 12:48:42.789960,Api Power Company Ltd.
2026041304012366,API,40,42,100,350.0,35000.0,2026-04-13,186175932,697,Creative Securities Pvt Ltd,Sani Securities Company Ltd.,2026-04-13 12:48:42.790940,Api Power Company Ltd.
2026041304012367,API,44,42,1000,350.0,350000.0,2026-04-13,186175934,697,Dynamic Money Managers Securities Pvt. Ltd.,Sani Securities Company Ltd.,2026-04-13 12:48:42.791640,Api Power Company Ltd.
2026041304012368,API,44,42,1000,350.0,350000.0,2026-04-13,186175936,697,Dynamic Money Managers Securities Pvt. Ltd.,Sani Securities Company Ltd.,2026-04-13 12:48:42.792333,Api Power Company Ltd.
2026041304012369,API,74,42,55,350.0,19250.0,2026-04-13,186175938,697,KALASH STOCK MARKET PVT. LTD.,Sani Securities Company Ltd.,2026-04-13 12:48:42.793014,Api Power Company Ltd.
2026041304012370,API,81,42,300,350.0,105000.0,2026-04-13,186175940,697,Aakashbhairab Securities Ltd.,Sani Securities Company Ltd.,2026-04-13 12:48:42.793706,Api Power Company Ltd.
2026041304012371,API,44,42,55,350.0,19250.0,2026-04-13,186175942,697,Dynamic Money Managers Securities Pvt. Ltd.,Sani Securities Company Ltd.,2026-04-13 12:48:42.794392,Api Power Company Ltd.
2026041304012372,API,49,42,288,350.0,100800.0,2026-04-13,186175943,697,Online Securities Pvt. Ltd.,Sani Securities Company Ltd.,2026-04-13 12:48:42.795085,Api Power Company Ltd.
2026041304012592,API,42,4,80,349.7,27976.0,2026-04-13,186177725,697,Sani Securities Company Ltd.,Opal Securities Investment (PVT) Ltd.,2026-04-13 12:51:39.250425,Api Power Company Ltd.
2026041304012619,API,42,33,60,349.7,20982.0,2026-04-13,186177844,697,Sani Securities Company Ltd.,Dakshinkali Investment & Securities Pvt. Ltd.,2026-04-13 12:51:47.420932,Api Power Company Ltd.
2026041304012620,API,47,33,440,349.6,153824.0,2026-04-13,186177845,697,Neev Securities Pvt. Ltd.,Dakshinkali Investment & Securities Pvt. Ltd.,2026-04-13 12:51:47.421421,Api Power Company Ltd.
2026041304012790,API,4,26,15,350.0,5250.0,2026-04-13,186178825,697,Opal Securities Investment (PVT) Ltd.,Asian Securities Private Ltd.,2026-04-13 12:53:09.670046,Api Power Company Ltd.
2026041304012804,API,4,39,20,349.7,6994.0,2026-04-13,186178922,697,Opal Securities Investment (PVT) Ltd.,Sumeru Securities Pvt. Ltd.,2026-04-13 12:53:19.686761,Api Power Company Ltd.
2026041304012805,API,47,39,304,349.6,106278.4,2026-04-13,186178923,697,Neev Securities Pvt. Ltd.,Sumeru Securities Pvt. Ltd.,2026-04-13 12:53:19.687262,Api Power Company Ltd.
2026041304012833,API,47,21,400,349.6,139840.0,2026-04-13,186179175,697,Neev Securities Pvt. Ltd.,Midas Stock Broking Company Private Limited,2026-04-13 12:53:41.036079,Api Power Company Ltd.
2026041304012869,API,4,22,10,350.0,3500.0,2026-04-13,186179434,697,Opal Securities Investment (PVT) Ltd.,Siprabi Securities Pvt. Ltd.,2026-04-13 12:54:05.223209,Api Power Company Ltd.
2026041304012873,API,42,45,70,349.7,24479.0,2026-04-13,186179492,697,Sani Securities Company Ltd.,Imperial Securities Company Pvt. Ltd.,2026-04-13 12:54:11.336756,Api Power Company Ltd.
2026041304012874,API,47,45,1242,349.6,434203.2,2026-04-13,186179493,697,Neev Securities Pvt. Ltd.,Imperial Securities Company Pvt. Ltd.,2026-04-13 12:54:11.337884,Api Power Company Ltd.
2026041304013024,API,47,58,2500,349.6,874000.0,2026-04-13,186180635,697,Neev Securities Pvt. Ltd.,Naasa Securities Co. Ltd.,2026-04-13 12:55:34.425900,Api Power Company Ltd.
2026041304013084,API,47,6,54,349.6,18878.4,2026-04-13,186181223,697,Neev Securities Pvt. Ltd.,Agrawal Securities (PVT) Ltd.,2026-04-13 12:56:24.384731,Api Power Company Ltd.
2026041304013110,API,47,14,60,349.6,20976.0,2026-04-13,186181612,697,Neev Securities Pvt. Ltd.,Nepal Stock House (PVT) Ltd.,2026-04-13 12:56:49.964595,Api Power Company Ltd.
2026041304013111,API,59,14,260,349.6,90896.0,2026-04-13,186181614,697,Deevyaa Securities & Stock House Pvt. Ltd,Nepal Stock House (PVT) Ltd.,2026-04-13 12:56:49.964661,Api Power Company Ltd.
2026041304013112,API,4,14,20,349.6,6992.0,2026-04-13,186181616,697,Opal Securities Investment (PVT) Ltd.,Nepal Stock House (PVT) Ltd.,2026-04-13 12:56:49.964688,Api Power Company Ltd.
2026041304013113,API,51,14,100,349.5,34950.0,2026-04-13,186181618,697,Oxford Securities Pvt. Ltd.,Nepal Stock House (PVT) Ltd.,2026-04-13 12:56:49.964713,Api Power Company Ltd.
2026041304013114,API,44,14,500,349.3,174650.0,2026-04-13,186181620,697,Dynamic Money Managers Securities Pvt. Ltd.,Nepal Stock House (PVT) Ltd.,2026-04-13 12:56:49.964737,Api Power Company Ltd.
2026041304013115,API,58,14,1000,349.3,349300.0,2026-04-13,186181622,697,Naasa Securities Co. Ltd.,Nepal Stock House (PVT) Ltd.,2026-04-13 12:56:49.964762,Api Power Company Ltd.
2026041304013116,API,72,14,60,349.2,20952.0,2026-04-13,186181623,697,Hatemalo Financial Services Private Limited,Nepal Stock House (PVT) Ltd.,2026-04-13 12:56:49.964805,Api Power Company Ltd.
2026041304013125,API,44,45,20,349.6,6992.0,2026-04-13,186181679,697,Dynamic Money Managers Securities Pvt. Ltd.,Imperial Securities Company Pvt. Ltd.,2026-04-13 12:56:57.777257,Api Power Company Ltd.
2026041304013176,API,44,35,250,349.6,87400.0,2026-04-13,186182118,697,Dynamic Money Managers Securities Pvt. Ltd.,Kohinoor Investment & Securities Pvt. Ltd.,2026-04-13 12:57:42.059173,Api Power Company Ltd.
2026041304013177,API,72,35,1750,349.2,611100.0,2026-04-13,186182119,697,Hatemalo Financial Services Private Limited,Kohinoor Investment & Securities Pvt. Ltd.,2026-04-13 12:57:42.060253,Api Power Company Ltd.
2026041304013263,API,72,36,20,349.2,6984.0,2026-04-13,186182699,697,Hatemalo Financial Services Private Limited,Secured Securities Ltd.,2026-04-13 12:58:40.640428,Api Power Company Ltd.
2026041304013331,API,72,20,170,349.2,59364.0,2026-04-13,186183098,697,Hatemalo Financial Services Private Limited,Sipla Securities Private Limited,2026-04-13 12:59:10.845986,Api Power Company Ltd.
2026041304013332,API,42,20,200,349.1,69820.0,2026-04-13,186183100,697,Sani Securities Company Ltd.,Sipla Securities Private Limited,2026-04-13 12:59:10.846502,Api Power Company Ltd.
2026041304013333,API,42,20,1000,349.1,349100.0,2026-04-13,186183102,697,Sani Securities Company Ltd.,Sipla Securities Private Limited,2026-04-13 12:59:10.846753,Api Power Company Ltd.
2026041304013334,API,25,20,300,349.1,104730.0,2026-04-13,186183104,697,Sweta Securities Private Limited,Sipla Securities Private Limited,2026-04-13 12:59:10.847004,Api Power Company Ltd.
2026041304013335,API,44,20,1000,349.1,349100.0,2026-04-13,186183106,697,Dynamic Money Managers Securities Pvt. Ltd.,Sipla Securities Private Limited,2026-04-13 12:59:10.847326,Api Power Company Ltd.
2026041304013336,API,63,20,200,349.0,69800.0,2026-04-13,186183108,697,Himalayan Brokerage Company Limited,Sipla Securities Private Limited,2026-04-13 12:59:10.847611,Api Power Company Ltd.
2026041304013337,API,54,20,100,349.0,34900.0,2026-04-13,186183110,697,Sewa Securities Pvt. Ltd.,Sipla Securities Private Limited,2026-04-13 12:59:10.847939,Api Power Company Ltd.
2026041304013338,API,46,20,10,349.0,3490.0,2026-04-13,186183112,697,Kalika Securities Pvt. Ltd.,Sipla Securities Private Limited,2026-04-13 12:59:10.848207,Api Power Company Ltd.
2026041304013339,API,58,20,100,349.0,34900.0,2026-04-13,186183114,697,Naasa Securities Co. Ltd.,Sipla Securities Private Limited,2026-04-13 12:59:10.848504,Api Power Company Ltd.
2026041304013340,API,16,20,30,349.0,10470.0,2026-04-13,186183116,697,Primo Securities (PVT) Ltd.,Sipla Securities Private Limited,2026-04-13 12:59:10.848776,Api Power Company Ltd.
2026041304013341,API,41,20,250,349.0,87250.0,2026-04-13,186183118,697,Linch Stock Market Ltd.,Sipla Securities Private Limited,2026-04-13 12:59:10.849083,Api Power Company Ltd.
2026041304013342,API,22,20,200,349.0,69800.0,2026-04-13,186183120,697,Siprabi Securities Pvt. Ltd.,Sipla Securities Private Limited,2026-04-13 12:59:10.849372,Api Power Company Ltd.
2026041304013343,API,58,20,100,349.0,34900.0,2026-04-13,186183122,697,Naasa Securities Co. Ltd.,Sipla Securities Private Limited,2026-04-13 12:59:10.849698,Api Power Company Ltd.
2026041304013344,API,4,20,20,349.0,6980.0,2026-04-13,186183124,697,Opal Securities Investment (PVT) Ltd.,Sipla Securities Private Limited,2026-04-13 12:59:10.849970,Api Power Company Ltd.
2026041304013345,API,53,20,500,349.0,174500.0,2026-04-13,186183126,697,Investment Management Nepal Pvt. Ltd.,Sipla Securities Private Limited,2026-04-13 12:59:10.850226,Api Power Company Ltd.
2026041304013346,API,47,20,1570,348.8,547616.0,2026-04-13,186183127,697,Neev Securities Pvt. Ltd.,Sipla Securities Private Limited,2026-04-13 12:59:10.850550,Api Power Company Ltd.
2026041304013519,API,58,81,91,348.9,31749.9,2026-04-13,186184245,697,Naasa Securities Co. Ltd.,Aakashbhairab Securities Ltd.,2026-04-13 13:01:06.625374,Api Power Company Ltd.
2026041304013557,API,58,57,30,348.9,10467.0,2026-04-13,186184453,697,Naasa Securities Co. Ltd.,Aryatara Investment & Securities,2026-04-13 13:01:25.257028,Api Power Company Ltd.
2026041304013693,API,58,41,20,348.9,6978.0,2026-04-13,186185335,697,Naasa Securities Co. Ltd.,Linch Stock Market Ltd.,2026-04-13 13:02:31.362663,Api Power Company Ltd.
2026041304013913,API,58,29,359,348.9,125255.1,2026-04-13,186186856,697,Naasa Securities Co. Ltd.,Trisul Securities & Invt. Ltd.,2026-04-13 13:04:50.050437,Api Power Company Ltd.
2026041304013914,API,72,29,41,348.9,14304.9,2026-04-13,186186857,697,Hatemalo Financial Services Private Limited,Trisul Securities & Invt. Ltd.,2026-04-13 13:04:50.050951,Api Power Company Ltd.
2026041304013918,API,72,36,80,348.9,27912.0,2026-04-13,186186885,697,Hatemalo Financial Services Private Limited,Secured Securities Ltd.,2026-04-13 13:04:51.684275,Api Power Company Ltd.
2026041304013994,API,72,6,50,348.9,17445.0,2026-04-13,186187533,697,Hatemalo Financial Services Private Limited,Agrawal Securities (PVT) Ltd.,2026-04-13 13:05:55.043137,Api Power Company Ltd.
2026041304014004,API,72,45,36,348.9,12560.4,2026-04-13,186187585,697,Hatemalo Financial Services Private Limited,Imperial Securities Company Pvt. Ltd.,2026-04-13 13:06:00.656380,Api Power Company Ltd.
2026041304014058,API,72,58,240,348.9,83736.0,2026-04-13,186187729,697,Hatemalo Financial Services Private Limited,Naasa Securities Co. Ltd.,2026-04-13 13:06:10.764240,Api Power Company Ltd.
2026041304014118,API,72,36,50,348.9,17445.0,2026-04-13,186188055,697,Hatemalo Financial Services Private Limited,Secured Securities Ltd.,2026-04-13 13:06:44.103307,Api Power Company Ltd.
2026041304014297,API,72,58,503,348.9,175496.7,2026-04-13,186188874,697,Hatemalo Financial Services Private Limited,Naasa Securities Co. Ltd.,2026-04-13 13:07:39.411645,Api Power Company Ltd.
2026041304014376,API,44,58,157,348.9,54777.3,2026-04-13,186189565,697,Dynamic Money Managers Securities Pvt. Ltd.,Naasa Securities Co. Ltd.,2026-04-13 13:08:47.941236,Api Power Company Ltd.
2026041304014377,API,44,42,473,348.9,165029.7,2026-04-13,186189568,697,Dynamic Money Managers Securities Pvt. Ltd.,Sani Securities Company Ltd.,2026-04-13 13:08:47.942376,Api Power Company Ltd.
2026041304014456,API,42,58,405,348.9,141304.5,2026-04-13,186190027,697,Sani Securities Company Ltd.,Naasa Securities Co. Ltd.,2026-04-13 13:09:31.613712,Api Power Company Ltd.
2026041304014457,API,42,49,95,349.0,33155.0,2026-04-13,186190030,697,Sani Securities Company Ltd.,Online Securities Pvt. Ltd.,2026-04-13 13:09:31.614226,Api Power Company Ltd.
2026041304014469,API,33,58,7,345.0,2415.0,2026-04-13,186190115,697,Dakshinkali Investment & Securities Pvt. Ltd.,Naasa Securities Co. Ltd.,2026-04-13 13:09:34.695632,Api Power Company Ltd.
2026041304014495,API,47,1,200,348.8,69760.0,2026-04-13,186190255,697,Neev Securities Pvt. Ltd.,Kumari Securities Private Limited,2026-04-13 13:09:49.655506,Api Power Company Ltd.
2026041304014520,API,44,36,50,348.9,17445.0,2026-04-13,186190343,697,Dynamic Money Managers Securities Pvt. Ltd.,Secured Securities Ltd.,2026-04-13 13:09:59.876686,Api Power Company Ltd.
2026041304014538,API,44,99,581,348.9,202710.9,2026-04-13,186190442,697,Dynamic Money Managers Securities Pvt. Ltd.,Prabhu Stock Market Limited,2026-04-13 13:10:09.028736,Api Power Company Ltd.
2026041304014539,API,47,99,981,348.8,342172.8,2026-04-13,186190443,697,Neev Securities Pvt. Ltd.,Prabhu Stock Market Limited,2026-04-13 13:10:09.029735,Api Power Company Ltd.
2026041304014540,API,47,21,137,348.8,47785.6,2026-04-13,186190447,697,Neev Securities Pvt. Ltd.,Midas Stock Broking Company Private Limited,2026-04-13 13:10:10.083874,Api Power Company Ltd.
2026041304014557,API,33,59,1,345.9,345.9,2026-04-13,186190571,697,Dakshinkali Investment & Securities Pvt. Ltd.,Deevyaa Securities & Stock House Pvt. Ltd,2026-04-13 13:10:20.091726,Api Power Company Ltd.
2026041304014621,API,47,42,380,348.8,132544.0,2026-04-13,186190827,697,Neev Securities Pvt. Ltd.,Sani Securities Company Ltd.,2026-04-13 13:10:42.972201,Api Power Company Ltd.
2026041304014661,API,47,16,1000,348.8,348800.0,2026-04-13,186191049,697,Neev Securities Pvt. Ltd.,Primo Securities (PVT) Ltd.,2026-04-13 13:11:05.427912,Api Power Company Ltd.
2026041304014670,API,47,60,732,348.8,255321.6,2026-04-13,186191102,697,Neev Securities Pvt. Ltd.,Nagarik Stock Dealer ,2026-04-13 13:11:13.666701,Api Power Company Ltd.
2026041304014671,API,68,60,150,348.8,52320.0,2026-04-13,186191104,697,Elite Stock House Limited,Nagarik Stock Dealer ,2026-04-13 13:11:13.666800,Api Power Company Ltd.
2026041304014672,API,50,60,1000,348.7,348700.0,2026-04-13,186191106,697,Cristal Kanchanjanga Securites Pvt. Ltd.,Nagarik Stock Dealer ,2026-04-13 13:11:13.666870,Api Power Company Ltd.
2026041304014673,API,44,60,200,348.7,69740.0,2026-04-13,186191108,697,Dynamic Money Managers Securities Pvt. Ltd.,Nagarik Stock Dealer ,2026-04-13 13:11:13.666936,Api Power Company Ltd.
2026041304014674,API,58,60,30,348.5,10455.0,2026-04-13,186191110,697,Naasa Securities Co. Ltd.,Nagarik Stock Dealer ,2026-04-13 13:11:13.667001,Api Power Company Ltd.
2026041304014675,API,44,60,1000,348.3,348300.0,2026-04-13,186191112,697,Dynamic Money Managers Securities Pvt. Ltd.,Nagarik Stock Dealer ,2026-04-13 13:11:13.667067,Api Power Company Ltd.
2026041304014676,API,44,60,250,348.2,87050.0,2026-04-13,186191114,697,Dynamic Money Managers Securities Pvt. Ltd.,Nagarik Stock Dealer ,2026-04-13 13:11:13.667135,Api Power Company Ltd.
2026041304014677,API,51,60,500,348.0,174000.0,2026-04-13,186191116,697,Oxford Securities Pvt. Ltd.,Nagarik Stock Dealer ,2026-04-13 13:11:13.667191,Api Power Company Ltd.
2026041304014678,API,44,60,20,348.0,6960.0,2026-04-13,186191118,697,Dynamic Money Managers Securities Pvt. Ltd.,Nagarik Stock Dealer ,2026-04-13 13:11:13.667244,Api Power Company Ltd.
2026041304014679,API,5,60,42,348.0,14616.0,2026-04-13,186191120,697,Market Securities & Exchange (PVT) Ltd.,Nagarik Stock Dealer ,2026-04-13 13:11:13.667296,Api Power Company Ltd.
2026041304014680,API,17,60,76,348.0,26448.0,2026-04-13,186191121,697,ABC Securities Private Limited,Nagarik Stock Dealer ,2026-04-13 13:11:13.667409,Api Power Company Ltd.
2026041304014742,API,45,1,100,348.5,34850.0,2026-04-13,186191535,697,Imperial Securities Company Pvt. Ltd.,Kumari Securities Private Limited,2026-04-13 13:11:50.830199,Api Power Company Ltd.
2026041304014743,API,45,94,200,348.8,69760.0,2026-04-13,186191538,697,Imperial Securities Company Pvt. Ltd.,K.B.L. Securities Limited ,2026-04-13 13:11:50.830678,Api Power Company Ltd.
2026041304014785,API,17,58,424,348.0,147552.0,2026-04-13,186191820,697,ABC Securities Private Limited,Naasa Securities Co. Ltd.,2026-04-13 13:12:17.249629,Api Power Company Ltd.
2026041304014786,API,16,58,2726,348.0,948648.0,2026-04-13,186191821,697,Primo Securities (PVT) Ltd.,Naasa Securities Co. Ltd.,2026-04-13 13:12:17.250115,Api Power Company Ltd.
2026041304014961,API,58,94,800,348.8,279040.0,2026-04-13,186193003,697,Naasa Securities Co. Ltd.,K.B.L. Securities Limited ,2026-04-13 13:13:51.200857,Api Power Company Ltd.
2026041304015037,API,58,49,100,349.0,34900.0,2026-04-13,186193422,697,Naasa Securities Co. Ltd.,Online Securities Pvt. Ltd.,2026-04-13 13:14:24.594588,Api Power Company Ltd.
2026041304015076,API,58,4,200,348.1,69620.0,2026-04-13,186193645,697,Naasa Securities Co. Ltd.,Opal Securities Investment (PVT) Ltd.,2026-04-13 13:14:44.975383,Api Power Company Ltd.
2026041304015205,API,65,49,805,349.0,280945.0,2026-04-13,186194505,697,Sharepro Securities Private Limited,Online Securities Pvt. Ltd.,2026-04-13 13:16:03.757808,Api Power Company Ltd.
2026041304015206,API,65,49,195,349.0,68055.0,2026-04-13,186194508,697,Sharepro Securities Private Limited,Online Securities Pvt. Ltd.,2026-04-13 13:16:03.758890,Api Power Company Ltd.
2026041304015208,API,36,49,200,349.0,69800.0,2026-04-13,186194526,697,Secured Securities Ltd.,Online Securities Pvt. Ltd.,2026-04-13 13:16:05.177221,Api Power Company Ltd.
2026041304015216,API,58,81,800,348.1,278480.0,2026-04-13,186194592,697,Naasa Securities Co. Ltd.,Aakashbhairab Securities Ltd.,2026-04-13 13:16:15.000717,Api Power Company Ltd.
2026041304015217,API,16,81,200,348.0,69600.0,2026-04-13,186194593,697,Primo Securities (PVT) Ltd.,Aakashbhairab Securities Ltd.,2026-04-13 13:16:15.000783,Api Power Company Ltd.
2026041304015321,API,16,14,74,348.0,25752.0,2026-04-13,186195026,697,Primo Securities (PVT) Ltd.,Nepal Stock House (PVT) Ltd.,2026-04-13 13:16:54.055286,Api Power Company Ltd.
2026041304015322,API,17,14,100,348.0,34800.0,2026-04-13,186195028,697,ABC Securities Private Limited,Nepal Stock House (PVT) Ltd.,2026-04-13 13:16:54.056350,Api Power Company Ltd.
2026041304015323,API,33,14,100,348.0,34800.0,2026-04-13,186195030,697,Dakshinkali Investment & Securities Pvt. Ltd.,Nepal Stock House (PVT) Ltd.,2026-04-13 13:16:54.057109,Api Power Company Ltd.
2026041304015324,API,29,14,1000,348.0,348000.0,2026-04-13,186195032,697,Trisul Securities & Invt. Ltd.,Nepal Stock House (PVT) Ltd.,2026-04-13 13:16:54.057849,Api Power Company Ltd.
2026041304015325,API,58,14,200,348.0,69600.0,2026-04-13,186195034,697,Naasa Securities Co. Ltd.,Nepal Stock House (PVT) Ltd.,2026-04-13 13:16:54.058600,Api Power Company Ltd.
2026041304015326,API,17,14,85,348.0,29580.0,2026-04-13,186195036,697,ABC Securities Private Limited,Nepal Stock House (PVT) Ltd.,2026-04-13 13:16:54.059357,Api Power Company Ltd.
2026041304015327,API,36,14,10,348.0,3480.0,2026-04-13,186195038,697,Secured Securities Ltd.,Nepal Stock House (PVT) Ltd.,2026-04-13 13:16:54.060098,Api Power Company Ltd.
2026041304015328,API,58,14,100,348.0,34800.0,2026-04-13,186195040,697,Naasa Securities Co. Ltd.,Nepal Stock House (PVT) Ltd.,2026-04-13 13:16:54.060858,Api Power Company Ltd.
2026041304015345,API,16,14,100,348.0,34800.0,2026-04-13,186195192,697,Primo Securities (PVT) Ltd.,Nepal Stock House (PVT) Ltd.,2026-04-13 13:17:10.366934,Api Power Company Ltd.
2026041304015361,API,58,14,1000,348.0,348000.0,2026-04-13,186195430,697,Naasa Securities Co. Ltd.,Nepal Stock House (PVT) Ltd.,2026-04-13 13:17:27.116994,Api Power Company Ltd.
2026041304015460,API,16,14,731,348.0,254388.0,2026-04-13,186196379,697,Primo Securities (PVT) Ltd.,Nepal Stock House (PVT) Ltd.,2026-04-13 13:18:44.611945,Api Power Company Ltd.
2026041304015461,API,16,58,269,348.0,93612.0,2026-04-13,186196382,697,Primo Securities (PVT) Ltd.,Naasa Securities Co. Ltd.,2026-04-13 13:18:44.612049,Api Power Company Ltd.
2026041304015496,API,58,58,770,348.0,267960.0,2026-04-13,186196789,697,Naasa Securities Co. Ltd.,Naasa Securities Co. Ltd.,2026-04-13 13:19:10.036570,Api Power Company Ltd.
2026041304015538,API,45,49,100,349.0,34900.0,2026-04-13,186197402,697,Imperial Securities Company Pvt. Ltd.,Online Securities Pvt. Ltd.,2026-04-13 13:19:47.619562,Api Power Company Ltd.
2026041304015585,API,51,49,500,349.0,174500.0,2026-04-13,186197770,697,Oxford Securities Pvt. Ltd.,Online Securities Pvt. Ltd.,2026-04-13 13:20:19.456215,Api Power Company Ltd.
2026041304015621,API,51,52,100,349.0,34900.0,2026-04-13,186197990,697,Oxford Securities Pvt. Ltd.,Sundhara Securities Limited,2026-04-13 13:20:45.565511,Api Power Company Ltd.
2026041304015624,API,47,35,450,349.6,157320.0,2026-04-13,186197999,697,Neev Securities Pvt. Ltd.,Kohinoor Investment & Securities Pvt. Ltd.,2026-04-13 13:20:47.912658,Api Power Company Ltd.
2026041304015711,API,100,22,190,350.0,66500.0,2026-04-13,186198553,697,Sunrise Securities Limited,Siprabi Securities Pvt. Ltd.,2026-04-13 13:21:39.801844,Api Power Company Ltd.
2026041304015712,API,100,41,810,350.0,283500.0,2026-04-13,186198556,697,Sunrise Securities Limited,Linch Stock Market Ltd.,2026-04-13 13:21:39.802999,Api Power Company Ltd.
2026041304015716,API,45,41,50,350.0,17500.0,2026-04-13,186198596,697,Imperial Securities Company Pvt. Ltd.,Linch Stock Market Ltd.,2026-04-13 13:21:42.649419,Api Power Company Ltd.
2026041304015775,API,77,41,10,350.0,3500.0,2026-04-13,186198880,697,Nabil Stock Dealer Ltd.,Linch Stock Market Ltd.,2026-04-13 13:22:02.816272,Api Power Company Ltd.
2026041304015875,API,42,41,130,350.0,45500.0,2026-04-13,186199459,697,Sani Securities Company Ltd.,Linch Stock Market Ltd.,2026-04-13 13:22:44.673284,Api Power Company Ltd.
2026041304015876,API,42,51,54,350.0,18900.0,2026-04-13,186199461,697,Sani Securities Company Ltd.,Oxford Securities Pvt. Ltd.,2026-04-13 13:22:44.674394,Api Power Company Ltd.
2026041304015877,API,42,58,10,350.0,3500.0,2026-04-13,186199463,697,Sani Securities Company Ltd.,Naasa Securities Co. Ltd.,2026-04-13 13:22:44.675168,Api Power Company Ltd.
2026041304015878,API,42,22,156,350.0,54600.0,2026-04-13,186199466,697,Sani Securities Company Ltd.,Siprabi Securities Pvt. Ltd.,2026-04-13 13:22:44.675961,Api Power Company Ltd.
2026041304015979,API,47,22,44,350.0,15400.0,2026-04-13,186199799,697,Neev Securities Pvt. Ltd.,Siprabi Securities Pvt. Ltd.,2026-04-13 13:23:10.031110,Api Power Company Ltd.
2026041304015980,API,47,41,50,350.0,17500.0,2026-04-13,186199801,697,Neev Securities Pvt. Ltd.,Linch Stock Market Ltd.,2026-04-13 13:23:10.031636,Api Power Company Ltd.
2026041304015985,API,45,38,105,350.0,36750.0,2026-04-13,186199813,697,Imperial Securities Company Pvt. Ltd.,Dipshikha Dhitopatra Karobar Co. Pvt Ltd.,2026-04-13 13:23:11.251091,Api Power Company Ltd.
2026041304015986,API,45,42,293,350.0,102550.0,2026-04-13,186199815,697,Imperial Securities Company Pvt. Ltd.,Sani Securities Company Ltd.,2026-04-13 13:23:11.252169,Api Power Company Ltd.
2026041304015987,API,45,34,102,350.0,35700.0,2026-04-13,186199818,697,Imperial Securities Company Pvt. Ltd.,Vision Securities Pvt. Ltd,2026-04-13 13:23:11.252973,Api Power Company Ltd.
2026041304015993,API,56,34,10,350.0,3500.0,2026-04-13,186199996,697,Sri Hari Securities Pvt. Ltd.,Vision Securities Pvt. Ltd,2026-04-13 13:23:19.320128,Api Power Company Ltd.
2026041304016016,API,100,34,738,350.0,258300.0,2026-04-13,186200095,697,Sunrise Securities Limited,Vision Securities Pvt. Ltd,2026-04-13 13:23:32.188921,Api Power Company Ltd.
2026041304016017,API,100,42,100,350.0,35000.0,2026-04-13,186200097,697,Sunrise Securities Limited,Sani Securities Company Ltd.,2026-04-13 13:23:32.189972,Api Power Company Ltd.
2026041304016018,API,100,43,162,350.0,56700.0,2026-04-13,186200100,697,Sunrise Securities Limited,South Asian Bulls Pvt. Ltd.,2026-04-13 13:23:32.190766,Api Power Company Ltd.
2026041304016038,API,45,43,35,350.0,12250.0,2026-04-13,186200492,697,Imperial Securities Company Pvt. Ltd.,South Asian Bulls Pvt. Ltd.,2026-04-13 13:23:40.915273,Api Power Company Ltd.
2026041304016221,API,36,44,50,350.0,17500.0,2026-04-13,186201457,697,Secured Securities Ltd.,Dynamic Money Managers Securities Pvt. Ltd.,2026-04-13 13:25:06.392138,Api Power Company Ltd.
2026041304016233,API,101,25,1000,350.6,350600.0,2026-04-13,186201559,697,APPLE SECURITIES PRIVATE LIMITED,Sweta Securities Private Limited,2026-04-13 13:25:16.630952,Api Power Company Ltd.
2026041304016234,API,101,58,577,350.7,202353.9,2026-04-13,186201561,697,APPLE SECURITIES PRIVATE LIMITED,Naasa Securities Co. Ltd.,2026-04-13 13:25:16.631455,Api Power Company Ltd.
2026041304016235,API,101,57,200,350.9,70180.0,2026-04-13,186201563,697,APPLE SECURITIES PRIVATE LIMITED,Aryatara Investment & Securities,2026-04-13 13:25:16.631715,Api Power Company Ltd.
2026041304016236,API,101,25,100,350.9,35090.0,2026-04-13,186201565,697,APPLE SECURITIES PRIVATE LIMITED,Sweta Securities Private Limited,2026-04-13 13:25:16.631985,Api Power Company Ltd.
2026041304016237,API,101,58,100,351.0,35100.0,2026-04-13,186201567,697,APPLE SECURITIES PRIVATE LIMITED,Naasa Securities Co. Ltd.,2026-04-13 13:25:16.632257,Api Power Company Ltd.
2026041304016238,API,101,22,200,351.0,70200.0,2026-04-13,186201569,697,APPLE SECURITIES PRIVATE LIMITED,Siprabi Securities Pvt. Ltd.,2026-04-13 13:25:16.632535,Api Power Company Ltd.
2026041304016239,API,101,42,441,351.0,154791.0,2026-04-13,186201571,697,APPLE SECURITIES PRIVATE LIMITED,Sani Securities Company Ltd.,2026-04-13 13:25:16.632800,Api Power Company Ltd.
2026041304016240,API,101,57,59,351.0,20709.0,2026-04-13,186201573,697,APPLE SECURITIES PRIVATE LIMITED,Aryatara Investment & Securities,2026-04-13 13:25:16.633079,Api Power Company Ltd.
2026041304016241,API,101,40,500,351.0,175500.0,2026-04-13,186201575,697,APPLE SECURITIES PRIVATE LIMITED,Creative Securities Pvt Ltd,2026-04-13 13:25:16.633374,Api Power Company Ltd.
2026041304016242,API,101,49,1225,351.0,429975.0,2026-04-13,186201577,697,APPLE SECURITIES PRIVATE LIMITED,Online Securities Pvt. Ltd.,2026-04-13 13:25:16.633647,Api Power Company Ltd.
2026041304016266,API,101,25,598,351.0,209898.0,2026-04-13,186201668,697,APPLE SECURITIES PRIVATE LIMITED,Sweta Securities Private Limited,2026-04-13 13:25:26.015994,Api Power Company Ltd.
2026041304016381,API,77,25,30,351.0,10530.0,2026-04-13,186202422,697,Nabil Stock Dealer Ltd.,Sweta Securities Private Limited,2026-04-13 13:26:55.666210,Api Power Company Ltd.
2026041304016389,API,26,46,152,350.0,53200.0,2026-04-13,186202515,697,Asian Securities Private Ltd.,Kalika Securities Pvt. Ltd.,2026-04-13 13:27:09.073699,Api Power Company Ltd.
2026041304016397,API,26,81,48,350.0,16800.0,2026-04-13,186202606,697,Asian Securities Private Ltd.,Aakashbhairab Securities Ltd.,2026-04-13 13:27:16.675204,Api Power Company Ltd.
2026041304016407,API,48,17,57,349.5,19921.5,2026-04-13,186202734,697,Trishakti Securities Public Limited,ABC Securities Private Limited,2026-04-13 13:27:32.582474,Api Power Company Ltd.
2026041304016408,API,42,17,47,349.3,16417.1,2026-04-13,186202735,697,Sani Securities Company Ltd.,ABC Securities Private Limited,2026-04-13 13:27:32.582575,Api Power Company Ltd.
2026041304016445,API,42,25,163,349.3,56935.9,2026-04-13,186202892,697,Sani Securities Company Ltd.,Sweta Securities Private Limited,2026-04-13 13:27:51.661427,Api Power Company Ltd.
2026041304016446,API,45,25,100,349.2,34920.0,2026-04-13,186202894,697,Imperial Securities Company Pvt. Ltd.,Sweta Securities Private Limited,2026-04-13 13:27:51.662502,Api Power Company Ltd.
2026041304016447,API,41,25,100,349.0,34900.0,2026-04-13,186202896,697,Linch Stock Market Ltd.,Sweta Securities Private Limited,2026-04-13 13:27:51.663290,Api Power Company Ltd.
2026041304016448,API,56,25,437,349.0,152513.0,2026-04-13,186202897,697,Sri Hari Securities Pvt. Ltd.,Sweta Securities Private Limited,2026-04-13 13:27:51.664080,Api Power Company Ltd.
2026041304016460,API,54,39,8,342.7,2741.6,2026-04-13,186203037,697,Sewa Securities Pvt. Ltd.,Sumeru Securities Pvt. Ltd.,2026-04-13 13:28:03.916471,Api Power Company Ltd.
2026041304016722,API,56,49,63,349.0,21987.0,2026-04-13,186204776,697,Sri Hari Securities Pvt. Ltd.,Online Securities Pvt. Ltd.,2026-04-13 13:31:07.965291,Api Power Company Ltd.
2026041304016723,API,47,49,89,349.0,31061.0,2026-04-13,186204777,697,Neev Securities Pvt. Ltd.,Online Securities Pvt. Ltd.,2026-04-13 13:31:07.965862,Api Power Company Ltd.
2026041304016759,API,47,49,49,349.0,17101.0,2026-04-13,186205249,697,Neev Securities Pvt. Ltd.,Online Securities Pvt. Ltd.,2026-04-13 13:31:43.681475,Api Power Company Ltd.
2026041304016789,API,47,62,5000,349.0,1745000.0,2026-04-13,186205433,697,Neev Securities Pvt. Ltd.,Capital Max Securities Ltd,2026-04-13 13:32:09.280259,Api Power Company Ltd.
2026041304016796,API,47,81,952,349.0,332248.0,2026-04-13,186205509,697,Neev Securities Pvt. Ltd.,Aakashbhairab Securities Ltd.,2026-04-13 13:32:15.482672,Api Power Company Ltd.
2026041304016981,API,72,66,1000,348.6,348600.0,2026-04-13,186206574,697,Hatemalo Financial Services Private Limited,Miyo Securities Pvt Ltd,2026-04-13 13:34:14.826441,Api Power Company Ltd.
2026041304016982,API,47,66,3910,348.6,1363026.0,2026-04-13,186206576,697,Neev Securities Pvt. Ltd.,Miyo Securities Pvt Ltd,2026-04-13 13:34:14.826502,Api Power Company Ltd.
2026041304016983,API,47,66,10000,348.5,3485000.0,2026-04-13,186206578,697,Neev Securities Pvt. Ltd.,Miyo Securities Pvt Ltd,2026-04-13 13:34:14.826527,Api Power Company Ltd.
2026041304016984,API,34,66,90,348.2,31338.0,2026-04-13,186206579,697,Vision Securities Pvt. Ltd,Miyo Securities Pvt Ltd,2026-04-13 13:34:14.826548,Api Power Company Ltd.
2026041304017015,API,34,58,50,349.9,17495.0,2026-04-13,186206869,697,Vision Securities Pvt. Ltd,Naasa Securities Co. Ltd.,2026-04-13 13:34:50.908866,Api Power Company Ltd.
2026041304017016,API,34,5,100,349.9,34990.0,2026-04-13,186206871,697,Vision Securities Pvt. Ltd,Market Securities & Exchange (PVT) Ltd.,2026-04-13 13:34:50.909983,Api Power Company Ltd.
2026041304017017,API,34,44,2850,349.9,997215.0,2026-04-13,186206874,697,Vision Securities Pvt. Ltd,Dynamic Money Managers Securities Pvt. Ltd.,2026-04-13 13:34:50.910819,Api Power Company Ltd.
2026041304017057,API,52,44,150,349.9,52485.0,2026-04-13,186207144,697,Sundhara Securities Limited,Dynamic Money Managers Securities Pvt. Ltd.,2026-04-13 13:35:20.005518,Api Power Company Ltd.
2026041304017153,API,58,62,40,349.8,13992.0,2026-04-13,186207828,697,Naasa Securities Co. Ltd.,Capital Max Securities Ltd,2026-04-13 13:36:35.949750,Api Power Company Ltd.
2026041304017169,API,42,6,32,348.5,11152.0,2026-04-13,186207957,697,Sani Securities Company Ltd.,Agrawal Securities (PVT) Ltd.,2026-04-13 13:36:51.598762,Api Power Company Ltd.
2026041304017229,API,46,17,9,350.0,3150.0,2026-04-13,186208343,697,Kalika Securities Pvt. Ltd.,ABC Securities Private Limited,2026-04-13 13:37:52.438551,Api Power Company Ltd.
2026041304017298,API,36,42,200,348.6,69720.0,2026-04-13,186208662,697,Secured Securities Ltd.,Sani Securities Company Ltd.,2026-04-13 13:38:29.954378,Api Power Company Ltd.
2026041304017299,API,42,42,168,348.5,58548.0,2026-04-13,186208664,697,Sani Securities Company Ltd.,Sani Securities Company Ltd.,2026-04-13 13:38:29.954992,Api Power Company Ltd.
2026041304017300,API,42,42,500,348.5,174250.0,2026-04-13,186208666,697,Sani Securities Company Ltd.,Sani Securities Company Ltd.,2026-04-13 13:38:29.955291,Api Power Company Ltd.
2026041304017301,API,47,42,500,348.4,174200.0,2026-04-13,186208668,697,Neev Securities Pvt. Ltd.,Sani Securities Company Ltd.,2026-04-13 13:38:29.955584,Api Power Company Ltd.
2026041304017302,API,34,42,3000,348.3,1044900.0,2026-04-13,186208670,697,Vision Securities Pvt. Ltd,Sani Securities Company Ltd.,2026-04-13 13:38:29.955869,Api Power Company Ltd.
2026041304017303,API,32,42,500,348.2,174100.0,2026-04-13,186208672,697,Premier Securities Company Ltd.,Sani Securities Company Ltd.,2026-04-13 13:38:29.956150,Api Power Company Ltd.
2026041304017304,API,58,42,245,348.2,85309.0,2026-04-13,186208674,697,Naasa Securities Co. Ltd.,Sani Securities Company Ltd.,2026-04-13 13:38:29.956436,Api Power Company Ltd.
2026041304017305,API,45,42,100,348.1,34810.0,2026-04-13,186208676,697,Imperial Securities Company Pvt. Ltd.,Sani Securities Company Ltd.,2026-04-13 13:38:29.956716,Api Power Company Ltd.
2026041304017306,API,41,42,70,348.1,24367.0,2026-04-13,186208678,697,Linch Stock Market Ltd.,Sani Securities Company Ltd.,2026-04-13 13:38:29.957002,Api Power Company Ltd.
2026041304017307,API,6,42,3000,348.1,1044300.0,2026-04-13,186208680,697,Agrawal Securities (PVT) Ltd.,Sani Securities Company Ltd.,2026-04-13 13:38:29.957278,Api Power Company Ltd.
2026041304017308,API,58,42,230,348.0,80040.0,2026-04-13,186208682,697,Naasa Securities Co. Ltd.,Sani Securities Company Ltd.,2026-04-13 13:38:29.957548,Api Power Company Ltd.
2026041304017309,API,21,42,10,348.0,3480.0,2026-04-13,186208684,697,Midas Stock Broking Company Private Limited,Sani Securities Company Ltd.,2026-04-13 13:38:29.957852,Api Power Company Ltd.
2026041304017310,API,33,42,10,348.0,3480.0,2026-04-13,186208686,697,Dakshinkali Investment & Securities Pvt. Ltd.,Sani Securities Company Ltd.,2026-04-13 13:38:29.958119,Api Power Company Ltd.
2026041304017311,API,53,42,1400,348.0,487200.0,2026-04-13,186208688,697,Investment Management Nepal Pvt. Ltd.,Sani Securities Company Ltd.,2026-04-13 13:38:29.958398,Api Power Company Ltd.
2026041304017312,API,25,42,100,348.0,34800.0,2026-04-13,186208690,697,Sweta Securities Private Limited,Sani Securities Company Ltd.,2026-04-13 13:38:29.958688,Api Power Company Ltd.
2026041304017313,API,49,42,57,348.0,19836.0,2026-04-13,186208692,697,Online Securities Pvt. Ltd.,Sani Securities Company Ltd.,2026-04-13 13:38:29.958950,Api Power Company Ltd.
2026041304017314,API,58,42,20,348.0,6960.0,2026-04-13,186208694,697,Naasa Securities Co. Ltd.,Sani Securities Company Ltd.,2026-04-13 13:38:29.959229,Api Power Company Ltd.
2026041304017315,API,19,42,250,348.0,87000.0,2026-04-13,186208696,697,Nepal Investment And Securities Trading Private Limited,Sani Securities Company Ltd.,2026-04-13 13:38:29.959500,Api Power Company Ltd.
2026041304017316,API,21,42,1225,348.0,426300.0,2026-04-13,186208698,697,Midas Stock Broking Company Private Limited,Sani Securities Company Ltd.,2026-04-13 13:38:29.959784,Api Power Company Ltd.
2026041304017317,API,21,42,2000,348.0,696000.0,2026-04-13,186208700,697,Midas Stock Broking Company Private Limited,Sani Securities Company Ltd.,2026-04-13 13:38:29.960050,Api Power Company Ltd.
2026041304017318,API,47,42,6415,348.0,2232420.0,2026-04-13,186208701,697,Neev Securities Pvt. Ltd.,Sani Securities Company Ltd.,2026-04-13 13:38:29.960325,Api Power Company Ltd.
2026041304017542,API,34,4,23,348.0,8004.0,2026-04-13,186210391,697,Vision Securities Pvt. Ltd,Opal Securities Investment (PVT) Ltd.,2026-04-13 13:41:43.235398,Api Power Company Ltd.
2026041304017604,API,58,57,20,349.0,6980.0,2026-04-13,186210702,697,Naasa Securities Co. Ltd.,Aryatara Investment & Securities,2026-04-13 13:42:07.671673,Api Power Company Ltd.
2026041304017713,API,49,6,100,349.0,34900.0,2026-04-13,186211173,697,Online Securities Pvt. Ltd.,Agrawal Securities (PVT) Ltd.,2026-04-13 13:42:48.271102,Api Power Company Ltd.
2026041304017809,API,49,25,400,349.0,139600.0,2026-04-13,186211499,697,Online Securities Pvt. Ltd.,Sweta Securities Private Limited,2026-04-13 13:43:13.595069,Api Power Company Ltd.
2026041304017940,API,38,35,10,349.0,3490.0,2026-04-13,186212586,697,Dipshikha Dhitopatra Karobar Co. Pvt Ltd.,Kohinoor Investment & Securities Pvt. Ltd.,2026-04-13 13:45:22.483947,Api Power Company Ltd.
2026041304017941,API,58,35,30,349.0,10470.0,2026-04-13,186212592,697,Naasa Securities Co. Ltd.,Kohinoor Investment & Securities Pvt. Ltd.,2026-04-13 13:45:24.742217,Api Power Company Ltd.
