contract_id,symbol,buyer_member_id,seller_member_id,volume,price,amount,buyer_broker,seller_broker,transaction_time
2026041301001426,EBL,42,48,20,711.0,14220.0,Sani Securities Company Ltd.,Trishakti Securities Public Limited,2026-04-13 11:03:48.898297
2026041301001427,EBL,58,48,100,689.0,68900.0,Naasa Securities Co. Ltd.,Trishakti Securities Public Limited,2026-04-13 11:03:48.898396
2026041301001682,EBL,42,48,100,689.0,68900.0,Sani Securities Company Ltd.,Trishakti Securities Public Limited,2026-04-13 11:04:33.964931
2026041301001971,EBL,51,29,20,688.1,13762.0,Oxford Securities Pvt. Ltd.,Trisul Securities & Invt. Ltd.,2026-04-13 11:05:08.322790
2026041301002099,EBL,59,48,81,689.0,55809.0,Deevyaa Securities & Stock House Pvt. Ltd,Trishakti Securities Public Limited,2026-04-13 11:05:41.086270
2026041301006995,EBL,75,52,3000,700.0,2100000.0,N.I.M.B. Stock Markets Limited,Sundhara Securities Limited,2026-04-13 11:18:25.705762
2026041301007604,EBL,58,48,30,700.0,21000.0,Naasa Securities Co. Ltd.,Trishakti Securities Public Limited,2026-04-13 11:20:55.859958
2026041301007640,EBL,74,45,5,700.0,3500.0,KALASH STOCK MARKET PVT. LTD.,Imperial Securities Company Pvt. Ltd.,2026-04-13 11:21:03.900019
2026041301007772,EBL,59,58,4,690.0,2760.0,Deevyaa Securities & Stock House Pvt. Ltd,Naasa Securities Co. Ltd.,2026-04-13 11:21:32.534556
2026041301007912,EBL,58,59,30,699.9,20997.0,Naasa Securities Co. Ltd.,Deevyaa Securities & Stock House Pvt. Ltd,2026-04-13 11:22:12.340919
2026041301008137,EBL,44,44,26,695.3,18077.8,Dynamic Money Managers Securities Pvt. Ltd.,Dynamic Money Managers Securities Pvt. Ltd.,2026-04-13 11:23:07.277473
2026041301008289,EBL,57,44,100,695.3,69530.0,Aryatara Investment & Securities,Dynamic Money Managers Securities Pvt. Ltd.,2026-04-13 11:23:57.747764
2026041301008297,EBL,44,49,5,692.0,3460.0,Dynamic Money Managers Securities Pvt. Ltd.,Online Securities Pvt. Ltd.,2026-04-13 11:24:00.464438
2026041301008409,EBL,45,44,30,695.3,20859.0,Imperial Securities Company Pvt. Ltd.,Dynamic Money Managers Securities Pvt. Ltd.,2026-04-13 11:24:36.548398
2026041301009001,EBL,26,44,134,695.3,93170.2,Asian Securities Private Ltd.,Dynamic Money Managers Securities Pvt. Ltd.,2026-04-13 11:27:05.411208
2026041301009924,EBL,59,29,8,685.0,5480.0,Deevyaa Securities & Stock House Pvt. Ltd,Trisul Securities & Invt. Ltd.,2026-04-13 11:31:33.112644
2026041301010875,EBL,11,50,468,696.1,325774.8,Malla & Malla Stock Broking Company Pvt. Limited,Cristal Kanchanjanga Securites Pvt. Ltd.,2026-04-13 11:36:01.396038
2026041301011927,EBL,28,6,10,699.0,6990.0,Shree Krishna Securities Ltd.,Agrawal Securities (PVT) Ltd.,2026-04-13 11:41:10.517339
2026041301012681,EBL,49,17,10,697.0,6970.0,Online Securities Pvt. Ltd.,ABC Securities Private Limited,2026-04-13 11:45:15.185841
2026041301012960,EBL,7,56,5,685.1,3425.5,J.F. Securites (PVT) Ltd.,Sri Hari Securities Pvt. Ltd.,2026-04-13 11:46:56.515667
2026041301013289,EBL,44,50,409,698.7,285768.3,Dynamic Money Managers Securities Pvt. Ltd.,Cristal Kanchanjanga Securites Pvt. Ltd.,2026-04-13 11:48:16.723314
2026041301013290,EBL,44,6,541,699.0,378159.0,Dynamic Money Managers Securities Pvt. Ltd.,Agrawal Securities (PVT) Ltd.,2026-04-13 11:48:16.723581
2026041301013291,EBL,44,59,20,699.9,13998.0,Dynamic Money Managers Securities Pvt. Ltd.,Deevyaa Securities & Stock House Pvt. Ltd,2026-04-13 11:48:16.723759
2026041301013292,EBL,44,48,470,700.0,329000.0,Dynamic Money Managers Securities Pvt. Ltd.,Trishakti Securities Public Limited,2026-04-13 11:48:16.723940
2026041301013293,EBL,44,52,6000,700.0,4200000.0,Dynamic Money Managers Securities Pvt. Ltd.,Sundhara Securities Limited,2026-04-13 11:48:16.724108
2026041301013294,EBL,44,58,27,700.0,18900.0,Dynamic Money Managers Securities Pvt. Ltd.,Naasa Securities Co. Ltd.,2026-04-13 11:48:16.724282
2026041301013295,EBL,44,49,50,700.0,35000.0,Dynamic Money Managers Securities Pvt. Ltd.,Online Securities Pvt. Ltd.,2026-04-13 11:48:16.724471
2026041301013296,EBL,44,14,100,700.0,70000.0,Dynamic Money Managers Securities Pvt. Ltd.,Nepal Stock House (PVT) Ltd.,2026-04-13 11:48:16.724632
2026041301013408,EBL,58,44,10,700.9,7009.0,Naasa Securities Co. Ltd.,Dynamic Money Managers Securities Pvt. Ltd.,2026-04-13 11:48:46.520745
2026041301013594,EBL,57,44,10,700.9,7009.0,Aryatara Investment & Securities,Dynamic Money Managers Securities Pvt. Ltd.,2026-04-13 11:49:46.207911
2026041301014238,EBL,58,52,30,700.8,21024.0,Naasa Securities Co. Ltd.,Sundhara Securities Limited,2026-04-13 11:52:56.823749
2026041301014336,EBL,44,67,1000,700.0,700000.0,Dynamic Money Managers Securities Pvt. Ltd.,Property Wiard Limited,2026-04-13 11:53:29.075071
2026041301014403,EBL,44,22,500,700.0,350000.0,Dynamic Money Managers Securities Pvt. Ltd.,Siprabi Securities Pvt. Ltd.,2026-04-13 11:53:45.838346
2026041301014647,EBL,26,44,10,700.0,7000.0,Asian Securities Private Ltd.,Dynamic Money Managers Securities Pvt. Ltd.,2026-04-13 11:55:02.811361
2026041301014648,EBL,42,44,20,700.0,14000.0,Sani Securities Company Ltd.,Dynamic Money Managers Securities Pvt. Ltd.,2026-04-13 11:55:02.811664
2026041301014649,EBL,57,44,170,700.0,119000.0,Aryatara Investment & Securities,Dynamic Money Managers Securities Pvt. Ltd.,2026-04-13 11:55:02.811859
2026041301015152,EBL,49,35,10,700.1,7001.0,Online Securities Pvt. Ltd.,Kohinoor Investment & Securities Pvt. Ltd.,2026-04-13 11:57:54.376233
2026041301015200,EBL,57,17,100,700.0,70000.0,Aryatara Investment & Securities,ABC Securities Private Limited,2026-04-13 11:58:16.825174
2026041301015253,EBL,57,17,100,700.0,70000.0,Aryatara Investment & Securities,ABC Securities Private Limited,2026-04-13 11:58:38.978191
2026041301015257,EBL,22,52,20,700.8,14016.0,Siprabi Securities Pvt. Ltd.,Sundhara Securities Limited,2026-04-13 11:58:43.347101
2026041301015414,EBL,57,22,130,700.0,91000.0,Aryatara Investment & Securities,Siprabi Securities Pvt. Ltd.,2026-04-13 11:59:28.853587
2026041301015415,EBL,45,22,10,700.0,7000.0,Imperial Securities Company Pvt. Ltd.,Siprabi Securities Pvt. Ltd.,2026-04-13 11:59:28.853767
2026041301015416,EBL,57,22,215,700.0,150500.0,Aryatara Investment & Securities,Siprabi Securities Pvt. Ltd.,2026-04-13 11:59:28.853858
2026041301015417,EBL,42,22,19,700.0,13300.0,Sani Securities Company Ltd.,Siprabi Securities Pvt. Ltd.,2026-04-13 11:59:28.853924
2026041301015445,EBL,42,52,72,700.0,50400.0,Sani Securities Company Ltd.,Sundhara Securities Limited,2026-04-13 11:59:44.255739
2026041301015684,EBL,58,17,2,700.0,1400.0,Naasa Securities Co. Ltd.,ABC Securities Private Limited,2026-04-13 12:01:47.115009
2026041301015896,EBL,42,36,20,699.9,13998.0,Sani Securities Company Ltd.,Secured Securities Ltd.,2026-04-13 12:03:27.991366
2026041301016473,EBL,22,58,53,699.0,37047.0,Siprabi Securities Pvt. Ltd.,Naasa Securities Co. Ltd.,2026-04-13 12:07:36.157673
2026041301016677,EBL,58,36,25,699.9,17497.5,Naasa Securities Co. Ltd.,Secured Securities Ltd.,2026-04-13 12:08:25.234106
2026041301016698,EBL,66,22,100,699.9,69990.0,Miyo Securities Pvt Ltd,Siprabi Securities Pvt. Ltd.,2026-04-13 12:08:36.628903
2026041301016699,EBL,66,52,4900,700.0,3430000.0,Miyo Securities Pvt Ltd,Sundhara Securities Limited,2026-04-13 12:08:36.629059
2026041301017047,EBL,22,52,14,700.0,9800.0,Siprabi Securities Pvt. Ltd.,Sundhara Securities Limited,2026-04-13 12:11:06.182359
2026041301018258,EBL,36,52,10,700.0,7000.0,Secured Securities Ltd.,Sundhara Securities Limited,2026-04-13 12:21:08.217376
2026041301018374,EBL,32,54,50,700.0,35000.0,Premier Securities Company Ltd.,Sewa Securities Pvt. Ltd.,2026-04-13 12:22:05.165974
2026041301018546,EBL,42,54,17,700.0,11900.0,Sani Securities Company Ltd.,Sewa Securities Pvt. Ltd.,2026-04-13 12:23:29.351393
2026041301019170,EBL,47,54,36,700.0,25200.0,Neev Securities Pvt. Ltd.,Sewa Securities Pvt. Ltd.,2026-04-13 12:28:33.069013
2026041301019171,EBL,47,13,21,700.0,14700.0,Neev Securities Pvt. Ltd.,Thrive Brokerage House Pvt. Ltd,2026-04-13 12:28:33.069239
2026041301019172,EBL,47,4,1,700.0,700.0,Neev Securities Pvt. Ltd.,Opal Securities Investment (PVT) Ltd.,2026-04-13 12:28:33.069301
2026041301019190,EBL,22,3,10,699.0,6990.0,Siprabi Securities Pvt. Ltd.,Arun Securities (PVT) Ltd.,2026-04-13 12:28:45.816694
2026041301019191,EBL,17,3,15,699.0,10485.0,ABC Securities Private Limited,Arun Securities (PVT) Ltd.,2026-04-13 12:28:45.817044
2026041301019193,EBL,32,52,15,700.0,10500.0,Premier Securities Company Ltd.,Sundhara Securities Limited,2026-04-13 12:28:46.138167
2026041301019617,EBL,57,52,205,700.0,143500.0,Aryatara Investment & Securities,Sundhara Securities Limited,2026-04-13 12:31:51.737969
2026041301019626,EBL,17,46,16,699.0,11184.0,ABC Securities Private Limited,Kalika Securities Pvt. Ltd.,2026-04-13 12:31:59.190896
2026041301020105,EBL,75,32,70,699.0,48930.0,N.I.M.B. Stock Markets Limited,Premier Securities Company Ltd.,2026-04-13 12:36:14.126861
2026041301020106,EBL,42,32,12,699.0,8388.0,Sani Securities Company Ltd.,Premier Securities Company Ltd.,2026-04-13 12:36:14.127040
2026041301020107,EBL,21,32,50,699.0,34950.0,Midas Stock Broking Company Private Limited,Premier Securities Company Ltd.,2026-04-13 12:36:14.127111
2026041301020263,EBL,35,32,15,698.0,10470.0,Kohinoor Investment & Securities Pvt. Ltd.,Premier Securities Company Ltd.,2026-04-13 12:37:40.188853
2026041301020524,EBL,54,17,50,698.0,34900.0,Sewa Securities Pvt. Ltd.,ABC Securities Private Limited,2026-04-13 12:39:19.479908
2026041301021159,EBL,22,17,250,698.0,174500.0,Siprabi Securities Pvt. Ltd.,ABC Securities Private Limited,2026-04-13 12:44:03.392727
2026041301021209,EBL,54,35,10,697.4,6974.0,Sewa Securities Pvt. Ltd.,Kohinoor Investment & Securities Pvt. Ltd.,2026-04-13 12:44:22.638269
2026041301021659,EBL,75,16,150,698.9,104835.0,N.I.M.B. Stock Markets Limited,Primo Securities (PVT) Ltd.,2026-04-13 12:46:49.962124
2026041301021660,EBL,75,32,293,699.0,204807.0,N.I.M.B. Stock Markets Limited,Premier Securities Company Ltd.,2026-04-13 12:46:49.962469
2026041301021661,EBL,75,36,30,699.0,20970.0,N.I.M.B. Stock Markets Limited,Secured Securities Ltd.,2026-04-13 12:46:49.962681
2026041301021662,EBL,75,52,6780,700.0,4746000.0,N.I.M.B. Stock Markets Limited,Sundhara Securities Limited,2026-04-13 12:46:49.962887
2026041301021663,EBL,75,4,37,700.0,25900.0,N.I.M.B. Stock Markets Limited,Opal Securities Investment (PVT) Ltd.,2026-04-13 12:46:49.963103
2026041301021664,EBL,75,57,300,700.0,210000.0,N.I.M.B. Stock Markets Limited,Aryatara Investment & Securities,2026-04-13 12:46:49.963304
2026041301021665,EBL,75,34,300,700.0,210000.0,N.I.M.B. Stock Markets Limited,Vision Securities Pvt. Ltd,2026-04-13 12:46:49.963493
2026041301021666,EBL,75,29,44,700.0,30800.0,N.I.M.B. Stock Markets Limited,Trisul Securities & Invt. Ltd.,2026-04-13 12:46:49.963683
2026041301021667,EBL,75,41,66,700.0,46200.0,N.I.M.B. Stock Markets Limited,Linch Stock Market Ltd.,2026-04-13 12:46:49.963877
2026041301022289,EBL,68,32,11,699.0,7689.0,Elite Stock House Limited,Premier Securities Company Ltd.,2026-04-13 12:51:23.192571
2026041301022419,EBL,67,54,4,692.0,2768.0,Property Wiard Limited,Sewa Securities Pvt. Ltd.,2026-04-13 12:52:22.538441
2026041301022856,EBL,67,32,9,697.5,6277.5,Property Wiard Limited,Premier Securities Company Ltd.,2026-04-13 12:55:14.943081
2026041301023423,EBL,20,41,429,700.0,300300.0,Sipla Securities Private Limited,Linch Stock Market Ltd.,2026-04-13 12:58:33.573578
2026041301023424,EBL,20,72,10,700.0,7000.0,Sipla Securities Private Limited,Hatemalo Financial Services Private Limited,2026-04-13 12:58:33.573894
2026041301023425,EBL,20,58,128,700.0,89600.0,Sipla Securities Private Limited,Naasa Securities Co. Ltd.,2026-04-13 12:58:33.574117
2026041301023426,EBL,20,52,4433,700.0,3103100.0,Sipla Securities Private Limited,Sundhara Securities Limited,2026-04-13 12:58:33.574316
2026041301024041,EBL,4,52,100,700.0,70000.0,Opal Securities Investment (PVT) Ltd.,Sundhara Securities Limited,2026-04-13 13:02:48.345887
2026041301024105,EBL,85,52,100,700.0,70000.0,Capital Hub P. Ltd,Sundhara Securities Limited,2026-04-13 13:03:15.112785
2026041301024134,EBL,85,52,100,700.0,70000.0,Capital Hub P. Ltd,Sundhara Securities Limited,2026-04-13 13:03:34.021338
2026041301024222,EBL,54,52,267,700.0,186900.0,Sewa Securities Pvt. Ltd.,Sundhara Securities Limited,2026-04-13 13:04:08.105157
2026041301024223,EBL,54,29,21,700.0,14700.0,Sewa Securities Pvt. Ltd.,Trisul Securities & Invt. Ltd.,2026-04-13 13:04:08.105502
2026041301024224,EBL,54,44,180,700.9,126162.0,Sewa Securities Pvt. Ltd.,Dynamic Money Managers Securities Pvt. Ltd.,2026-04-13 13:04:08.105713
2026041301024225,EBL,54,43,63,701.0,44163.0,Sewa Securities Pvt. Ltd.,South Asian Bulls Pvt. Ltd.,2026-04-13 13:04:08.105933
2026041301024756,EBL,48,49,33,700.0,23100.0,Trishakti Securities Public Limited,Online Securities Pvt. Ltd.,2026-04-13 13:07:41.527622
2026041301025870,EBL,10,43,437,701.0,306337.0,Pragyan Securities (PVT) Ltd.,South Asian Bulls Pvt. Ltd.,2026-04-13 13:16:10.946518
2026041301025871,EBL,10,7,50,701.0,35050.0,Pragyan Securities (PVT) Ltd.,J.F. Securites (PVT) Ltd.,2026-04-13 13:16:10.946689
2026041301026089,EBL,10,59,100,701.9,70190.0,Pragyan Securities (PVT) Ltd.,Deevyaa Securities & Stock House Pvt. Ltd,2026-04-13 13:17:39.563035
2026041301026090,EBL,10,57,10,702.0,7020.0,Pragyan Securities (PVT) Ltd.,Aryatara Investment & Securities,2026-04-13 13:17:39.563225
2026041301026091,EBL,10,6,40,702.0,28080.0,Pragyan Securities (PVT) Ltd.,Agrawal Securities (PVT) Ltd.,2026-04-13 13:17:39.563305
2026041301026092,EBL,10,65,400,702.0,280800.0,Pragyan Securities (PVT) Ltd.,Sharepro Securities Private Limited,2026-04-13 13:17:39.563384
2026041301026100,EBL,58,8,11,701.0,7711.0,Naasa Securities Co. Ltd.,Brilliant Securities Pvt. Ltd.,2026-04-13 13:17:40.651693
2026041301026190,EBL,58,36,100,701.9,70190.0,Naasa Securities Co. Ltd.,Secured Securities Ltd.,2026-04-13 13:18:13.975692
2026041301027108,EBL,58,65,40,702.0,28080.0,Naasa Securities Co. Ltd.,Sharepro Securities Private Limited,2026-04-13 13:22:43.599386
2026041301027129,EBL,48,6,22,700.0,15400.0,Trishakti Securities Public Limited,Agrawal Securities (PVT) Ltd.,2026-04-13 13:22:56.315762
2026041301027130,EBL,52,6,10,700.0,7000.0,Sundhara Securities Limited,Agrawal Securities (PVT) Ltd.,2026-04-13 13:22:56.316132
2026041301027914,EBL,4,6,100,700.0,70000.0,Opal Securities Investment (PVT) Ltd.,Agrawal Securities (PVT) Ltd.,2026-04-13 13:28:15.154556
2026041301028507,EBL,57,94,35,699.1,24468.5,Aryatara Investment & Securities,K.B.L. Securities Limited ,2026-04-13 13:32:44.223212
2026041301028518,EBL,54,94,250,699.0,174750.0,Sewa Securities Pvt. Ltd.,K.B.L. Securities Limited ,2026-04-13 13:32:51.594266
2026041301028535,EBL,75,94,30,698.0,20940.0,N.I.M.B. Stock Markets Limited,K.B.L. Securities Limited ,2026-04-13 13:33:02.728930
2026041301028536,EBL,58,94,20,698.0,13960.0,Naasa Securities Co. Ltd.,K.B.L. Securities Limited ,2026-04-13 13:33:02.729143
2026041301028537,EBL,35,94,100,698.0,69800.0,Kohinoor Investment & Securities Pvt. Ltd.,K.B.L. Securities Limited ,2026-04-13 13:33:02.729238
2026041301028538,EBL,4,94,200,698.0,139600.0,Opal Securities Investment (PVT) Ltd.,K.B.L. Securities Limited ,2026-04-13 13:33:02.729314
2026041301028599,EBL,44,36,25,699.9,17497.5,Dynamic Money Managers Securities Pvt. Ltd.,Secured Securities Ltd.,2026-04-13 13:33:31.977308
2026041301028600,EBL,44,6,209,700.0,146300.0,Dynamic Money Managers Securities Pvt. Ltd.,Agrawal Securities (PVT) Ltd.,2026-04-13 13:33:31.977481
2026041301028627,EBL,67,94,87,697.6,60691.2,Property Wiard Limited,K.B.L. Securities Limited ,2026-04-13 13:33:50.017426
2026041301028653,EBL,52,94,10,697.3,6973.0,Sundhara Securities Limited,K.B.L. Securities Limited ,2026-04-13 13:34:07.871800
2026041301028681,EBL,58,94,20,697.0,13940.0,Naasa Securities Co. Ltd.,K.B.L. Securities Limited ,2026-04-13 13:34:22.311133
2026041301028682,EBL,49,94,10,697.0,6970.0,Online Securities Pvt. Ltd.,K.B.L. Securities Limited ,2026-04-13 13:34:22.311477
2026041301028683,EBL,35,94,19,697.0,13243.0,Kohinoor Investment & Securities Pvt. Ltd.,K.B.L. Securities Limited ,2026-04-13 13:34:22.311691
2026041301028776,EBL,75,6,100,700.0,70000.0,N.I.M.B. Stock Markets Limited,Agrawal Securities (PVT) Ltd.,2026-04-13 13:35:10.076316
2026041301029003,EBL,29,6,10,700.0,7000.0,Trisul Securities & Invt. Ltd.,Agrawal Securities (PVT) Ltd.,2026-04-13 13:37:39.259636
2026041301029540,EBL,44,6,155,700.0,108500.0,Dynamic Money Managers Securities Pvt. Ltd.,Agrawal Securities (PVT) Ltd.,2026-04-13 13:43:29.468314
2026041301029786,EBL,58,41,23,698.0,16054.0,Naasa Securities Co. Ltd.,Linch Stock Market Ltd.,2026-04-13 13:45:54.589371
2026041301029802,EBL,75,41,77,698.0,53746.0,N.I.M.B. Stock Markets Limited,Linch Stock Market Ltd.,2026-04-13 13:46:09.065370
2026041301029803,EBL,75,6,23,700.0,16100.0,N.I.M.B. Stock Markets Limited,Agrawal Securities (PVT) Ltd.,2026-04-13 13:46:09.065581
2026041301030021,EBL,6,6,10,700.0,7000.0,Agrawal Securities (PVT) Ltd.,Agrawal Securities (PVT) Ltd.,2026-04-13 13:48:15.287924
2026041301030146,EBL,38,6,42,700.0,29400.0,Dipshikha Dhitopatra Karobar Co. Pvt Ltd.,Agrawal Securities (PVT) Ltd.,2026-04-13 13:49:17.378665
2026041301030290,EBL,44,6,50,700.0,35000.0,Dynamic Money Managers Securities Pvt. Ltd.,Agrawal Securities (PVT) Ltd.,2026-04-13 13:50:45.950240
2026041301031373,EBL,75,6,100,700.0,70000.0,N.I.M.B. Stock Markets Limited,Agrawal Securities (PVT) Ltd.,2026-04-13 14:00:16.087127
2026041301031403,EBL,75,6,100,700.0,70000.0,N.I.M.B. Stock Markets Limited,Agrawal Securities (PVT) Ltd.,2026-04-13 14:00:33.543733
2026041301031415,EBL,75,6,69,700.0,48300.0,N.I.M.B. Stock Markets Limited,Agrawal Securities (PVT) Ltd.,2026-04-13 14:00:44.395430
2026041301031416,EBL,75,32,31,700.0,21700.0,N.I.M.B. Stock Markets Limited,Premier Securities Company Ltd.,2026-04-13 14:00:44.395800
2026041301032078,EBL,34,35,10,698.0,6980.0,Vision Securities Pvt. Ltd,Kohinoor Investment & Securities Pvt. Ltd.,2026-04-13 14:07:16.966427
2026041301032235,EBL,67,58,6,697.0,4182.0,Property Wiard Limited,Naasa Securities Co. Ltd.,2026-04-13 14:08:24.517300
2026041301032324,EBL,44,32,300,700.0,210000.0,Dynamic Money Managers Securities Pvt. Ltd.,Premier Securities Company Ltd.,2026-04-13 14:09:09.057893
2026041301032833,EBL,75,64,42,697.2,29282.4,N.I.M.B. Stock Markets Limited,SUN SECURITIES PVT LTD,2026-04-13 14:12:37.090659
2026041301032867,EBL,75,64,10,697.2,6972.0,N.I.M.B. Stock Markets Limited,SUN SECURITIES PVT LTD,2026-04-13 14:12:53.452758
2026041301034446,EBL,42,22,19,698.0,13262.0,Sani Securities Company Ltd.,Siprabi Securities Pvt. Ltd.,2026-04-13 14:22:30.155968
2026041301036028,EBL,4,52,100,699.5,69950.0,Opal Securities Investment (PVT) Ltd.,Sundhara Securities Limited,2026-04-13 14:25:34.426268
2026041301036103,EBL,58,32,10,700.0,7000.0,Naasa Securities Co. Ltd.,Premier Securities Company Ltd.,2026-04-13 14:25:59.626097
2026041301036288,EBL,49,32,19,700.0,13300.0,Online Securities Pvt. Ltd.,Premier Securities Company Ltd.,2026-04-13 14:27:39.179865
2026041301036361,EBL,52,32,10,700.0,7000.0,Sundhara Securities Limited,Premier Securities Company Ltd.,2026-04-13 14:28:08.294634
2026041301037126,EBL,67,32,73,700.0,51100.0,Property Wiard Limited,Premier Securities Company Ltd.,2026-04-13 14:34:06.568576
2026041301038390,EBL,42,36,10,699.0,6990.0,Sani Securities Company Ltd.,Secured Securities Ltd.,2026-04-13 14:41:01.487630
2026041301038391,EBL,35,36,90,699.0,62910.0,Kohinoor Investment & Securities Pvt. Ltd.,Secured Securities Ltd.,2026-04-13 14:41:01.487847
2026041301038429,EBL,58,16,15,699.9,10498.5,Naasa Securities Co. Ltd.,Primo Securities (PVT) Ltd.,2026-04-13 14:41:19.384557
2026041301038705,EBL,35,36,10,699.0,6990.0,Kohinoor Investment & Securities Pvt. Ltd.,Secured Securities Ltd.,2026-04-13 14:43:06.133485
2026041301038855,EBL,35,57,11,699.0,7689.0,Kohinoor Investment & Securities Pvt. Ltd.,Aryatara Investment & Securities,2026-04-13 14:44:01.461688
2026041301038856,EBL,42,57,12,698.0,8376.0,Sani Securities Company Ltd.,Aryatara Investment & Securities,2026-04-13 14:44:01.461792
2026041301038865,EBL,36,56,1,699.0,699.0,Secured Securities Ltd.,Sri Hari Securities Pvt. Ltd.,2026-04-13 14:44:04.326921
2026041301039041,EBL,42,6,119,698.0,83062.0,Sani Securities Company Ltd.,Agrawal Securities (PVT) Ltd.,2026-04-13 14:44:47.379287
2026041301039042,EBL,32,6,13,698.0,9074.0,Premier Securities Company Ltd.,Agrawal Securities (PVT) Ltd.,2026-04-13 14:44:47.379507
2026041301039043,EBL,42,6,10,698.0,6980.0,Sani Securities Company Ltd.,Agrawal Securities (PVT) Ltd.,2026-04-13 14:44:47.379599
2026041301039044,EBL,45,6,19,698.0,13262.0,Imperial Securities Company Pvt. Ltd.,Agrawal Securities (PVT) Ltd.,2026-04-13 14:44:47.379685
2026041301040083,EBL,41,16,135,699.9,94486.5,Linch Stock Market Ltd.,Primo Securities (PVT) Ltd.,2026-04-13 14:49:32.707906
2026041301040262,EBL,41,74,20,699.9,13998.0,Linch Stock Market Ltd.,KALASH STOCK MARKET PVT. LTD.,2026-04-13 14:50:31.520043
2026041301040269,EBL,75,74,800,699.9,559920.0,N.I.M.B. Stock Markets Limited,KALASH STOCK MARKET PVT. LTD.,2026-04-13 14:50:33.661100
2026041301040654,EBL,22,49,50,699.0,34950.0,Siprabi Securities Pvt. Ltd.,Online Securities Pvt. Ltd.,2026-04-13 14:52:32.811649
2026041301040655,EBL,66,49,50,699.0,34950.0,Miyo Securities Pvt Ltd,Online Securities Pvt. Ltd.,2026-04-13 14:52:32.811871
2026041301040658,EBL,57,74,17,699.9,11898.3,Aryatara Investment & Securities,KALASH STOCK MARKET PVT. LTD.,2026-04-13 14:52:33.757263
2026041301040713,EBL,66,11,50,699.0,34950.0,Miyo Securities Pvt Ltd,Malla & Malla Stock Broking Company Pvt. Limited,2026-04-13 14:52:49.799652
2026041301040765,EBL,75,19,10,699.9,6999.0,N.I.M.B. Stock Markets Limited,Nepal Investment And Securities Trading Private Limited,2026-04-13 14:53:03.746498
2026041301040766,EBL,75,32,557,700.0,389900.0,N.I.M.B. Stock Markets Limited,Premier Securities Company Ltd.,2026-04-13 14:53:03.746700
2026041301040767,EBL,75,32,233,700.0,163100.0,N.I.M.B. Stock Markets Limited,Premier Securities Company Ltd.,2026-04-13 14:53:03.746785
2026041301041053,EBL,13,32,72,700.0,50400.0,Thrive Brokerage House Pvt. Ltd,Premier Securities Company Ltd.,2026-04-13 14:54:13.194055
2026041301041142,EBL,66,32,195,700.0,136500.0,Miyo Securities Pvt Ltd,Premier Securities Company Ltd.,2026-04-13 14:54:35.588342
2026041301041143,EBL,66,62,100,700.0,70000.0,Miyo Securities Pvt Ltd,Capital Max Securities Ltd,2026-04-13 14:54:35.588755
2026041301041144,EBL,66,11,50,700.0,35000.0,Miyo Securities Pvt Ltd,Malla & Malla Stock Broking Company Pvt. Limited,2026-04-13 14:54:35.589074
2026041301041145,EBL,66,101,555,700.0,388500.0,Miyo Securities Pvt Ltd,APPLE SECURITIES PRIVATE LIMITED,2026-04-13 14:54:35.589399
2026041301041282,EBL,35,13,30,699.0,20970.0,Kohinoor Investment & Securities Pvt. Ltd.,Thrive Brokerage House Pvt. Ltd,2026-04-13 14:55:04.669382
2026041301041398,EBL,75,44,200,699.8,139960.0,N.I.M.B. Stock Markets Limited,Dynamic Money Managers Securities Pvt. Ltd.,2026-04-13 14:55:41.482890
2026041301042015,EBL,35,58,12,699.0,8388.0,Kohinoor Investment & Securities Pvt. Ltd.,Naasa Securities Co. Ltd.,2026-04-13 14:57:38.438880
2026041301042224,EBL,14,56,14,699.0,9786.0,Nepal Stock House (PVT) Ltd.,Sri Hari Securities Pvt. Ltd.,2026-04-13 14:58:16.865431
2026041301042225,EBL,58,56,50,699.0,34950.0,Naasa Securities Co. Ltd.,Sri Hari Securities Pvt. Ltd.,2026-04-13 14:58:16.865819
2026041301042242,EBL,48,56,100,699.0,69900.0,Trishakti Securities Public Limited,Sri Hari Securities Pvt. Ltd.,2026-04-13 14:58:22.344463
2026041301042324,EBL,75,56,18,698.1,12565.8,N.I.M.B. Stock Markets Limited,Sri Hari Securities Pvt. Ltd.,2026-04-13 14:58:34.423472
2026041301042325,EBL,45,56,118,698.0,82364.0,Imperial Securities Company Pvt. Ltd.,Sri Hari Securities Pvt. Ltd.,2026-04-13 14:58:34.423849
2026041301042730,EBL,45,101,45,698.0,31410.0,Imperial Securities Company Pvt. Ltd.,APPLE SECURITIES PRIVATE LIMITED,2026-04-13 14:59:24.484909
2026041301042782,EBL,45,50,100,698.0,69800.0,Imperial Securities Company Pvt. Ltd.,Cristal Kanchanjanga Securites Pvt. Ltd.,2026-04-13 14:59:29.117067
2026041301042845,EBL,45,101,218,698.0,152164.0,Imperial Securities Company Pvt. Ltd.,APPLE SECURITIES PRIVATE LIMITED,2026-04-13 14:59:36.922608
2026041301042846,EBL,22,101,30,698.0,20940.0,Siprabi Securities Pvt. Ltd.,APPLE SECURITIES PRIVATE LIMITED,2026-04-13 14:59:36.922792
2026041301042847,EBL,96,101,48,698.0,33504.0,Himalayan Securities Limited,APPLE SECURITIES PRIVATE LIMITED,2026-04-13 14:59:36.922875
2026041301042848,EBL,42,101,20,698.0,13960.0,Sani Securities Company Ltd.,APPLE SECURITIES PRIVATE LIMITED,2026-04-13 14:59:36.922953
2026041301042922,EBL,22,101,50,698.0,34900.0,Siprabi Securities Pvt. Ltd.,APPLE SECURITIES PRIVATE LIMITED,2026-04-13 14:59:42.435055
