contractId,stockSymbol,buyerMemberId,sellerMemberId,quantity,rate,amount,businessDate,tradeBookId,stockId,buyerBrokerName,sellerBrokerName,transaction_time,securityName
2026041303000025,GBBL,58,14,40,410.0,16400.0,2026-04-13,186085739,417,Naasa Securities Co. Ltd.,Nepal Stock House (PVT) Ltd.,2026-04-13 11:03:01.320478,Garima Bikas Bank Limited
2026041303000128,GBBL,58,16,108,411.9,44485.2,2026-04-13,186095578,417,Naasa Securities Co. Ltd.,Primo Securities (PVT) Ltd.,2026-04-13 11:10:30.631306,Garima Bikas Bank Limited
2026041303000181,GBBL,47,16,1164,411.9,479451.6,2026-04-13,186099329,417,Neev Securities Pvt. Ltd.,Primo Securities (PVT) Ltd.,2026-04-13 11:13:38.721401,Garima Bikas Bank Limited
2026041303000182,GBBL,47,22,500,412.0,206000.0,2026-04-13,186099331,417,Neev Securities Pvt. Ltd.,Siprabi Securities Pvt. Ltd.,2026-04-13 11:13:38.721552,Garima Bikas Bank Limited
2026041303000545,GBBL,58,57,40,412.2,16488.0,2026-04-13,186114199,417,Naasa Securities Co. Ltd.,Aryatara Investment & Securities,2026-04-13 11:28:48.438745,Garima Bikas Bank Limited
2026041303000605,GBBL,58,47,245,414.0,101430.0,2026-04-13,186116802,417,Naasa Securities Co. Ltd.,Neev Securities Pvt. Ltd.,2026-04-13 11:31:52.119440,Garima Bikas Bank Limited
2026041303000642,GBBL,57,47,10,414.0,4140.0,2026-04-13,186118266,417,Aryatara Investment & Securities,Neev Securities Pvt. Ltd.,2026-04-13 11:33:37.225176,Garima Bikas Bank Limited
2026041303000687,GBBL,25,47,10,414.0,4140.0,2026-04-13,186120270,417,Sweta Securities Private Limited,Neev Securities Pvt. Ltd.,2026-04-13 11:35:53.496782,Garima Bikas Bank Limited
2026041303000712,GBBL,6,22,87,413.5,35974.5,2026-04-13,186121035,417,Agrawal Securities (PVT) Ltd.,Siprabi Securities Pvt. Ltd.,2026-04-13 11:36:59.728060,Garima Bikas Bank Limited
2026041303000861,GBBL,45,47,25,414.0,10350.0,2026-04-13,186127888,417,Imperial Securities Company Pvt. Ltd.,Neev Securities Pvt. Ltd.,2026-04-13 11:45:37.739676,Garima Bikas Bank Limited
2026041303000887,GBBL,19,6,50,415.0,20750.0,2026-04-13,186128475,417,Nepal Investment And Securities Trading Private Limited,Agrawal Securities (PVT) Ltd.,2026-04-13 11:46:22.486056,Garima Bikas Bank Limited
2026041303000888,GBBL,19,40,150,415.0,62250.0,2026-04-13,186128478,417,Nepal Investment And Securities Trading Private Limited,Creative Securities Pvt Ltd,2026-04-13 11:46:22.486240,Garima Bikas Bank Limited
2026041303000891,GBBL,45,40,15,415.0,6225.0,2026-04-13,186128488,417,Imperial Securities Company Pvt. Ltd.,Creative Securities Pvt Ltd,2026-04-13 11:46:22.846692,Garima Bikas Bank Limited
2026041303000989,GBBL,58,40,50,415.0,20750.0,2026-04-13,186131366,417,Naasa Securities Co. Ltd.,Creative Securities Pvt Ltd,2026-04-13 11:49:14.423380,Garima Bikas Bank Limited
2026041303001012,GBBL,58,40,21,415.0,8715.0,2026-04-13,186131814,417,Naasa Securities Co. Ltd.,Creative Securities Pvt Ltd,2026-04-13 11:49:44.859921,Garima Bikas Bank Limited
2026041303001033,GBBL,74,40,44,415.0,18260.0,2026-04-13,186132285,417,KALASH STOCK MARKET PVT. LTD.,Creative Securities Pvt Ltd,2026-04-13 11:50:10.567695,Garima Bikas Bank Limited
2026041303001034,GBBL,74,7,10,415.0,4150.0,2026-04-13,186132287,417,KALASH STOCK MARKET PVT. LTD.,J.F. Securites (PVT) Ltd.,2026-04-13 11:50:10.567883,Garima Bikas Bank Limited
2026041303001035,GBBL,74,13,50,415.0,20750.0,2026-04-13,186132289,417,KALASH STOCK MARKET PVT. LTD.,Thrive Brokerage House Pvt. Ltd,2026-04-13 11:50:10.567998,Garima Bikas Bank Limited
2026041303001134,GBBL,7,39,20,416.0,8320.0,2026-04-13,186136008,417,J.F. Securites (PVT) Ltd.,Sumeru Securities Pvt. Ltd.,2026-04-13 11:54:43.668605,Garima Bikas Bank Limited
2026041303001231,GBBL,19,67,150,417.0,62550.0,2026-04-13,186138884,417,Nepal Investment And Securities Trading Private Limited,Property Wiard Limited,2026-04-13 11:58:07.379749,Garima Bikas Bank Limited
2026041303001232,GBBL,48,67,20,416.0,8320.0,2026-04-13,186138886,417,Trishakti Securities Public Limited,Property Wiard Limited,2026-04-13 11:58:07.379850,Garima Bikas Bank Limited
2026041303001233,GBBL,26,67,328,416.0,136448.0,2026-04-13,186138887,417,Asian Securities Private Ltd.,Property Wiard Limited,2026-04-13 11:58:07.379894,Garima Bikas Bank Limited
2026041303001308,GBBL,58,45,1,415.0,415.0,2026-04-13,186141461,417,Naasa Securities Co. Ltd.,Imperial Securities Company Pvt. Ltd.,2026-04-13 12:01:15.421815,Garima Bikas Bank Limited
2026041303001341,GBBL,29,25,100,416.1,41610.0,2026-04-13,186142389,417,Trisul Securities & Invt. Ltd.,Sweta Securities Private Limited,2026-04-13 12:02:18.928570,Garima Bikas Bank Limited
2026041303001408,GBBL,58,48,100,417.9,41790.0,2026-04-13,186145294,417,Naasa Securities Co. Ltd.,Trishakti Securities Public Limited,2026-04-13 12:06:33.545836,Garima Bikas Bank Limited
2026041303001558,GBBL,26,94,172,416.0,71552.0,2026-04-13,186149370,417,Asian Securities Private Ltd.,K.B.L. Securities Limited ,2026-04-13 12:12:03.024871,Garima Bikas Bank Limited
2026041303001559,GBBL,17,94,190,416.0,79040.0,2026-04-13,186149372,417,ABC Securities Private Limited,K.B.L. Securities Limited ,2026-04-13 12:12:03.024979,Garima Bikas Bank Limited
2026041303001560,GBBL,49,94,10,416.0,4160.0,2026-04-13,186149374,417,Online Securities Pvt. Ltd.,K.B.L. Securities Limited ,2026-04-13 12:12:03.025040,Garima Bikas Bank Limited
2026041303001561,GBBL,19,94,88,416.0,36608.0,2026-04-13,186149375,417,Nepal Investment And Securities Trading Private Limited,K.B.L. Securities Limited ,2026-04-13 12:12:03.025089,Garima Bikas Bank Limited
2026041303001789,GBBL,88,68,848,416.0,352768.0,2026-04-13,186155913,417,Blue Chip Securities Ltd,Elite Stock House Limited,2026-04-13 12:20:28.387950,Garima Bikas Bank Limited
2026041303001820,GBBL,88,45,152,417.3,63429.6,2026-04-13,186156400,417,Blue Chip Securities Ltd,Imperial Securities Company Pvt. Ltd.,2026-04-13 12:21:14.961092,Garima Bikas Bank Limited
2026041303001934,GBBL,48,64,500,417.2,208600.0,2026-04-13,186159127,417,Trishakti Securities Public Limited,SUN SECURITIES PVT LTD,2026-04-13 12:25:16.250242,Garima Bikas Bank Limited
2026041303001935,GBBL,48,45,48,417.3,20030.4,2026-04-13,186159129,417,Trishakti Securities Public Limited,Imperial Securities Company Pvt. Ltd.,2026-04-13 12:25:16.250487,Garima Bikas Bank Limited
2026041303001936,GBBL,48,22,300,417.7,125310.0,2026-04-13,186159131,417,Trishakti Securities Public Limited,Siprabi Securities Pvt. Ltd.,2026-04-13 12:25:16.250642,Garima Bikas Bank Limited
2026041303001937,GBBL,48,33,152,417.8,63505.6,2026-04-13,186159134,417,Trishakti Securities Public Limited,Dakshinkali Investment & Securities Pvt. Ltd.,2026-04-13 12:25:16.250788,Garima Bikas Bank Limited
2026041303002389,GBBL,42,39,14,415.5,5817.0,2026-04-13,186169861,417,Sani Securities Company Ltd.,Sumeru Securities Pvt. Ltd.,2026-04-13 12:40:56.702879,Garima Bikas Bank Limited
2026041303002455,GBBL,45,48,43,415.4,17862.2,2026-04-13,186171287,417,Imperial Securities Company Pvt. Ltd.,Trishakti Securities Public Limited,2026-04-13 12:42:55.383692,Garima Bikas Bank Limited
2026041303002514,GBBL,45,5,17,415.4,7061.8,2026-04-13,186172380,417,Imperial Securities Company Pvt. Ltd.,Market Securities & Exchange (PVT) Ltd.,2026-04-13 12:44:23.221749,Garima Bikas Bank Limited
2026041303002515,GBBL,47,5,183,415.4,76018.2,2026-04-13,186172381,417,Neev Securities Pvt. Ltd.,Market Securities & Exchange (PVT) Ltd.,2026-04-13 12:44:23.221926,Garima Bikas Bank Limited
2026041303002554,GBBL,20,45,100,417.6,41760.0,2026-04-13,186173801,417,Sipla Securities Private Limited,Imperial Securities Company Pvt. Ltd.,2026-04-13 12:45:59.309956,Garima Bikas Bank Limited
2026041303002555,GBBL,20,45,900,417.6,375840.0,2026-04-13,186173804,417,Sipla Securities Private Limited,Imperial Securities Company Pvt. Ltd.,2026-04-13 12:45:59.310240,Garima Bikas Bank Limited
2026041303002556,GBBL,47,5,50,415.4,20770.0,2026-04-13,186173815,417,Neev Securities Pvt. Ltd.,Market Securities & Exchange (PVT) Ltd.,2026-04-13 12:46:00.113468,Garima Bikas Bank Limited
2026041303002662,GBBL,47,58,258,415.4,107173.2,2026-04-13,186176709,417,Neev Securities Pvt. Ltd.,Naasa Securities Co. Ltd.,2026-04-13 12:50:04.491408,Garima Bikas Bank Limited
2026041303002693,GBBL,47,57,300,415.4,124620.0,2026-04-13,186177695,417,Neev Securities Pvt. Ltd.,Aryatara Investment & Securities,2026-04-13 12:51:34.445337,Garima Bikas Bank Limited
2026041303002761,GBBL,41,32,10,416.0,4160.0,2026-04-13,186179053,417,Linch Stock Market Ltd.,Premier Securities Company Ltd.,2026-04-13 12:53:29.196827,Garima Bikas Bank Limited
2026041303002762,GBBL,41,32,71,417.0,29607.0,2026-04-13,186179055,417,Linch Stock Market Ltd.,Premier Securities Company Ltd.,2026-04-13 12:53:29.197096,Garima Bikas Bank Limited
2026041303002763,GBBL,41,45,120,417.6,50112.0,2026-04-13,186179057,417,Linch Stock Market Ltd.,Imperial Securities Company Pvt. Ltd.,2026-04-13 12:53:29.197305,Garima Bikas Bank Limited
2026041303002764,GBBL,41,3,299,417.7,124892.3,2026-04-13,186179060,417,Linch Stock Market Ltd.,Arun Securities (PVT) Ltd.,2026-04-13 12:53:29.197480,Garima Bikas Bank Limited
2026041303002922,GBBL,43,34,20,415.6,8312.0,2026-04-13,186182639,417,South Asian Bulls Pvt. Ltd.,Vision Securities Pvt. Ltd,2026-04-13 12:58:31.906688,Garima Bikas Bank Limited
2026041303002987,GBBL,43,35,21,415.6,8727.6,2026-04-13,186184225,417,South Asian Bulls Pvt. Ltd.,Kohinoor Investment & Securities Pvt. Ltd.,2026-04-13 13:01:04.482229,Garima Bikas Bank Limited
2026041303003076,GBBL,43,72,62,415.6,25767.2,2026-04-13,186186888,417,South Asian Bulls Pvt. Ltd.,Hatemalo Financial Services Private Limited,2026-04-13 13:04:52.383993,Garima Bikas Bank Limited
2026041303003077,GBBL,47,72,638,415.4,265025.2,2026-04-13,186186889,417,Neev Securities Pvt. Ltd.,Hatemalo Financial Services Private Limited,2026-04-13 13:04:52.384291,Garima Bikas Bank Limited
2026041303003203,GBBL,47,22,11,415.4,4569.4,2026-04-13,186190120,417,Neev Securities Pvt. Ltd.,Siprabi Securities Pvt. Ltd.,2026-04-13 13:09:35.130426,Garima Bikas Bank Limited
2026041303003223,GBBL,74,22,71,415.0,29465.0,2026-04-13,186190554,417,KALASH STOCK MARKET PVT. LTD.,Siprabi Securities Pvt. Ltd.,2026-04-13 13:10:18.032177,Garima Bikas Bank Limited
2026041303003224,GBBL,58,22,10,415.0,4150.0,2026-04-13,186190556,417,Naasa Securities Co. Ltd.,Siprabi Securities Pvt. Ltd.,2026-04-13 13:10:18.032361,Garima Bikas Bank Limited
2026041303003225,GBBL,52,22,10,415.0,4150.0,2026-04-13,186190558,417,Sundhara Securities Limited,Siprabi Securities Pvt. Ltd.,2026-04-13 13:10:18.032420,Garima Bikas Bank Limited
2026041303003226,GBBL,42,22,19,415.0,7885.0,2026-04-13,186190559,417,Sani Securities Company Ltd.,Siprabi Securities Pvt. Ltd.,2026-04-13 13:10:18.032475,Garima Bikas Bank Limited
2026041303003304,GBBL,13,35,1,408.0,408.0,2026-04-13,186191993,417,Thrive Brokerage House Pvt. Ltd,Kohinoor Investment & Securities Pvt. Ltd.,2026-04-13 13:12:24.617384,Garima Bikas Bank Limited
2026041303003305,GBBL,13,1,1,408.0,408.0,2026-04-13,186192129,417,Thrive Brokerage House Pvt. Ltd,Kumari Securities Private Limited,2026-04-13 13:12:34.923883,Garima Bikas Bank Limited
2026041303003432,GBBL,36,58,10,414.3,4143.0,2026-04-13,186195767,417,Secured Securities Ltd.,Naasa Securities Co. Ltd.,2026-04-13 13:18:03.180147,Garima Bikas Bank Limited
2026041303003524,GBBL,39,68,636,415.0,263940.0,2026-04-13,186198157,417,Sumeru Securities Pvt. Ltd.,Elite Stock House Limited,2026-04-13 13:21:02.399741,Garima Bikas Bank Limited
2026041303003649,GBBL,39,45,11,415.0,4565.0,2026-04-13,186202481,417,Sumeru Securities Pvt. Ltd.,Imperial Securities Company Pvt. Ltd.,2026-04-13 13:27:06.030717,Garima Bikas Bank Limited
2026041303003723,GBBL,39,58,10,415.0,4150.0,2026-04-13,186204395,417,Sumeru Securities Pvt. Ltd.,Naasa Securities Co. Ltd.,2026-04-13 13:30:23.216082,Garima Bikas Bank Limited
2026041303003792,GBBL,6,54,33,415.1,13698.3,2026-04-13,186206263,417,Agrawal Securities (PVT) Ltd.,Sewa Securities Pvt. Ltd.,2026-04-13 13:33:34.075091,Garima Bikas Bank Limited
2026041303003793,GBBL,6,45,50,415.1,20755.0,2026-04-13,186206341,417,Agrawal Securities (PVT) Ltd.,Imperial Securities Company Pvt. Ltd.,2026-04-13 13:33:45.809886,Garima Bikas Bank Limited
2026041303004029,GBBL,6,45,430,415.1,178493.0,2026-04-13,186212041,417,Agrawal Securities (PVT) Ltd.,Imperial Securities Company Pvt. Ltd.,2026-04-13 13:44:15.400122,Garima Bikas Bank Limited
2026041303004034,GBBL,6,33,57,415.1,23660.7,2026-04-13,186212195,417,Agrawal Securities (PVT) Ltd.,Dakshinkali Investment & Securities Pvt. Ltd.,2026-04-13 13:44:37.849128,Garima Bikas Bank Limited
2026041303004042,GBBL,6,14,430,415.1,178493.0,2026-04-13,186212452,417,Agrawal Securities (PVT) Ltd.,Nepal Stock House (PVT) Ltd.,2026-04-13 13:45:05.201268,Garima Bikas Bank Limited
2026041303004043,GBBL,39,14,343,415.0,142345.0,2026-04-13,186212454,417,Sumeru Securities Pvt. Ltd.,Nepal Stock House (PVT) Ltd.,2026-04-13 13:45:05.201439,Garima Bikas Bank Limited
2026041303004044,GBBL,57,14,200,415.0,83000.0,2026-04-13,186212456,417,Aryatara Investment & Securities,Nepal Stock House (PVT) Ltd.,2026-04-13 13:45:05.201502,Garima Bikas Bank Limited
2026041303004045,GBBL,42,14,31,415.0,12865.0,2026-04-13,186212458,417,Sani Securities Company Ltd.,Nepal Stock House (PVT) Ltd.,2026-04-13 13:45:05.201560,Garima Bikas Bank Limited
2026041303004174,GBBL,57,42,30,414.3,12429.0,2026-04-13,186214948,417,Aryatara Investment & Securities,Sani Securities Company Ltd.,2026-04-13 13:49:47.397057,Garima Bikas Bank Limited
2026041303004175,GBBL,57,42,30,414.1,12423.0,2026-04-13,186214950,417,Aryatara Investment & Securities,Sani Securities Company Ltd.,2026-04-13 13:49:47.397375,Garima Bikas Bank Limited
2026041303004176,GBBL,6,42,427,413.5,176564.5,2026-04-13,186214951,417,Agrawal Securities (PVT) Ltd.,Sani Securities Company Ltd.,2026-04-13 13:49:47.397566,Garima Bikas Bank Limited
2026041303004187,GBBL,6,22,21,413.5,8683.5,2026-04-13,186215481,417,Agrawal Securities (PVT) Ltd.,Siprabi Securities Pvt. Ltd.,2026-04-13 13:50:57.764797,Garima Bikas Bank Limited
2026041303004269,GBBL,6,44,304,413.5,125704.0,2026-04-13,186217232,417,Agrawal Securities (PVT) Ltd.,Dynamic Money Managers Securities Pvt. Ltd.,2026-04-13 13:53:55.076898,Garima Bikas Bank Limited
2026041303004278,GBBL,39,59,100,414.9,41490.0,2026-04-13,186217405,417,Sumeru Securities Pvt. Ltd.,Deevyaa Securities & Stock House Pvt. Ltd,2026-04-13 13:54:13.920366,Garima Bikas Bank Limited
2026041303004279,GBBL,39,14,1243,415.0,515845.0,2026-04-13,186217407,417,Sumeru Securities Pvt. Ltd.,Nepal Stock House (PVT) Ltd.,2026-04-13 13:54:13.920664,Garima Bikas Bank Limited
2026041303004280,GBBL,39,16,561,415.0,232815.0,2026-04-13,186217409,417,Sumeru Securities Pvt. Ltd.,Primo Securities (PVT) Ltd.,2026-04-13 13:54:13.920838,Garima Bikas Bank Limited
2026041303004281,GBBL,39,49,55,415.0,22825.0,2026-04-13,186217411,417,Sumeru Securities Pvt. Ltd.,Online Securities Pvt. Ltd.,2026-04-13 13:54:13.921003,Garima Bikas Bank Limited
2026041303004505,GBBL,62,44,40,413.6,16544.0,2026-04-13,186223646,417,Capital Max Securities Ltd,Dynamic Money Managers Securities Pvt. Ltd.,2026-04-13 14:05:39.820366,Garima Bikas Bank Limited
2026041303004506,GBBL,6,44,161,413.5,66573.5,2026-04-13,186223648,417,Agrawal Securities (PVT) Ltd.,Dynamic Money Managers Securities Pvt. Ltd.,2026-04-13 14:05:39.820747,Garima Bikas Bank Limited
2026041303004507,GBBL,46,44,10,413.5,4135.0,2026-04-13,186223650,417,Kalika Securities Pvt. Ltd.,Dynamic Money Managers Securities Pvt. Ltd.,2026-04-13 14:05:39.820958,Garima Bikas Bank Limited
2026041303004508,GBBL,57,44,30,413.1,12393.0,2026-04-13,186223654,417,Aryatara Investment & Securities,Dynamic Money Managers Securities Pvt. Ltd.,2026-04-13 14:05:39.821183,Garima Bikas Bank Limited
2026041303004509,GBBL,57,44,30,412.1,12363.0,2026-04-13,186223656,417,Aryatara Investment & Securities,Dynamic Money Managers Securities Pvt. Ltd.,2026-04-13 14:05:39.821383,Garima Bikas Bank Limited
2026041303004510,GBBL,39,44,229,412.1,94370.9,2026-04-13,186223657,417,Sumeru Securities Pvt. Ltd.,Dynamic Money Managers Securities Pvt. Ltd.,2026-04-13 14:05:39.821568,Garima Bikas Bank Limited
2026041303004602,GBBL,58,40,100,415.0,41500.0,2026-04-13,186226116,417,Naasa Securities Co. Ltd.,Creative Securities Pvt Ltd,2026-04-13 14:09:39.974460,Garima Bikas Bank Limited
2026041303004744,GBBL,1,43,1,409.5,409.5,2026-04-13,186230809,417,Kumari Securities Private Limited,South Asian Bulls Pvt. Ltd.,2026-04-13 14:16:07.334058,Garima Bikas Bank Limited
2026041303004756,GBBL,1,4,6,412.0,2472.0,2026-04-13,186231161,417,Kumari Securities Private Limited,Opal Securities Investment (PVT) Ltd.,2026-04-13 14:16:43.149084,Garima Bikas Bank Limited
2026041303004765,GBBL,1,33,1,412.0,412.0,2026-04-13,186231343,417,Kumari Securities Private Limited,Dakshinkali Investment & Securities Pvt. Ltd.,2026-04-13 14:17:01.472749,Garima Bikas Bank Limited
2026041303004791,GBBL,39,53,10,412.1,4121.0,2026-04-13,186232799,417,Sumeru Securities Pvt. Ltd.,Investment Management Nepal Pvt. Ltd.,2026-04-13 14:18:56.137779,Garima Bikas Bank Limited
2026041303004792,GBBL,42,47,1,415.5,415.5,2026-04-13,186232891,417,Sani Securities Company Ltd.,Neev Securities Pvt. Ltd.,2026-04-13 14:19:09.500559,Garima Bikas Bank Limited
2026041303004955,GBBL,39,32,13,412.1,5357.3,2026-04-13,186239374,417,Sumeru Securities Pvt. Ltd.,Premier Securities Company Ltd.,2026-04-13 14:25:06.557980,Garima Bikas Bank Limited
2026041303005003,GBBL,39,32,27,412.1,11126.7,2026-04-13,186241151,417,Sumeru Securities Pvt. Ltd.,Premier Securities Company Ltd.,2026-04-13 14:26:40.236645,Garima Bikas Bank Limited
2026041303005042,GBBL,39,53,25,412.1,10302.5,2026-04-13,186242169,417,Sumeru Securities Pvt. Ltd.,Investment Management Nepal Pvt. Ltd.,2026-04-13 14:28:05.853773,Garima Bikas Bank Limited
2026041303005267,GBBL,35,40,100,413.9,41390.0,2026-04-13,186247322,417,Kohinoor Investment & Securities Pvt. Ltd.,Creative Securities Pvt Ltd,2026-04-13 14:34:42.243211,Garima Bikas Bank Limited
2026041303005450,GBBL,6,40,200,413.9,82780.0,2026-04-13,186251911,417,Agrawal Securities (PVT) Ltd.,Creative Securities Pvt Ltd,2026-04-13 14:39:32.766953,Garima Bikas Bank Limited
2026041303005451,GBBL,6,32,15,413.9,6208.5,2026-04-13,186251914,417,Agrawal Securities (PVT) Ltd.,Premier Securities Company Ltd.,2026-04-13 14:39:32.767125,Garima Bikas Bank Limited
2026041303005737,GBBL,57,40,300,413.9,124170.0,2026-04-13,186258071,417,Aryatara Investment & Securities,Creative Securities Pvt Ltd,2026-04-13 14:45:44.374377,Garima Bikas Bank Limited
2026041303005765,GBBL,36,48,100,414.0,41400.0,2026-04-13,186258472,417,Secured Securities Ltd.,Trishakti Securities Public Limited,2026-04-13 14:46:00.604175,Garima Bikas Bank Limited
2026041303005787,GBBL,57,48,100,414.0,41400.0,2026-04-13,186258658,417,Aryatara Investment & Securities,Trishakti Securities Public Limited,2026-04-13 14:46:09.172427,Garima Bikas Bank Limited
2026041303005880,GBBL,58,1,304,413.0,125552.0,2026-04-13,186260585,417,Naasa Securities Co. Ltd.,Kumari Securities Private Limited,2026-04-13 14:47:41.468477,Garima Bikas Bank Limited
2026041303006083,GBBL,74,64,100,413.9,41390.0,2026-04-13,186264700,417,KALASH STOCK MARKET PVT. LTD.,SUN SECURITIES PVT LTD,2026-04-13 14:50:52.857133,Garima Bikas Bank Limited
2026041303006105,GBBL,58,44,100,413.0,41300.0,2026-04-13,186265381,417,Naasa Securities Co. Ltd.,Dynamic Money Managers Securities Pvt. Ltd.,2026-04-13 14:51:29.627337,Garima Bikas Bank Limited
2026041303006130,GBBL,58,58,50,413.0,20650.0,2026-04-13,186266127,417,Naasa Securities Co. Ltd.,Naasa Securities Co. Ltd.,2026-04-13 14:52:03.458960,Garima Bikas Bank Limited
2026041303006454,GBBL,58,58,25,413.0,10325.0,2026-04-13,186271833,417,Naasa Securities Co. Ltd.,Naasa Securities Co. Ltd.,2026-04-13 14:55:48.550478,Garima Bikas Bank Limited
2026041303006496,GBBL,58,101,521,413.0,215173.0,2026-04-13,186272744,417,Naasa Securities Co. Ltd.,APPLE SECURITIES PRIVATE LIMITED,2026-04-13 14:56:21.467635,Garima Bikas Bank Limited
2026041303006497,GBBL,39,101,77,413.0,31801.0,2026-04-13,186272746,417,Sumeru Securities Pvt. Ltd.,APPLE SECURITIES PRIVATE LIMITED,2026-04-13 14:56:21.467811,Garima Bikas Bank Limited
2026041303006498,GBBL,38,101,10,413.0,4130.0,2026-04-13,186272748,417,Dipshikha Dhitopatra Karobar Co. Pvt Ltd.,APPLE SECURITIES PRIVATE LIMITED,2026-04-13 14:56:21.467876,Garima Bikas Bank Limited
2026041303006542,GBBL,42,4,100,412.5,41250.0,2026-04-13,186273299,417,Sani Securities Company Ltd.,Opal Securities Investment (PVT) Ltd.,2026-04-13 14:56:32.390771,Garima Bikas Bank Limited
2026041303006564,GBBL,42,101,220,412.5,90750.0,2026-04-13,186273492,417,Sani Securities Company Ltd.,APPLE SECURITIES PRIVATE LIMITED,2026-04-13 14:56:38.489074,Garima Bikas Bank Limited
2026041303006606,GBBL,39,101,172,412.1,70881.2,2026-04-13,186274031,417,Sumeru Securities Pvt. Ltd.,APPLE SECURITIES PRIVATE LIMITED,2026-04-13 14:56:55.678874,Garima Bikas Bank Limited
2026041303006830,GBBL,52,58,100,413.0,41300.0,2026-04-13,186277954,417,Sundhara Securities Limited,Naasa Securities Co. Ltd.,2026-04-13 14:58:40.143490,Garima Bikas Bank Limited
2026041303006930,GBBL,41,58,100,413.0,41300.0,2026-04-13,186279885,417,Linch Stock Market Ltd.,Naasa Securities Co. Ltd.,2026-04-13 14:59:17.573175,Garima Bikas Bank Limited
2026041303006931,GBBL,41,38,170,413.0,70210.0,2026-04-13,186279888,417,Linch Stock Market Ltd.,Dipshikha Dhitopatra Karobar Co. Pvt Ltd.,2026-04-13 14:59:17.573259,Garima Bikas Bank Limited
2026041303007064,GBBL,41,50,80,413.0,33040.0,2026-04-13,186281258,417,Linch Stock Market Ltd.,Cristal Kanchanjanga Securites Pvt. Ltd.,2026-04-13 14:59:33.277763,Garima Bikas Bank Limited
2026041303007115,GBBL,39,5,96,413.8,39724.8,2026-04-13,186282319,417,Sumeru Securities Pvt. Ltd.,Market Securities & Exchange (PVT) Ltd.,2026-04-13 14:59:46.470542,Garima Bikas Bank Limited
2026041303007116,GBBL,39,64,400,413.9,165560.0,2026-04-13,186282321,417,Sumeru Securities Pvt. Ltd.,SUN SECURITIES PVT LTD,2026-04-13 14:59:46.470688,Garima Bikas Bank Limited
2026041303007117,GBBL,39,48,800,414.0,331200.0,2026-04-13,186282323,417,Sumeru Securities Pvt. Ltd.,Trishakti Securities Public Limited,2026-04-13 14:59:46.470760,Garima Bikas Bank Limited
2026041303007118,GBBL,39,3,206,414.0,85284.0,2026-04-13,186282325,417,Sumeru Securities Pvt. Ltd.,Arun Securities (PVT) Ltd.,2026-04-13 14:59:46.470827,Garima Bikas Bank Limited
2026041303007119,GBBL,39,49,63,414.0,26082.0,2026-04-13,186282328,417,Sumeru Securities Pvt. Ltd.,Online Securities Pvt. Ltd.,2026-04-13 14:59:46.470912,Garima Bikas Bank Limited
2026041303007159,GBBL,41,49,50,414.0,20700.0,2026-04-13,186282664,417,Linch Stock Market Ltd.,Online Securities Pvt. Ltd.,2026-04-13 14:59:49.994237,Garima Bikas Bank Limited
2026041303007163,GBBL,41,26,40,412.9,16516.0,2026-04-13,186282677,417,Linch Stock Market Ltd.,Asian Securities Private Ltd.,2026-04-13 14:59:50.274433,Garima Bikas Bank Limited
