contractId,stockSymbol,buyerMemberId,sellerMemberId,quantity,rate,amount,businessDate,tradeBookId,stockId,buyerBrokerName,sellerBrokerName,transaction_time,securityName
2026041303000024,JBBL,41,35,10,370.0,3700.0,2026-04-13,186085737,418,Linch Stock Market Ltd.,Kohinoor Investment & Securities Pvt. Ltd.,2026-04-13 11:03:01.308989,Jyoti Bikas Bank Limited
2026041303000079,JBBL,92,62,200,371.5,74300.0,2026-04-13,186090711,418,Roadshow securities limited,Capital Max Securities Ltd,2026-04-13 11:07:09.161998,Jyoti Bikas Bank Limited
2026041303000097,JBBL,35,57,100,371.6,37160.0,2026-04-13,186092338,418,Kohinoor Investment & Securities Pvt. Ltd.,Aryatara Investment & Securities,2026-04-13 11:08:43.024108,Jyoti Bikas Bank Limited
2026041303000098,JBBL,92,57,25,371.5,9287.5,2026-04-13,186092339,418,Roadshow securities limited,Aryatara Investment & Securities,2026-04-13 11:08:43.024261,Jyoti Bikas Bank Limited
2026041303000106,JBBL,58,57,20,373.0,7460.0,2026-04-13,186094068,418,Naasa Securities Co. Ltd.,Aryatara Investment & Securities,2026-04-13 11:09:18.029869,Jyoti Bikas Bank Limited
2026041303000122,JBBL,92,57,80,373.0,29840.0,2026-04-13,186095285,418,Roadshow securities limited,Aryatara Investment & Securities,2026-04-13 11:10:17.530976,Jyoti Bikas Bank Limited
2026041303000135,JBBL,41,49,300,374.8,112440.0,2026-04-13,186095968,418,Linch Stock Market Ltd.,Online Securities Pvt. Ltd.,2026-04-13 11:10:45.990919,Jyoti Bikas Bank Limited
2026041303000149,JBBL,50,26,103,374.0,38522.0,2026-04-13,186096957,418,Cristal Kanchanjanga Securites Pvt. Ltd.,Asian Securities Private Ltd.,2026-04-13 11:11:36.481342,Jyoti Bikas Bank Limited
2026041303000163,JBBL,92,58,141,374.8,52846.8,2026-04-13,186097881,418,Roadshow securities limited,Naasa Securities Co. Ltd.,2026-04-13 11:12:16.258739,Jyoti Bikas Bank Limited
2026041303000164,JBBL,92,43,15,375.0,5625.0,2026-04-13,186097883,418,Roadshow securities limited,South Asian Bulls Pvt. Ltd.,2026-04-13 11:12:16.258814,Jyoti Bikas Bank Limited
2026041303000165,JBBL,92,22,39,375.0,14625.0,2026-04-13,186097886,418,Roadshow securities limited,Siprabi Securities Pvt. Ltd.,2026-04-13 11:12:16.258848,Jyoti Bikas Bank Limited
2026041303000186,JBBL,36,22,461,375.0,172875.0,2026-04-13,186099503,418,Secured Securities Ltd.,Siprabi Securities Pvt. Ltd.,2026-04-13 11:13:52.715890,Jyoti Bikas Bank Limited
2026041303000211,JBBL,36,7,22,375.0,8250.0,2026-04-13,186100531,418,Secured Securities Ltd.,J.F. Securites (PVT) Ltd.,2026-04-13 11:14:50.343575,Jyoti Bikas Bank Limited
2026041303000215,JBBL,36,62,500,375.0,187500.0,2026-04-13,186100689,418,Secured Securities Ltd.,Capital Max Securities Ltd,2026-04-13 11:14:58.172438,Jyoti Bikas Bank Limited
2026041303000235,JBBL,41,6,500,375.9,187950.0,2026-04-13,186101449,418,Linch Stock Market Ltd.,Agrawal Securities (PVT) Ltd.,2026-04-13 11:15:47.660973,Jyoti Bikas Bank Limited
2026041303000236,JBBL,41,52,100,375.9,37590.0,2026-04-13,186101451,418,Linch Stock Market Ltd.,Sundhara Securities Limited,2026-04-13 11:15:47.661082,Jyoti Bikas Bank Limited
2026041303000237,JBBL,41,57,200,376.0,75200.0,2026-04-13,186101453,418,Linch Stock Market Ltd.,Aryatara Investment & Securities,2026-04-13 11:15:47.661177,Jyoti Bikas Bank Limited
2026041303000238,JBBL,41,41,1000,376.0,376000.0,2026-04-13,186101455,418,Linch Stock Market Ltd.,Linch Stock Market Ltd.,2026-04-13 11:15:47.661247,Jyoti Bikas Bank Limited
2026041303000239,JBBL,41,57,250,376.0,94000.0,2026-04-13,186101457,418,Linch Stock Market Ltd.,Aryatara Investment & Securities,2026-04-13 11:15:47.661314,Jyoti Bikas Bank Limited
2026041303000240,JBBL,41,58,2200,376.0,827200.0,2026-04-13,186101459,418,Linch Stock Market Ltd.,Naasa Securities Co. Ltd.,2026-04-13 11:15:47.661383,Jyoti Bikas Bank Limited
2026041303000241,JBBL,41,43,500,376.0,188000.0,2026-04-13,186101461,418,Linch Stock Market Ltd.,South Asian Bulls Pvt. Ltd.,2026-04-13 11:15:47.661450,Jyoti Bikas Bank Limited
2026041303000242,JBBL,41,58,100,376.0,37600.0,2026-04-13,186101464,418,Linch Stock Market Ltd.,Naasa Securities Co. Ltd.,2026-04-13 11:15:47.661516,Jyoti Bikas Bank Limited
2026041303000271,JBBL,57,22,100,376.0,37600.0,2026-04-13,186102468,418,Aryatara Investment & Securities,Siprabi Securities Pvt. Ltd.,2026-04-13 11:16:46.266203,Jyoti Bikas Bank Limited
2026041303000272,JBBL,36,22,17,375.0,6375.0,2026-04-13,186102470,418,Secured Securities Ltd.,Siprabi Securities Pvt. Ltd.,2026-04-13 11:16:46.266316,Jyoti Bikas Bank Limited
2026041303000273,JBBL,49,22,12,375.0,4500.0,2026-04-13,186102472,418,Online Securities Pvt. Ltd.,Siprabi Securities Pvt. Ltd.,2026-04-13 11:16:46.266355,Jyoti Bikas Bank Limited
2026041303000294,JBBL,92,22,471,375.0,176625.0,2026-04-13,186103559,418,Roadshow securities limited,Siprabi Securities Pvt. Ltd.,2026-04-13 11:17:43.186983,Jyoti Bikas Bank Limited
2026041303000327,JBBL,92,42,29,375.0,10875.0,2026-04-13,186105488,418,Roadshow securities limited,Sani Securities Company Ltd.,2026-04-13 11:19:40.079102,Jyoti Bikas Bank Limited
2026041303000328,JBBL,4,42,472,375.0,177000.0,2026-04-13,186105489,418,Opal Securities Investment (PVT) Ltd.,Sani Securities Company Ltd.,2026-04-13 11:19:40.079287,Jyoti Bikas Bank Limited
2026041303000459,JBBL,17,42,10,376.0,3760.0,2026-04-13,186111131,418,ABC Securities Private Limited,Sani Securities Company Ltd.,2026-04-13 11:25:46.361579,Jyoti Bikas Bank Limited
2026041303000460,JBBL,17,6,50,376.9,18845.0,2026-04-13,186111133,418,ABC Securities Private Limited,Agrawal Securities (PVT) Ltd.,2026-04-13 11:25:46.361773,Jyoti Bikas Bank Limited
2026041303000461,JBBL,17,68,1000,377.0,377000.0,2026-04-13,186111135,418,ABC Securities Private Limited,Elite Stock House Limited,2026-04-13 11:25:46.361900,Jyoti Bikas Bank Limited
2026041303000462,JBBL,17,53,395,377.0,148915.0,2026-04-13,186111137,418,ABC Securities Private Limited,Investment Management Nepal Pvt. Ltd.,2026-04-13 11:25:46.362045,Jyoti Bikas Bank Limited
2026041303000463,JBBL,17,41,100,377.0,37700.0,2026-04-13,186111139,418,ABC Securities Private Limited,Linch Stock Market Ltd.,2026-04-13 11:25:46.362162,Jyoti Bikas Bank Limited
2026041303000464,JBBL,17,10,250,377.0,94250.0,2026-04-13,186111141,418,ABC Securities Private Limited,Pragyan Securities (PVT) Ltd.,2026-04-13 11:25:46.362280,Jyoti Bikas Bank Limited
2026041303000465,JBBL,17,34,195,377.0,73515.0,2026-04-13,186111144,418,ABC Securities Private Limited,Vision Securities Pvt. Ltd,2026-04-13 11:25:46.362392,Jyoti Bikas Bank Limited
2026041303000528,JBBL,36,75,46,375.0,17250.0,2026-04-13,186113607,418,Secured Securities Ltd.,N.I.M.B. Stock Markets Limited,2026-04-13 11:28:08.478965,Jyoti Bikas Bank Limited
2026041303000555,JBBL,36,38,150,375.0,56250.0,2026-04-13,186114439,418,Secured Securities Ltd.,Dipshikha Dhitopatra Karobar Co. Pvt Ltd.,2026-04-13 11:29:05.104474,Jyoti Bikas Bank Limited
2026041303000557,JBBL,69,62,500,374.1,187050.0,2026-04-13,186114545,418,INDEX SECURITIES LIMITED,Capital Max Securities Ltd,2026-04-13 11:29:10.824427,Jyoti Bikas Bank Limited
2026041303000558,JBBL,69,38,50,374.1,18705.0,2026-04-13,186114581,418,INDEX SECURITIES LIMITED,Dipshikha Dhitopatra Karobar Co. Pvt Ltd.,2026-04-13 11:29:14.374365,Jyoti Bikas Bank Limited
2026041303000568,JBBL,69,45,450,374.1,168345.0,2026-04-13,186115160,418,INDEX SECURITIES LIMITED,Imperial Securities Company Pvt. Ltd.,2026-04-13 11:29:48.741765,Jyoti Bikas Bank Limited
2026041303000608,JBBL,10,45,50,374.1,18705.0,2026-04-13,186116945,418,Pragyan Securities (PVT) Ltd.,Imperial Securities Company Pvt. Ltd.,2026-04-13 11:32:01.425721,Jyoti Bikas Bank Limited
2026041303000662,JBBL,69,92,400,374.1,149640.0,2026-04-13,186119147,418,INDEX SECURITIES LIMITED,Roadshow securities limited,2026-04-13 11:34:34.215412,Jyoti Bikas Bank Limited
2026041303000675,JBBL,69,45,62,374.1,23194.2,2026-04-13,186119657,418,INDEX SECURITIES LIMITED,Imperial Securities Company Pvt. Ltd.,2026-04-13 11:35:19.036566,Jyoti Bikas Bank Limited
2026041303000743,JBBL,69,34,65,374.1,24316.5,2026-04-13,186122413,418,INDEX SECURITIES LIMITED,Vision Securities Pvt. Ltd,2026-04-13 11:38:54.275654,Jyoti Bikas Bank Limited
2026041303000751,JBBL,50,57,70,375.0,26250.0,2026-04-13,186122606,418,Cristal Kanchanjanga Securites Pvt. Ltd.,Aryatara Investment & Securities,2026-04-13 11:39:09.592834,Jyoti Bikas Bank Limited
2026041303000778,JBBL,57,42,50,375.1,18755.0,2026-04-13,186124201,418,Aryatara Investment & Securities,Sani Securities Company Ltd.,2026-04-13 11:40:55.141483,Jyoti Bikas Bank Limited
2026041303000833,JBBL,22,49,11,375.5,4130.5,2026-04-13,186125869,418,Siprabi Securities Pvt. Ltd.,Online Securities Pvt. Ltd.,2026-04-13 11:42:55.751763,Jyoti Bikas Bank Limited
2026041303000863,JBBL,57,45,100,376.4,37640.0,2026-04-13,186127944,418,Aryatara Investment & Securities,Imperial Securities Company Pvt. Ltd.,2026-04-13 11:45:43.990890,Jyoti Bikas Bank Limited
2026041303000864,JBBL,22,45,100,376.4,37640.0,2026-04-13,186127945,418,Siprabi Securities Pvt. Ltd.,Imperial Securities Company Pvt. Ltd.,2026-04-13 11:45:44.149671,Jyoti Bikas Bank Limited
2026041303000875,JBBL,80,16,200,376.5,75300.0,2026-04-13,186128213,418,Indira securities pvt. ltd,Primo Securities (PVT) Ltd.,2026-04-13 11:46:07.502457,Jyoti Bikas Bank Limited
2026041303000876,JBBL,80,48,560,376.9,211064.0,2026-04-13,186128216,418,Indira securities pvt. ltd,Trishakti Securities Public Limited,2026-04-13 11:46:07.502764,Jyoti Bikas Bank Limited
2026041303000878,JBBL,43,48,440,376.9,165836.0,2026-04-13,186128311,418,South Asian Bulls Pvt. Ltd.,Trishakti Securities Public Limited,2026-04-13 11:46:12.947778,Jyoti Bikas Bank Limited
2026041303000879,JBBL,43,34,305,377.0,114985.0,2026-04-13,186128313,418,South Asian Bulls Pvt. Ltd.,Vision Securities Pvt. Ltd,2026-04-13 11:46:12.947885,Jyoti Bikas Bank Limited
2026041303000880,JBBL,43,42,255,377.0,96135.0,2026-04-13,186128316,418,South Asian Bulls Pvt. Ltd.,Sani Securities Company Ltd.,2026-04-13 11:46:12.947951,Jyoti Bikas Bank Limited
2026041303000897,JBBL,22,42,189,377.0,71253.0,2026-04-13,186128740,418,Siprabi Securities Pvt. Ltd.,Sani Securities Company Ltd.,2026-04-13 11:46:43.933788,Jyoti Bikas Bank Limited
2026041303001009,JBBL,32,42,456,377.0,171912.0,2026-04-13,186131525,418,Premier Securities Company Ltd.,Sani Securities Company Ltd.,2026-04-13 11:49:27.257216,Jyoti Bikas Bank Limited
2026041303001016,JBBL,32,43,1000,377.4,377400.0,2026-04-13,186131865,418,Premier Securities Company Ltd.,South Asian Bulls Pvt. Ltd.,2026-04-13 11:49:47.223042,Jyoti Bikas Bank Limited
2026041303001018,JBBL,32,25,400,377.4,150960.0,2026-04-13,186131975,418,Premier Securities Company Ltd.,Sweta Securities Private Limited,2026-04-13 11:49:53.058989,Jyoti Bikas Bank Limited
2026041303001067,JBBL,35,52,100,378.0,37800.0,2026-04-13,186133003,418,Kohinoor Investment & Securities Pvt. Ltd.,Sundhara Securities Limited,2026-04-13 11:50:50.302109,Jyoti Bikas Bank Limited
2026041303001068,JBBL,35,3,500,378.0,189000.0,2026-04-13,186133005,418,Kohinoor Investment & Securities Pvt. Ltd.,Arun Securities (PVT) Ltd.,2026-04-13 11:50:50.302283,Jyoti Bikas Bank Limited
2026041303001074,JBBL,58,21,40,378.5,15140.0,2026-04-13,186133208,418,Naasa Securities Co. Ltd.,Midas Stock Broking Company Private Limited,2026-04-13 11:51:04.446614,Jyoti Bikas Bank Limited
2026041303001075,JBBL,32,21,250,378.5,94625.0,2026-04-13,186133343,418,Premier Securities Company Ltd.,Midas Stock Broking Company Private Limited,2026-04-13 11:51:14.442626,Jyoti Bikas Bank Limited
2026041303001076,JBBL,32,3,394,378.5,149129.0,2026-04-13,186133346,418,Premier Securities Company Ltd.,Arun Securities (PVT) Ltd.,2026-04-13 11:51:14.442748,Jyoti Bikas Bank Limited
2026041303001081,JBBL,35,25,1300,378.0,491400.0,2026-04-13,186133675,418,Kohinoor Investment & Securities Pvt. Ltd.,Sweta Securities Private Limited,2026-04-13 11:51:39.844302,Jyoti Bikas Bank Limited
2026041303001124,JBBL,69,42,473,378.1,178841.3,2026-04-13,186135666,418,INDEX SECURITIES LIMITED,Sani Securities Company Ltd.,2026-04-13 11:54:17.959980,Jyoti Bikas Bank Limited
2026041303001125,JBBL,35,42,17,378.0,6426.0,2026-04-13,186135667,418,Kohinoor Investment & Securities Pvt. Ltd.,Sani Securities Company Ltd.,2026-04-13 11:54:17.960247,Jyoti Bikas Bank Limited
2026041303001126,JBBL,36,3,10,378.5,3785.0,2026-04-13,186135684,418,Secured Securities Ltd.,Arun Securities (PVT) Ltd.,2026-04-13 11:54:19.964952,Jyoti Bikas Bank Limited
2026041303001139,JBBL,35,42,10,378.0,3780.0,2026-04-13,186136117,418,Kohinoor Investment & Securities Pvt. Ltd.,Sani Securities Company Ltd.,2026-04-13 11:54:51.480173,Jyoti Bikas Bank Limited
2026041303001156,JBBL,35,36,1500,378.0,567000.0,2026-04-13,186136799,418,Kohinoor Investment & Securities Pvt. Ltd.,Secured Securities Ltd.,2026-04-13 11:55:42.017674,Jyoti Bikas Bank Limited
2026041303001157,JBBL,35,34,200,378.0,75600.0,2026-04-13,186136819,418,Kohinoor Investment & Securities Pvt. Ltd.,Vision Securities Pvt. Ltd,2026-04-13 11:55:45.034693,Jyoti Bikas Bank Limited
2026041303001166,JBBL,35,35,100,378.0,37800.0,2026-04-13,186136927,418,Kohinoor Investment & Securities Pvt. Ltd.,Kohinoor Investment & Securities Pvt. Ltd.,2026-04-13 11:55:52.211171,Jyoti Bikas Bank Limited
2026041303001171,JBBL,35,35,300,378.0,113400.0,2026-04-13,186137045,418,Kohinoor Investment & Securities Pvt. Ltd.,Kohinoor Investment & Securities Pvt. Ltd.,2026-04-13 11:56:00.895623,Jyoti Bikas Bank Limited
2026041303001172,JBBL,35,34,200,378.0,75600.0,2026-04-13,186137065,418,Kohinoor Investment & Securities Pvt. Ltd.,Vision Securities Pvt. Ltd,2026-04-13 11:56:01.495374,Jyoti Bikas Bank Limited
2026041303001181,JBBL,35,49,50,378.0,18900.0,2026-04-13,186137425,418,Kohinoor Investment & Securities Pvt. Ltd.,Online Securities Pvt. Ltd.,2026-04-13 11:56:20.455658,Jyoti Bikas Bank Limited
2026041303001207,JBBL,35,66,379,378.0,143262.0,2026-04-13,186138267,418,Kohinoor Investment & Securities Pvt. Ltd.,Miyo Securities Pvt Ltd,2026-04-13 11:57:18.373954,Jyoti Bikas Bank Limited
2026041303001222,JBBL,35,22,200,378.0,75600.0,2026-04-13,186138647,418,Kohinoor Investment & Securities Pvt. Ltd.,Siprabi Securities Pvt. Ltd.,2026-04-13 11:57:45.889988,Jyoti Bikas Bank Limited
2026041303001235,JBBL,35,35,100,378.0,37800.0,2026-04-13,186138943,418,Kohinoor Investment & Securities Pvt. Ltd.,Kohinoor Investment & Securities Pvt. Ltd.,2026-04-13 11:58:10.856900,Jyoti Bikas Bank Limited
2026041303001249,JBBL,35,1,100,378.0,37800.0,2026-04-13,186139513,418,Kohinoor Investment & Securities Pvt. Ltd.,Kumari Securities Private Limited,2026-04-13 11:58:56.989333,Jyoti Bikas Bank Limited
2026041303001262,JBBL,35,33,144,378.0,54432.0,2026-04-13,186139598,418,Kohinoor Investment & Securities Pvt. Ltd.,Dakshinkali Investment & Securities Pvt. Ltd.,2026-04-13 11:59:02.204666,Jyoti Bikas Bank Limited
2026041303001287,JBBL,45,69,135,377.5,50962.5,2026-04-13,186140496,418,Imperial Securities Company Pvt. Ltd.,INDEX SECURITIES LIMITED,2026-04-13 12:00:12.146006,Jyoti Bikas Bank Limited
2026041303001288,JBBL,4,69,500,375.1,187550.0,2026-04-13,186140498,418,Opal Securities Investment (PVT) Ltd.,INDEX SECURITIES LIMITED,2026-04-13 12:00:12.146121,Jyoti Bikas Bank Limited
2026041303001289,JBBL,47,69,245,375.1,91899.5,2026-04-13,186140499,418,Neev Securities Pvt. Ltd.,INDEX SECURITIES LIMITED,2026-04-13 12:00:12.146196,Jyoti Bikas Bank Limited
2026041303001358,JBBL,47,58,10,375.7,3757.0,2026-04-13,186143361,418,Neev Securities Pvt. Ltd.,Naasa Securities Co. Ltd.,2026-04-13 12:03:42.275880,Jyoti Bikas Bank Limited
2026041303001383,JBBL,80,59,500,376.0,188000.0,2026-04-13,186144210,418,Indira securities pvt. ltd,Deevyaa Securities & Stock House Pvt. Ltd,2026-04-13 12:04:58.449574,Jyoti Bikas Bank Limited
2026041303001396,JBBL,35,59,80,376.0,30080.0,2026-04-13,186144572,418,Kohinoor Investment & Securities Pvt. Ltd.,Deevyaa Securities & Stock House Pvt. Ltd,2026-04-13 12:05:31.468444,Jyoti Bikas Bank Limited
2026041303001411,JBBL,47,59,245,376.0,92120.0,2026-04-13,186145448,418,Neev Securities Pvt. Ltd.,Deevyaa Securities & Stock House Pvt. Ltd,2026-04-13 12:06:43.628037,Jyoti Bikas Bank Limited
2026041303001414,JBBL,36,59,500,376.0,188000.0,2026-04-13,186145538,418,Secured Securities Ltd.,Deevyaa Securities & Stock House Pvt. Ltd,2026-04-13 12:06:51.181565,Jyoti Bikas Bank Limited
2026041303001419,JBBL,66,59,1475,376.0,554600.0,2026-04-13,186145677,418,Miyo Securities Pvt Ltd,Deevyaa Securities & Stock House Pvt. Ltd,2026-04-13 12:07:02.944843,Jyoti Bikas Bank Limited
2026041303001630,JBBL,44,14,5,370.0,1850.0,2026-04-13,186151691,418,Dynamic Money Managers Securities Pvt. Ltd.,Nepal Stock House (PVT) Ltd.,2026-04-13 12:15:14.749858,Jyoti Bikas Bank Limited
2026041303001665,JBBL,66,38,100,376.2,37620.0,2026-04-13,186152939,418,Miyo Securities Pvt Ltd,Dipshikha Dhitopatra Karobar Co. Pvt Ltd.,2026-04-13 12:16:48.100366,Jyoti Bikas Bank Limited
2026041303001697,JBBL,66,41,22,376.2,8276.4,2026-04-13,186153796,418,Miyo Securities Pvt Ltd,Linch Stock Market Ltd.,2026-04-13 12:17:51.270012,Jyoti Bikas Bank Limited
2026041303001698,JBBL,66,41,222,376.1,83494.2,2026-04-13,186153798,418,Miyo Securities Pvt Ltd,Linch Stock Market Ltd.,2026-04-13 12:17:51.270163,Jyoti Bikas Bank Limited
2026041303001699,JBBL,66,41,747,376.0,280872.0,2026-04-13,186153800,418,Miyo Securities Pvt Ltd,Linch Stock Market Ltd.,2026-04-13 12:17:51.270233,Jyoti Bikas Bank Limited
2026041303001702,JBBL,51,42,300,376.0,112800.0,2026-04-13,186153940,418,Oxford Securities Pvt. Ltd.,Sani Securities Company Ltd.,2026-04-13 12:18:04.401973,Jyoti Bikas Bank Limited
2026041303001703,JBBL,34,42,314,376.0,118064.0,2026-04-13,186153942,418,Vision Securities Pvt. Ltd,Sani Securities Company Ltd.,2026-04-13 12:18:04.402128,Jyoti Bikas Bank Limited
2026041303001704,JBBL,36,42,14,375.5,5257.0,2026-04-13,186153944,418,Secured Securities Ltd.,Sani Securities Company Ltd.,2026-04-13 12:18:04.402196,Jyoti Bikas Bank Limited
2026041303001705,JBBL,69,42,362,375.2,135822.4,2026-04-13,186153945,418,INDEX SECURITIES LIMITED,Sani Securities Company Ltd.,2026-04-13 12:18:04.402259,Jyoti Bikas Bank Limited
2026041303001802,JBBL,69,4,138,375.2,51777.6,2026-04-13,186156168,418,INDEX SECURITIES LIMITED,Opal Securities Investment (PVT) Ltd.,2026-04-13 12:20:48.951018,Jyoti Bikas Bank Limited
2026041303001803,JBBL,50,4,500,375.1,187550.0,2026-04-13,186156170,418,Cristal Kanchanjanga Securites Pvt. Ltd.,Opal Securities Investment (PVT) Ltd.,2026-04-13 12:20:48.951136,Jyoti Bikas Bank Limited
2026041303001804,JBBL,22,4,300,375.0,112500.0,2026-04-13,186156172,418,Siprabi Securities Pvt. Ltd.,Opal Securities Investment (PVT) Ltd.,2026-04-13 12:20:48.951213,Jyoti Bikas Bank Limited
2026041303001805,JBBL,68,4,10,375.0,3750.0,2026-04-13,186156174,418,Elite Stock House Limited,Opal Securities Investment (PVT) Ltd.,2026-04-13 12:20:48.951282,Jyoti Bikas Bank Limited
2026041303001806,JBBL,10,4,52,374.2,19458.4,2026-04-13,186156175,418,Pragyan Securities (PVT) Ltd.,Opal Securities Investment (PVT) Ltd.,2026-04-13 12:20:48.951368,Jyoti Bikas Bank Limited
2026041303001813,JBBL,10,42,10,374.2,3742.0,2026-04-13,186156279,418,Pragyan Securities (PVT) Ltd.,Sani Securities Company Ltd.,2026-04-13 12:21:00.181092,Jyoti Bikas Bank Limited
2026041303001815,JBBL,10,4,138,374.2,51639.6,2026-04-13,186156362,418,Pragyan Securities (PVT) Ltd.,Opal Securities Investment (PVT) Ltd.,2026-04-13 12:21:10.103828,Jyoti Bikas Bank Limited
2026041303001816,JBBL,38,4,862,374.2,322560.4,2026-04-13,186156363,418,Dipshikha Dhitopatra Karobar Co. Pvt Ltd.,Opal Securities Investment (PVT) Ltd.,2026-04-13 12:21:10.103926,Jyoti Bikas Bank Limited
2026041303001843,JBBL,38,42,290,374.2,108518.0,2026-04-13,186156955,418,Dipshikha Dhitopatra Karobar Co. Pvt Ltd.,Sani Securities Company Ltd.,2026-04-13 12:22:03.683845,Jyoti Bikas Bank Limited
2026041303001851,JBBL,38,54,500,374.2,187100.0,2026-04-13,186157239,418,Dipshikha Dhitopatra Karobar Co. Pvt Ltd.,Sewa Securities Pvt. Ltd.,2026-04-13 12:22:29.438011,Jyoti Bikas Bank Limited
2026041303001860,JBBL,38,38,10,374.2,3742.0,2026-04-13,186157421,418,Dipshikha Dhitopatra Karobar Co. Pvt Ltd.,Dipshikha Dhitopatra Karobar Co. Pvt Ltd.,2026-04-13 12:22:43.417602,Jyoti Bikas Bank Limited
2026041303001901,JBBL,38,54,28,374.2,10477.6,2026-04-13,186158319,418,Dipshikha Dhitopatra Karobar Co. Pvt Ltd.,Sewa Securities Pvt. Ltd.,2026-04-13 12:24:01.568584,Jyoti Bikas Bank Limited
2026041303002006,JBBL,38,40,21,374.2,7858.2,2026-04-13,186160503,418,Dipshikha Dhitopatra Karobar Co. Pvt Ltd.,Creative Securities Pvt Ltd,2026-04-13 12:27:23.938326,Jyoti Bikas Bank Limited
2026041303002010,JBBL,51,57,100,376.0,37600.0,2026-04-13,186160568,418,Oxford Securities Pvt. Ltd.,Aryatara Investment & Securities,2026-04-13 12:27:32.463080,Jyoti Bikas Bank Limited
2026041303002053,JBBL,38,50,289,374.2,108143.8,2026-04-13,186161658,418,Dipshikha Dhitopatra Karobar Co. Pvt Ltd.,Cristal Kanchanjanga Securites Pvt. Ltd.,2026-04-13 12:28:51.222810,Jyoti Bikas Bank Limited
2026041303002054,JBBL,47,50,100,374.2,37420.0,2026-04-13,186161672,418,Neev Securities Pvt. Ltd.,Cristal Kanchanjanga Securites Pvt. Ltd.,2026-04-13 12:28:51.765729,Jyoti Bikas Bank Limited
2026041303002453,JBBL,47,56,35,373.3,13065.5,2026-04-13,186171254,418,Neev Securities Pvt. Ltd.,Sri Hari Securities Pvt. Ltd.,2026-04-13 12:42:52.085266,Jyoti Bikas Bank Limited
2026041303002454,JBBL,58,56,577,373.3,215394.1,2026-04-13,186171255,418,Naasa Securities Co. Ltd.,Sri Hari Securities Pvt. Ltd.,2026-04-13 12:42:52.085419,Jyoti Bikas Bank Limited
2026041303002675,JBBL,58,17,100,373.3,37330.0,2026-04-13,186177283,418,Naasa Securities Co. Ltd.,ABC Securities Private Limited,2026-04-13 12:50:58.798628,Jyoti Bikas Bank Limited
2026041303002730,JBBL,58,34,200,373.3,74660.0,2026-04-13,186178565,418,Naasa Securities Co. Ltd.,Vision Securities Pvt. Ltd,2026-04-13 12:52:49.756881,Jyoti Bikas Bank Limited
2026041303002821,JBBL,58,59,150,373.3,55995.0,2026-04-13,186179883,418,Naasa Securities Co. Ltd.,Deevyaa Securities & Stock House Pvt. Ltd,2026-04-13 12:54:45.001307,Jyoti Bikas Bank Limited
2026041303002886,JBBL,58,38,100,373.3,37330.0,2026-04-13,186181245,418,Naasa Securities Co. Ltd.,Dipshikha Dhitopatra Karobar Co. Pvt Ltd.,2026-04-13 12:56:27.648638,Jyoti Bikas Bank Limited
2026041303002912,JBBL,58,65,73,373.3,27250.9,2026-04-13,186182296,418,Naasa Securities Co. Ltd.,Sharepro Securities Private Limited,2026-04-13 12:57:54.029692,Jyoti Bikas Bank Limited
2026041303002916,JBBL,35,42,50,373.2,18660.0,2026-04-13,186182376,418,Kohinoor Investment & Securities Pvt. Ltd.,Sani Securities Company Ltd.,2026-04-13 12:58:03.755487,Jyoti Bikas Bank Limited
2026041303002917,JBBL,58,42,50,373.0,18650.0,2026-04-13,186182377,418,Naasa Securities Co. Ltd.,Sani Securities Company Ltd.,2026-04-13 12:58:03.755647,Jyoti Bikas Bank Limited
2026041303002999,JBBL,58,50,13,373.0,4849.0,2026-04-13,186184824,418,Naasa Securities Co. Ltd.,Cristal Kanchanjanga Securites Pvt. Ltd.,2026-04-13 13:01:55.943234,Jyoti Bikas Bank Limited
2026041303003150,JBBL,69,58,400,371.2,148480.0,2026-04-13,186189227,418,INDEX SECURITIES LIMITED,Naasa Securities Co. Ltd.,2026-04-13 13:08:11.088485,Jyoti Bikas Bank Limited
2026041303003151,JBBL,57,25,371,372.0,138012.0,2026-04-13,186189236,418,Aryatara Investment & Securities,Sweta Securities Private Limited,2026-04-13 13:08:12.126178,Jyoti Bikas Bank Limited
2026041303003201,JBBL,32,50,500,373.0,186500.0,2026-04-13,186189896,418,Premier Securities Company Ltd.,Cristal Kanchanjanga Securites Pvt. Ltd.,2026-04-13 13:09:19.516157,Jyoti Bikas Bank Limited
2026041303003255,JBBL,69,50,109,373.0,40657.0,2026-04-13,186191193,418,INDEX SECURITIES LIMITED,Cristal Kanchanjanga Securites Pvt. Ltd.,2026-04-13 13:11:19.992881,Jyoti Bikas Bank Limited
2026041303003256,JBBL,69,64,200,373.0,74600.0,2026-04-13,186191195,418,INDEX SECURITIES LIMITED,SUN SECURITIES PVT LTD,2026-04-13 13:11:19.993227,Jyoti Bikas Bank Limited
2026041303003257,JBBL,69,57,691,373.0,257743.0,2026-04-13,186191198,418,INDEX SECURITIES LIMITED,Aryatara Investment & Securities,2026-04-13 13:11:19.993433,Jyoti Bikas Bank Limited
2026041303003262,JBBL,69,57,100,373.0,37300.0,2026-04-13,186191368,418,INDEX SECURITIES LIMITED,Aryatara Investment & Securities,2026-04-13 13:11:33.615903,Jyoti Bikas Bank Limited
2026041303003481,JBBL,32,57,209,373.0,77957.0,2026-04-13,186197474,418,Premier Securities Company Ltd.,Aryatara Investment & Securities,2026-04-13 13:19:50.737918,Jyoti Bikas Bank Limited
2026041303003622,JBBL,14,17,780,373.0,290940.0,2026-04-13,186201554,418,Nepal Stock House (PVT) Ltd.,ABC Securities Private Limited,2026-04-13 13:25:16.243584,Jyoti Bikas Bank Limited
2026041303003623,JBBL,63,17,45,373.0,16785.0,2026-04-13,186201555,418,Himalayan Brokerage Company Limited,ABC Securities Private Limited,2026-04-13 13:25:16.243871,Jyoti Bikas Bank Limited
2026041303003721,JBBL,58,42,135,374.0,50490.0,2026-04-13,186204308,418,Naasa Securities Co. Ltd.,Sani Securities Company Ltd.,2026-04-13 13:30:17.401180,Jyoti Bikas Bank Limited
2026041303003798,JBBL,16,42,10,374.0,3740.0,2026-04-13,186206843,418,Primo Securities (PVT) Ltd.,Sani Securities Company Ltd.,2026-04-13 13:34:46.944674,Jyoti Bikas Bank Limited
2026041303003799,JBBL,16,57,20,374.0,7480.0,2026-04-13,186206845,418,Primo Securities (PVT) Ltd.,Aryatara Investment & Securities,2026-04-13 13:34:46.945015,Jyoti Bikas Bank Limited
2026041303003833,JBBL,32,29,114,374.0,42636.0,2026-04-13,186207893,418,Premier Securities Company Ltd.,Trisul Securities & Invt. Ltd.,2026-04-13 13:36:45.034347,Jyoti Bikas Bank Limited
2026041303003862,JBBL,32,14,386,374.0,144364.0,2026-04-13,186208538,418,Premier Securities Company Ltd.,Nepal Stock House (PVT) Ltd.,2026-04-13 13:38:09.952758,Jyoti Bikas Bank Limited
2026041303003991,JBBL,63,58,10,373.2,3732.0,2026-04-13,186210733,418,Himalayan Brokerage Company Limited,Naasa Securities Co. Ltd.,2026-04-13 13:42:11.684888,Jyoti Bikas Bank Limited
2026041303004024,JBBL,63,65,45,373.2,16794.0,2026-04-13,186211886,418,Himalayan Brokerage Company Limited,Sharepro Securities Private Limited,2026-04-13 13:43:53.372942,Jyoti Bikas Bank Limited
2026041303004063,JBBL,16,53,10,373.1,3731.0,2026-04-13,186212876,418,Primo Securities (PVT) Ltd.,Investment Management Nepal Pvt. Ltd.,2026-04-13 13:46:09.804234,Jyoti Bikas Bank Limited
2026041303004064,JBBL,32,53,481,372.1,178980.1,2026-04-13,186212877,418,Premier Securities Company Ltd.,Investment Management Nepal Pvt. Ltd.,2026-04-13 13:46:09.804484,Jyoti Bikas Bank Limited
2026041303004072,JBBL,32,53,10,372.1,3721.0,2026-04-13,186213213,418,Premier Securities Company Ltd.,Investment Management Nepal Pvt. Ltd.,2026-04-13 13:46:32.330888,Jyoti Bikas Bank Limited
2026041303004296,JBBL,69,34,500,372.0,186000.0,2026-04-13,186217851,418,INDEX SECURITIES LIMITED,Vision Securities Pvt. Ltd,2026-04-13 13:54:51.796446,Jyoti Bikas Bank Limited
2026041303004297,JBBL,69,20,500,372.0,186000.0,2026-04-13,186217873,418,INDEX SECURITIES LIMITED,Sipla Securities Private Limited,2026-04-13 13:54:54.567762,Jyoti Bikas Bank Limited
2026041303004362,JBBL,38,62,143,371.4,53110.2,2026-04-13,186219379,418,Dipshikha Dhitopatra Karobar Co. Pvt Ltd.,Capital Max Securities Ltd,2026-04-13 13:57:32.915431,Jyoti Bikas Bank Limited
2026041303004382,JBBL,32,62,10,371.3,3713.0,2026-04-13,186219807,418,Premier Securities Company Ltd.,Capital Max Securities Ltd,2026-04-13 13:58:30.389060,Jyoti Bikas Bank Limited
2026041303004394,JBBL,32,59,250,371.3,92825.0,2026-04-13,186220061,418,Premier Securities Company Ltd.,Deevyaa Securities & Stock House Pvt. Ltd,2026-04-13 13:59:00.149989,Jyoti Bikas Bank Limited
2026041303004401,JBBL,38,16,8,372.0,2976.0,2026-04-13,186220569,418,Dipshikha Dhitopatra Karobar Co. Pvt Ltd.,Primo Securities (PVT) Ltd.,2026-04-13 13:59:27.690252,Jyoti Bikas Bank Limited
2026041303004402,JBBL,32,62,10,371.3,3713.0,2026-04-13,186220615,418,Premier Securities Company Ltd.,Capital Max Securities Ltd,2026-04-13 13:59:33.583335,Jyoti Bikas Bank Limited
2026041303004556,JBBL,32,65,230,371.3,85399.0,2026-04-13,186224726,418,Premier Securities Company Ltd.,Sharepro Securities Private Limited,2026-04-13 14:07:39.265224,Jyoti Bikas Bank Limited
2026041303004601,JBBL,10,65,152,371.3,56437.6,2026-04-13,186226108,418,Pragyan Securities (PVT) Ltd.,Sharepro Securities Private Limited,2026-04-13 14:09:39.097109,Jyoti Bikas Bank Limited
2026041303004707,JBBL,42,43,30,371.0,11130.0,2026-04-13,186229491,418,Sani Securities Company Ltd.,South Asian Bulls Pvt. Ltd.,2026-04-13 14:14:09.941256,Jyoti Bikas Bank Limited
2026041303004741,JBBL,42,32,100,371.0,37100.0,2026-04-13,186230735,418,Sani Securities Company Ltd.,Premier Securities Company Ltd.,2026-04-13 14:15:59.549968,Jyoti Bikas Bank Limited
2026041303004757,JBBL,42,48,184,371.0,68264.0,2026-04-13,186231163,418,Sani Securities Company Ltd.,Trishakti Securities Public Limited,2026-04-13 14:16:43.164597,Jyoti Bikas Bank Limited
2026041303004766,JBBL,42,64,430,371.0,159530.0,2026-04-13,186231357,418,Sani Securities Company Ltd.,SUN SECURITIES PVT LTD,2026-04-13 14:17:03.285180,Jyoti Bikas Bank Limited
2026041303004778,JBBL,42,89,256,371.0,94976.0,2026-04-13,186232314,418,Sani Securities Company Ltd.,Global IME Securities Limited,2026-04-13 14:18:18.020934,Jyoti Bikas Bank Limited
2026041303004779,JBBL,32,89,550,371.0,204050.0,2026-04-13,186232315,418,Premier Securities Company Ltd.,Global IME Securities Limited,2026-04-13 14:18:18.021338,Jyoti Bikas Bank Limited
2026041303004865,JBBL,32,58,200,372.0,74400.0,2026-04-13,186235180,418,Premier Securities Company Ltd.,Naasa Securities Co. Ltd.,2026-04-13 14:22:09.271666,Jyoti Bikas Bank Limited
2026041303004889,JBBL,32,58,11,372.0,4092.0,2026-04-13,186235817,418,Premier Securities Company Ltd.,Naasa Securities Co. Ltd.,2026-04-13 14:22:59.740979,Jyoti Bikas Bank Limited
2026041303004890,JBBL,32,36,89,372.0,33108.0,2026-04-13,186235820,418,Premier Securities Company Ltd.,Secured Securities Ltd.,2026-04-13 14:22:59.741107,Jyoti Bikas Bank Limited
2026041303004896,JBBL,38,36,411,372.0,152892.0,2026-04-13,186236069,418,Dipshikha Dhitopatra Karobar Co. Pvt Ltd.,Secured Securities Ltd.,2026-04-13 14:23:15.152076,Jyoti Bikas Bank Limited
2026041303004897,JBBL,38,28,50,372.0,18600.0,2026-04-13,186236071,418,Dipshikha Dhitopatra Karobar Co. Pvt Ltd.,Shree Krishna Securities Ltd.,2026-04-13 14:23:15.152489,Jyoti Bikas Bank Limited
2026041303004898,JBBL,38,38,300,372.0,111600.0,2026-04-13,186236074,418,Dipshikha Dhitopatra Karobar Co. Pvt Ltd.,Dipshikha Dhitopatra Karobar Co. Pvt Ltd.,2026-04-13 14:23:15.152736,Jyoti Bikas Bank Limited
2026041303004901,JBBL,32,42,22,371.0,8162.0,2026-04-13,186236305,418,Premier Securities Company Ltd.,Sani Securities Company Ltd.,2026-04-13 14:23:26.237643,Jyoti Bikas Bank Limited
2026041303004931,JBBL,6,57,3,365.0,1095.0,2026-04-13,186237281,418,Agrawal Securities (PVT) Ltd.,Aryatara Investment & Securities,2026-04-13 14:24:32.373862,Jyoti Bikas Bank Limited
2026041303004997,JBBL,36,42,490,372.5,182525.0,2026-04-13,186240963,418,Secured Securities Ltd.,Sani Securities Company Ltd.,2026-04-13 14:26:30.284963,Jyoti Bikas Bank Limited
2026041303005022,JBBL,51,49,200,373.0,74600.0,2026-04-13,186241565,418,Oxford Securities Pvt. Ltd.,Online Securities Pvt. Ltd.,2026-04-13 14:27:18.774768,Jyoti Bikas Bank Limited
2026041303005023,JBBL,51,35,136,373.0,50728.0,2026-04-13,186241567,418,Oxford Securities Pvt. Ltd.,Kohinoor Investment & Securities Pvt. Ltd.,2026-04-13 14:27:18.774997,Jyoti Bikas Bank Limited
2026041303005026,JBBL,51,94,100,373.0,37300.0,2026-04-13,186241581,418,Oxford Securities Pvt. Ltd.,K.B.L. Securities Limited ,2026-04-13 14:27:20.140285,Jyoti Bikas Bank Limited
2026041303005029,JBBL,32,26,30,373.8,11214.0,2026-04-13,186241692,418,Premier Securities Company Ltd.,Asian Securities Private Ltd.,2026-04-13 14:27:30.315106,Jyoti Bikas Bank Limited
2026041303005049,JBBL,62,26,160,373.8,59808.0,2026-04-13,186242657,418,Capital Max Securities Ltd,Asian Securities Private Ltd.,2026-04-13 14:28:36.169776,Jyoti Bikas Bank Limited
2026041303005050,JBBL,62,19,340,373.9,127126.0,2026-04-13,186242660,418,Capital Max Securities Ltd,Nepal Investment And Securities Trading Private Limited,2026-04-13 14:28:36.169882,Jyoti Bikas Bank Limited
2026041303005113,JBBL,57,59,80,373.1,29848.0,2026-04-13,186243869,418,Aryatara Investment & Securities,Deevyaa Securities & Stock House Pvt. Ltd,2026-04-13 14:30:11.232846,Jyoti Bikas Bank Limited
2026041303005190,JBBL,57,49,49,373.1,18281.9,2026-04-13,186245833,418,Aryatara Investment & Securities,Online Securities Pvt. Ltd.,2026-04-13 14:32:46.984756,Jyoti Bikas Bank Limited
2026041303005201,JBBL,57,13,100,373.1,37310.0,2026-04-13,186246035,418,Aryatara Investment & Securities,Thrive Brokerage House Pvt. Ltd,2026-04-13 14:33:03.522565,Jyoti Bikas Bank Limited
2026041303005228,JBBL,14,26,10,373.8,3738.0,2026-04-13,186246901,418,Nepal Stock House (PVT) Ltd.,Asian Securities Private Ltd.,2026-04-13 14:34:05.318283,Jyoti Bikas Bank Limited
2026041303005229,JBBL,14,35,40,373.8,14952.0,2026-04-13,186246904,418,Nepal Stock House (PVT) Ltd.,Kohinoor Investment & Securities Pvt. Ltd.,2026-04-13 14:34:05.318513,Jyoti Bikas Bank Limited
2026041303005263,JBBL,6,29,1,370.0,370.0,2026-04-13,186247257,418,Agrawal Securities (PVT) Ltd.,Trisul Securities & Invt. Ltd.,2026-04-13 14:34:34.880965,Jyoti Bikas Bank Limited
2026041303005342,JBBL,57,56,266,373.1,99244.6,2026-04-13,186249426,418,Aryatara Investment & Securities,Sri Hari Securities Pvt. Ltd.,2026-04-13 14:37:01.305494,Jyoti Bikas Bank Limited
2026041303005343,JBBL,36,56,10,372.5,3725.0,2026-04-13,186249428,418,Secured Securities Ltd.,Sri Hari Securities Pvt. Ltd.,2026-04-13 14:37:01.305880,Jyoti Bikas Bank Limited
2026041303005344,JBBL,58,56,724,371.2,268748.8,2026-04-13,186249429,418,Naasa Securities Co. Ltd.,Sri Hari Securities Pvt. Ltd.,2026-04-13 14:37:01.306140,Jyoti Bikas Bank Limited
2026041303005590,JBBL,95,34,150,373.5,56025.0,2026-04-13,186254774,418,Magnet Securities and Investment Company Private Limited,Vision Securities Pvt. Ltd,2026-04-13 14:42:45.474697,Jyoti Bikas Bank Limited
2026041303005627,JBBL,95,34,100,373.5,37350.0,2026-04-13,186255411,418,Magnet Securities and Investment Company Private Limited,Vision Securities Pvt. Ltd,2026-04-13 14:43:23.035825,Jyoti Bikas Bank Limited
2026041303005628,JBBL,95,50,100,373.5,37350.0,2026-04-13,186255413,418,Magnet Securities and Investment Company Private Limited,Cristal Kanchanjanga Securites Pvt. Ltd.,2026-04-13 14:43:23.036219,Jyoti Bikas Bank Limited
2026041303005648,JBBL,95,47,100,373.7,37370.0,2026-04-13,186255795,418,Magnet Securities and Investment Company Private Limited,Neev Securities Pvt. Ltd.,2026-04-13 14:43:50.655684,Jyoti Bikas Bank Limited
2026041303005656,JBBL,95,19,240,373.9,89736.0,2026-04-13,186256244,418,Magnet Securities and Investment Company Private Limited,Nepal Investment And Securities Trading Private Limited,2026-04-13 14:44:18.701916,Jyoti Bikas Bank Limited
2026041303005668,JBBL,69,19,420,373.9,157038.0,2026-04-13,186256555,418,INDEX SECURITIES LIMITED,Nepal Investment And Securities Trading Private Limited,2026-04-13 14:44:34.253714,Jyoti Bikas Bank Limited
2026041303005669,JBBL,69,14,580,374.0,216920.0,2026-04-13,186256558,418,INDEX SECURITIES LIMITED,Nepal Stock House (PVT) Ltd.,2026-04-13 14:44:34.253942,Jyoti Bikas Bank Limited
2026041303005673,JBBL,69,14,390,374.0,145860.0,2026-04-13,186256790,418,INDEX SECURITIES LIMITED,Nepal Stock House (PVT) Ltd.,2026-04-13 14:44:41.452423,Jyoti Bikas Bank Limited
2026041303005691,JBBL,1,35,10,373.0,3730.0,2026-04-13,186257283,418,Kumari Securities Private Limited,Kohinoor Investment & Securities Pvt. Ltd.,2026-04-13 14:45:03.659075,Jyoti Bikas Bank Limited
2026041303005701,JBBL,1,19,220,373.0,82060.0,2026-04-13,186257403,418,Kumari Securities Private Limited,Nepal Investment And Securities Trading Private Limited,2026-04-13 14:45:15.164637,Jyoti Bikas Bank Limited
2026041303005839,JBBL,1,64,250,373.0,93250.0,2026-04-13,186259609,418,Kumari Securities Private Limited,SUN SECURITIES PVT LTD,2026-04-13 14:46:51.411225,Jyoti Bikas Bank Limited
2026041303005865,JBBL,1,6,20,373.0,7460.0,2026-04-13,186260388,418,Kumari Securities Private Limited,Agrawal Securities (PVT) Ltd.,2026-04-13 14:47:30.999481,Jyoti Bikas Bank Limited
2026041303005951,JBBL,58,35,10,371.2,3712.0,2026-04-13,186261773,418,Naasa Securities Co. Ltd.,Kohinoor Investment & Securities Pvt. Ltd.,2026-04-13 14:48:39.580561,Jyoti Bikas Bank Limited
2026041303006064,JBBL,58,49,56,371.2,20787.2,2026-04-13,186264310,418,Naasa Securities Co. Ltd.,Online Securities Pvt. Ltd.,2026-04-13 14:50:34.013837,Jyoti Bikas Bank Limited
2026041303006065,JBBL,80,49,49,371.1,18183.9,2026-04-13,186264311,418,Indira securities pvt. ltd,Online Securities Pvt. Ltd.,2026-04-13 14:50:34.014064,Jyoti Bikas Bank Limited
2026041303006125,JBBL,95,42,10,371.5,3715.0,2026-04-13,186265967,418,Magnet Securities and Investment Company Private Limited,Sani Securities Company Ltd.,2026-04-13 14:51:57.117790,Jyoti Bikas Bank Limited
2026041303006126,JBBL,95,68,990,372.0,368280.0,2026-04-13,186265970,418,Magnet Securities and Investment Company Private Limited,Elite Stock House Limited,2026-04-13 14:51:57.118189,Jyoti Bikas Bank Limited
2026041303006222,JBBL,95,68,10,372.0,3720.0,2026-04-13,186267517,418,Magnet Securities and Investment Company Private Limited,Elite Stock House Limited,2026-04-13 14:52:58.836522,Jyoti Bikas Bank Limited
2026041303006223,JBBL,95,50,500,372.0,186000.0,2026-04-13,186267520,418,Magnet Securities and Investment Company Private Limited,Cristal Kanchanjanga Securites Pvt. Ltd.,2026-04-13 14:52:58.836922,Jyoti Bikas Bank Limited
2026041303006254,JBBL,26,46,100,371.2,37120.0,2026-04-13,186268011,418,Asian Securities Private Ltd.,Kalika Securities Pvt. Ltd.,2026-04-13 14:53:22.429853,Jyoti Bikas Bank Limited
2026041303006288,JBBL,58,38,66,372.1,24558.6,2026-04-13,186269094,418,Naasa Securities Co. Ltd.,Dipshikha Dhitopatra Karobar Co. Pvt Ltd.,2026-04-13 14:54:05.581896,Jyoti Bikas Bank Limited
2026041303006289,JBBL,42,38,434,372.0,161448.0,2026-04-13,186269095,418,Sani Securities Company Ltd.,Dipshikha Dhitopatra Karobar Co. Pvt Ltd.,2026-04-13 14:54:05.582313,Jyoti Bikas Bank Limited
2026041303006336,JBBL,42,14,111,372.0,41292.0,2026-04-13,186269981,418,Sani Securities Company Ltd.,Nepal Stock House (PVT) Ltd.,2026-04-13 14:54:35.648419,Jyoti Bikas Bank Limited
2026041303006404,JBBL,80,49,40,372.1,14884.0,2026-04-13,186271339,418,Indira securities pvt. ltd,Online Securities Pvt. Ltd.,2026-04-13 14:55:27.985002,Jyoti Bikas Bank Limited
2026041303006596,JBBL,52,4,100,372.2,37220.0,2026-04-13,186273776,418,Sundhara Securities Limited,Opal Securities Investment (PVT) Ltd.,2026-04-13 14:56:47.172979,Jyoti Bikas Bank Limited
2026041303006757,JBBL,52,58,400,372.2,148880.0,2026-04-13,186276792,418,Sundhara Securities Limited,Naasa Securities Co. Ltd.,2026-04-13 14:58:14.631114,Jyoti Bikas Bank Limited
2026041303006758,JBBL,80,58,711,372.1,264563.1,2026-04-13,186276794,418,Indira securities pvt. ltd,Naasa Securities Co. Ltd.,2026-04-13 14:58:14.631162,Jyoti Bikas Bank Limited
2026041303006759,JBBL,52,58,50,372.1,18605.0,2026-04-13,186276796,418,Sundhara Securities Limited,Naasa Securities Co. Ltd.,2026-04-13 14:58:14.631186,Jyoti Bikas Bank Limited
2026041303006760,JBBL,42,58,39,372.0,14508.0,2026-04-13,186276797,418,Sani Securities Company Ltd.,Naasa Securities Co. Ltd.,2026-04-13 14:58:14.631211,Jyoti Bikas Bank Limited
2026041303006783,JBBL,11,35,400,372.0,148800.0,2026-04-13,186277316,418,Malla & Malla Stock Broking Company Pvt. Limited,Kohinoor Investment & Securities Pvt. Ltd.,2026-04-13 14:58:28.519666,Jyoti Bikas Bank Limited
2026041303006784,JBBL,42,35,600,372.0,223200.0,2026-04-13,186277317,418,Sani Securities Company Ltd.,Kohinoor Investment & Securities Pvt. Ltd.,2026-04-13 14:58:28.519849,Jyoti Bikas Bank Limited
2026041303006806,JBBL,59,21,20,372.2,7444.0,2026-04-13,186277472,418,Deevyaa Securities & Stock House Pvt. Ltd,Midas Stock Broking Company Private Limited,2026-04-13 14:58:31.757267,Jyoti Bikas Bank Limited
2026041303006843,JBBL,42,45,100,372.0,37200.0,2026-04-13,186278226,418,Sani Securities Company Ltd.,Imperial Securities Company Pvt. Ltd.,2026-04-13 14:58:45.042427,Jyoti Bikas Bank Limited
2026041303006844,JBBL,36,45,500,372.0,186000.0,2026-04-13,186278228,418,Secured Securities Ltd.,Imperial Securities Company Pvt. Ltd.,2026-04-13 14:58:45.042598,Jyoti Bikas Bank Limited
2026041303006894,JBBL,46,38,1000,371.5,371500.0,2026-04-13,186278918,418,Kalika Securities Pvt. Ltd.,Dipshikha Dhitopatra Karobar Co. Pvt Ltd.,2026-04-13 14:58:59.601490,Jyoti Bikas Bank Limited
2026041303006895,JBBL,36,38,200,371.4,74280.0,2026-04-13,186278919,418,Secured Securities Ltd.,Dipshikha Dhitopatra Karobar Co. Pvt Ltd.,2026-04-13 14:58:59.601852,Jyoti Bikas Bank Limited
2026041303006932,JBBL,26,38,700,371.6,260120.0,2026-04-13,186279890,418,Asian Securities Private Ltd.,Dipshikha Dhitopatra Karobar Co. Pvt Ltd.,2026-04-13 14:59:17.583973,Jyoti Bikas Bank Limited
2026041303006933,JBBL,32,38,428,371.0,158788.0,2026-04-13,186279892,418,Premier Securities Company Ltd.,Dipshikha Dhitopatra Karobar Co. Pvt Ltd.,2026-04-13 14:59:17.584395,Jyoti Bikas Bank Limited
2026041303006934,JBBL,65,38,72,371.0,26712.0,2026-04-13,186279893,418,Sharepro Securities Private Limited,Dipshikha Dhitopatra Karobar Co. Pvt Ltd.,2026-04-13 14:59:17.584659,Jyoti Bikas Bank Limited
2026041303007068,JBBL,65,8,28,371.0,10388.0,2026-04-13,186281423,418,Sharepro Securities Private Limited,Brilliant Securities Pvt. Ltd.,2026-04-13 14:59:36.322664,Jyoti Bikas Bank Limited
2026041303007069,JBBL,44,8,10,371.0,3710.0,2026-04-13,186281427,418,Dynamic Money Managers Securities Pvt. Ltd.,Brilliant Securities Pvt. Ltd.,2026-04-13 14:59:36.323013,Jyoti Bikas Bank Limited
2026041303007090,JBBL,8,8,162,371.0,60102.0,2026-04-13,186281865,418,Brilliant Securities Pvt. Ltd.,Brilliant Securities Pvt. Ltd.,2026-04-13 14:59:40.743548,Jyoti Bikas Bank Limited
2026041303007091,JBBL,8,25,300,371.4,111420.0,2026-04-13,186281867,418,Brilliant Securities Pvt. Ltd.,Sweta Securities Private Limited,2026-04-13 14:59:40.743723,Jyoti Bikas Bank Limited
2026041303007092,JBBL,8,45,138,372.0,51336.0,2026-04-13,186281870,418,Brilliant Securities Pvt. Ltd.,Imperial Securities Company Pvt. Ltd.,2026-04-13 14:59:40.743807,Jyoti Bikas Bank Limited
2026041303007097,JBBL,35,50,50,370.4,18520.0,2026-04-13,186282092,418,Kohinoor Investment & Securities Pvt. Ltd.,Cristal Kanchanjanga Securites Pvt. Ltd.,2026-04-13 14:59:43.814324,Jyoti Bikas Bank Limited
2026041303007098,JBBL,91,50,350,370.1,129535.0,2026-04-13,186282093,418,Citizens Share Broker Limited,Cristal Kanchanjanga Securites Pvt. Ltd.,2026-04-13 14:59:43.814495,Jyoti Bikas Bank Limited
2026041303007193,JBBL,42,49,25,371.0,9275.0,2026-04-13,186283380,418,Sani Securities Company Ltd.,Online Securities Pvt. Ltd.,2026-04-13 14:59:55.603505,Jyoti Bikas Bank Limited
2026041303007377,JBBL,42,45,262,371.0,97202.0,2026-04-13,186284779,418,Sani Securities Company Ltd.,Imperial Securities Company Pvt. Ltd.,2026-04-13 14:59:59.766175,Jyoti Bikas Bank Limited
