contractId,stockSymbol,buyerMemberId,sellerMemberId,quantity,rate,amount,businessDate,tradeBookId,stockId,buyerBrokerName,sellerBrokerName,transaction_time,securityName
2026041304000001,NHPC,41,58,11,313.0,3443.0,2026-04-13,186082444,152,Linch Stock Market Ltd.,Naasa Securities Co. Ltd.,2026-04-13 10:46:00.011344,National Hydro Power Company Limited
2026041304000002,NHPC,19,58,500,313.0,156500.0,2026-04-13,186082448,152,Nepal Investment And Securities Trading Private Limited,Naasa Securities Co. Ltd.,2026-04-13 10:46:00.011457,National Hydro Power Company Limited
2026041304000003,NHPC,14,58,200,313.0,62600.0,2026-04-13,186082451,152,Nepal Stock House (PVT) Ltd.,Naasa Securities Co. Ltd.,2026-04-13 10:46:00.011506,National Hydro Power Company Limited
2026041304000024,NHPC,52,58,320,312.9,100128.0,2026-04-13,186082784,152,Sundhara Securities Limited,Naasa Securities Co. Ltd.,2026-04-13 11:00:16.832188,National Hydro Power Company Limited
2026041304000037,NHPC,49,58,1000,312.9,312900.0,2026-04-13,186082886,152,Online Securities Pvt. Ltd.,Naasa Securities Co. Ltd.,2026-04-13 11:00:26.169542,National Hydro Power Company Limited
2026041304000038,NHPC,77,75,20,312.0,6240.0,2026-04-13,186082888,152,Nabil Stock Dealer Ltd.,N.I.M.B. Stock Markets Limited,2026-04-13 11:00:26.225783,National Hydro Power Company Limited
2026041304000039,NHPC,14,75,200,312.0,62400.0,2026-04-13,186082890,152,Nepal Stock House (PVT) Ltd.,N.I.M.B. Stock Markets Limited,2026-04-13 11:00:26.225874,National Hydro Power Company Limited
2026041304000040,NHPC,41,75,280,312.0,87360.0,2026-04-13,186082891,152,Linch Stock Market Ltd.,N.I.M.B. Stock Markets Limited,2026-04-13 11:00:26.225925,National Hydro Power Company Limited
2026041304000045,NHPC,41,21,220,312.0,68640.0,2026-04-13,186082966,152,Linch Stock Market Ltd.,Midas Stock Broking Company Private Limited,2026-04-13 11:00:35.645731,National Hydro Power Company Limited
2026041304000050,NHPC,38,21,200,312.0,62400.0,2026-04-13,186083046,152,Dipshikha Dhitopatra Karobar Co. Pvt Ltd.,Midas Stock Broking Company Private Limited,2026-04-13 11:00:41.810706,National Hydro Power Company Limited
2026041304000059,NHPC,65,35,1000,311.9,311900.0,2026-04-13,186083124,152,Sharepro Securities Private Limited,Kohinoor Investment & Securities Pvt. Ltd.,2026-04-13 11:00:47.875364,National Hydro Power Company Limited
2026041304000061,NHPC,58,21,20,312.0,6240.0,2026-04-13,186083130,152,Naasa Securities Co. Ltd.,Midas Stock Broking Company Private Limited,2026-04-13 11:00:48.227906,National Hydro Power Company Limited
2026041304000067,NHPC,41,21,300,312.0,93600.0,2026-04-13,186083206,152,Linch Stock Market Ltd.,Midas Stock Broking Company Private Limited,2026-04-13 11:00:51.869349,National Hydro Power Company Limited
2026041304000068,NHPC,21,21,427,312.0,133224.0,2026-04-13,186083209,152,Midas Stock Broking Company Private Limited,Midas Stock Broking Company Private Limited,2026-04-13 11:00:52.259065,National Hydro Power Company Limited
2026041304000069,NHPC,21,42,1000,312.0,312000.0,2026-04-13,186083211,152,Midas Stock Broking Company Private Limited,Sani Securities Company Ltd.,2026-04-13 11:00:52.259155,National Hydro Power Company Limited
2026041304000070,NHPC,21,57,500,312.0,156000.0,2026-04-13,186083213,152,Midas Stock Broking Company Private Limited,Aryatara Investment & Securities,2026-04-13 11:00:52.259189,National Hydro Power Company Limited
2026041304000071,NHPC,21,58,150,312.0,46800.0,2026-04-13,186083215,152,Midas Stock Broking Company Private Limited,Naasa Securities Co. Ltd.,2026-04-13 11:00:52.259221,National Hydro Power Company Limited
2026041304000072,NHPC,21,52,100,312.0,31200.0,2026-04-13,186083217,152,Midas Stock Broking Company Private Limited,Sundhara Securities Limited,2026-04-13 11:00:52.259254,National Hydro Power Company Limited
2026041304000073,NHPC,21,58,5803,312.9,1815758.7,2026-04-13,186083220,152,Midas Stock Broking Company Private Limited,Naasa Securities Co. Ltd.,2026-04-13 11:00:52.259288,National Hydro Power Company Limited
2026041304000074,NHPC,33,58,1500,312.9,469350.0,2026-04-13,186083234,152,Dakshinkali Investment & Securities Pvt. Ltd.,Naasa Securities Co. Ltd.,2026-04-13 11:00:53.102858,National Hydro Power Company Limited
2026041304000076,NHPC,38,58,100,312.9,31290.0,2026-04-13,186083284,152,Dipshikha Dhitopatra Karobar Co. Pvt Ltd.,Naasa Securities Co. Ltd.,2026-04-13 11:00:55.772216,National Hydro Power Company Limited
2026041304000077,NHPC,22,14,15,311.0,4665.0,2026-04-13,186083288,152,Siprabi Securities Pvt. Ltd.,Nepal Stock House (PVT) Ltd.,2026-04-13 11:00:56.090911,National Hydro Power Company Limited
2026041304000078,NHPC,21,14,485,310.8,150738.0,2026-04-13,186083289,152,Midas Stock Broking Company Private Limited,Nepal Stock House (PVT) Ltd.,2026-04-13 11:00:56.091004,National Hydro Power Company Limited
2026041304000084,NHPC,45,50,500,312.0,156000.0,2026-04-13,186083352,152,Imperial Securities Company Pvt. Ltd.,Cristal Kanchanjanga Securites Pvt. Ltd.,2026-04-13 11:00:58.489638,National Hydro Power Company Limited
2026041304000085,NHPC,38,50,200,312.0,62400.0,2026-04-13,186083354,152,Dipshikha Dhitopatra Karobar Co. Pvt Ltd.,Cristal Kanchanjanga Securites Pvt. Ltd.,2026-04-13 11:00:58.489727,National Hydro Power Company Limited
2026041304000086,NHPC,65,50,300,312.0,93600.0,2026-04-13,186083357,152,Sharepro Securities Private Limited,Cristal Kanchanjanga Securites Pvt. Ltd.,2026-04-13 11:00:59.146072,National Hydro Power Company Limited
2026041304000087,NHPC,65,58,200,312.9,62580.0,2026-04-13,186083360,152,Sharepro Securities Private Limited,Naasa Securities Co. Ltd.,2026-04-13 11:00:59.146123,National Hydro Power Company Limited
2026041304000091,NHPC,60,67,7800,310.9,2425020.0,2026-04-13,186083411,152,Nagarik Stock Dealer ,Property Wiard Limited,2026-04-13 11:01:01.758155,National Hydro Power Company Limited
2026041304000092,NHPC,39,64,1200,311.0,373200.0,2026-04-13,186083432,152,Sumeru Securities Pvt. Ltd.,SUN SECURITIES PVT LTD,2026-04-13 11:01:02.257151,National Hydro Power Company Limited
2026041304000093,NHPC,49,64,800,311.0,248800.0,2026-04-13,186083457,152,Online Securities Pvt. Ltd.,SUN SECURITIES PVT LTD,2026-04-13 11:01:03.126490,National Hydro Power Company Limited
2026041304000110,NHPC,39,49,17,312.1,5305.7,2026-04-13,186083659,152,Sumeru Securities Pvt. Ltd.,Online Securities Pvt. Ltd.,2026-04-13 11:01:13.873449,National Hydro Power Company Limited
2026041304000113,NHPC,39,95,200,312.1,62420.0,2026-04-13,186083705,152,Sumeru Securities Pvt. Ltd.,Magnet Securities and Investment Company Private Limited,2026-04-13 11:01:17.348520,National Hydro Power Company Limited
2026041304000114,NHPC,38,58,100,312.9,31290.0,2026-04-13,186083772,152,Dipshikha Dhitopatra Karobar Co. Pvt Ltd.,Naasa Securities Co. Ltd.,2026-04-13 11:01:20.240681,National Hydro Power Company Limited
2026041304000120,NHPC,35,58,266,312.9,83231.4,2026-04-13,186083935,152,Kohinoor Investment & Securities Pvt. Ltd.,Naasa Securities Co. Ltd.,2026-04-13 11:01:24.492432,National Hydro Power Company Limited
2026041304000127,NHPC,35,65,10,312.9,3129.0,2026-04-13,186083959,152,Kohinoor Investment & Securities Pvt. Ltd.,Sharepro Securities Private Limited,2026-04-13 11:01:25.358554,National Hydro Power Company Limited
2026041304000128,NHPC,35,58,100,313.0,31300.0,2026-04-13,186083962,152,Kohinoor Investment & Securities Pvt. Ltd.,Naasa Securities Co. Ltd.,2026-04-13 11:01:25.635392,National Hydro Power Company Limited
2026041304000140,NHPC,35,7,724,312.9,226539.6,2026-04-13,186084110,152,Kohinoor Investment & Securities Pvt. Ltd.,J.F. Securites (PVT) Ltd.,2026-04-13 11:01:32.988174,National Hydro Power Company Limited
2026041304000141,NHPC,1,7,200,312.9,62580.0,2026-04-13,186084112,152,Kumari Securities Private Limited,J.F. Securites (PVT) Ltd.,2026-04-13 11:01:32.988287,National Hydro Power Company Limited
2026041304000142,NHPC,60,7,1066,312.2,332805.2,2026-04-13,186084113,152,Nagarik Stock Dealer ,J.F. Securites (PVT) Ltd.,2026-04-13 11:01:32.988358,National Hydro Power Company Limited
2026041304000146,NHPC,49,58,400,313.0,125200.0,2026-04-13,186084167,152,Online Securities Pvt. Ltd.,Naasa Securities Co. Ltd.,2026-04-13 11:01:36.757900,National Hydro Power Company Limited
2026041304000147,NHPC,49,57,3800,313.0,1189400.0,2026-04-13,186084174,152,Online Securities Pvt. Ltd.,Aryatara Investment & Securities,2026-04-13 11:01:37.027033,National Hydro Power Company Limited
2026041304000154,NHPC,100,45,200,312.9,62580.0,2026-04-13,186084252,152,Sunrise Securities Limited,Imperial Securities Company Pvt. Ltd.,2026-04-13 11:01:40.556811,National Hydro Power Company Limited
2026041304000162,NHPC,10,7,10,312.3,3123.0,2026-04-13,186084311,152,Pragyan Securities (PVT) Ltd.,J.F. Securites (PVT) Ltd.,2026-04-13 11:01:44.990889,National Hydro Power Company Limited
2026041304000163,NHPC,52,45,222,312.9,69463.8,2026-04-13,186084380,152,Sundhara Securities Limited,Imperial Securities Company Pvt. Ltd.,2026-04-13 11:01:48.009715,National Hydro Power Company Limited
2026041304000165,NHPC,58,42,15,312.7,4690.5,2026-04-13,186084388,152,Naasa Securities Co. Ltd.,Sani Securities Company Ltd.,2026-04-13 11:01:48.480391,National Hydro Power Company Limited
2026041304000166,NHPC,10,42,990,312.3,309177.0,2026-04-13,186084390,152,Pragyan Securities (PVT) Ltd.,Sani Securities Company Ltd.,2026-04-13 11:01:48.480605,National Hydro Power Company Limited
2026041304000167,NHPC,60,42,995,312.2,310639.0,2026-04-13,186084391,152,Nagarik Stock Dealer ,Sani Securities Company Ltd.,2026-04-13 11:01:48.480742,National Hydro Power Company Limited
2026041304000176,NHPC,39,51,100,312.1,31210.0,2026-04-13,186084623,152,Sumeru Securities Pvt. Ltd.,Oxford Securities Pvt. Ltd.,2026-04-13 11:02:03.224025,National Hydro Power Company Limited
2026041304000182,NHPC,43,45,178,312.9,55696.2,2026-04-13,186084683,152,South Asian Bulls Pvt. Ltd.,Imperial Securities Company Pvt. Ltd.,2026-04-13 11:02:07.911992,National Hydro Power Company Limited
2026041304000183,NHPC,43,57,200,313.0,62600.0,2026-04-13,186084685,152,South Asian Bulls Pvt. Ltd.,Aryatara Investment & Securities,2026-04-13 11:02:07.912096,National Hydro Power Company Limited
2026041304000184,NHPC,43,57,200,313.0,62600.0,2026-04-13,186084687,152,South Asian Bulls Pvt. Ltd.,Aryatara Investment & Securities,2026-04-13 11:02:07.912144,National Hydro Power Company Limited
2026041304000185,NHPC,43,7,422,313.0,132086.0,2026-04-13,186084690,152,South Asian Bulls Pvt. Ltd.,J.F. Securites (PVT) Ltd.,2026-04-13 11:02:07.912215,National Hydro Power Company Limited
2026041304000192,NHPC,85,4,100,312.2,31220.0,2026-04-13,186084763,152,Capital Hub P. Ltd,Opal Securities Investment (PVT) Ltd.,2026-04-13 11:02:11.372867,National Hydro Power Company Limited
2026041304000196,NHPC,85,59,600,312.2,187320.0,2026-04-13,186084925,152,Capital Hub P. Ltd,Deevyaa Securities & Stock House Pvt. Ltd,2026-04-13 11:02:15.412185,National Hydro Power Company Limited
2026041304000198,NHPC,85,49,10,312.2,3122.0,2026-04-13,186084977,152,Capital Hub P. Ltd,Online Securities Pvt. Ltd.,2026-04-13 11:02:19.566455,National Hydro Power Company Limited
2026041304000199,NHPC,85,42,1000,312.2,312200.0,2026-04-13,186084995,152,Capital Hub P. Ltd,Sani Securities Company Ltd.,2026-04-13 11:02:21.342393,National Hydro Power Company Limited
2026041304000204,NHPC,100,7,10,313.0,3130.0,2026-04-13,186085096,152,Sunrise Securities Limited,J.F. Securites (PVT) Ltd.,2026-04-13 11:02:27.151346,National Hydro Power Company Limited
2026041304000210,NHPC,85,32,290,312.2,90538.0,2026-04-13,186085134,152,Capital Hub P. Ltd,Premier Securities Company Ltd.,2026-04-13 11:02:29.993826,National Hydro Power Company Limited
2026041304000211,NHPC,39,32,210,312.1,65541.0,2026-04-13,186085135,152,Sumeru Securities Pvt. Ltd.,Premier Securities Company Ltd.,2026-04-13 11:02:29.993959,National Hydro Power Company Limited
2026041304000212,NHPC,6,7,68,313.0,21284.0,2026-04-13,186085165,152,Agrawal Securities (PVT) Ltd.,J.F. Securites (PVT) Ltd.,2026-04-13 11:02:32.179071,National Hydro Power Company Limited
2026041304000213,NHPC,6,38,100,313.0,31300.0,2026-04-13,186085167,152,Agrawal Securities (PVT) Ltd.,Dipshikha Dhitopatra Karobar Co. Pvt Ltd.,2026-04-13 11:02:32.179217,National Hydro Power Company Limited
2026041304000214,NHPC,6,75,44,313.0,13772.0,2026-04-13,186085186,152,Agrawal Securities (PVT) Ltd.,N.I.M.B. Stock Markets Limited,2026-04-13 11:02:32.948052,National Hydro Power Company Limited
2026041304000226,NHPC,1,75,100,312.2,31220.0,2026-04-13,186085382,152,Kumari Securities Private Limited,N.I.M.B. Stock Markets Limited,2026-04-13 11:02:44.079621,National Hydro Power Company Limited
2026041304000253,NHPC,39,48,473,312.1,147623.3,2026-04-13,186085728,152,Sumeru Securities Pvt. Ltd.,Trishakti Securities Public Limited,2026-04-13 11:03:00.687626,National Hydro Power Company Limited
2026041304000254,NHPC,85,48,1527,312.1,476576.7,2026-04-13,186085729,152,Capital Hub P. Ltd,Trishakti Securities Public Limited,2026-04-13 11:03:00.687770,National Hydro Power Company Limited
2026041304000255,NHPC,17,75,1856,312.2,579443.2,2026-04-13,186085735,152,ABC Securities Private Limited,N.I.M.B. Stock Markets Limited,2026-04-13 11:03:01.287585,National Hydro Power Company Limited
2026041304000256,NHPC,17,58,144,312.3,44971.2,2026-04-13,186085748,152,ABC Securities Private Limited,Naasa Securities Co. Ltd.,2026-04-13 11:03:02.073251,National Hydro Power Company Limited
2026041304000261,NHPC,43,58,156,312.2,48703.2,2026-04-13,186085803,152,South Asian Bulls Pvt. Ltd.,Naasa Securities Co. Ltd.,2026-04-13 11:03:05.000883,National Hydro Power Company Limited
2026041304000264,NHPC,43,14,144,312.2,44956.8,2026-04-13,186085868,152,South Asian Bulls Pvt. Ltd.,Nepal Stock House (PVT) Ltd.,2026-04-13 11:03:08.413734,National Hydro Power Company Limited
2026041304000265,NHPC,85,14,356,312.1,111107.6,2026-04-13,186085869,152,Capital Hub P. Ltd,Nepal Stock House (PVT) Ltd.,2026-04-13 11:03:08.414019,National Hydro Power Company Limited
2026041304000295,NHPC,85,58,25,312.1,7802.5,2026-04-13,186086553,152,Capital Hub P. Ltd,Naasa Securities Co. Ltd.,2026-04-13 11:03:39.437815,National Hydro Power Company Limited
2026041304000296,NHPC,85,39,92,312.1,28713.2,2026-04-13,186086568,152,Capital Hub P. Ltd,Sumeru Securities Pvt. Ltd.,2026-04-13 11:03:40.184815,National Hydro Power Company Limited
2026041304000297,NHPC,85,39,908,312.1,283386.8,2026-04-13,186086569,152,Capital Hub P. Ltd,Sumeru Securities Pvt. Ltd.,2026-04-13 11:03:40.184975,National Hydro Power Company Limited
2026041304000305,NHPC,85,42,1000,312.1,312100.0,2026-04-13,186086643,152,Capital Hub P. Ltd,Sani Securities Company Ltd.,2026-04-13 11:03:47.015399,National Hydro Power Company Limited
2026041304000315,NHPC,85,45,10,312.1,3121.0,2026-04-13,186086711,152,Capital Hub P. Ltd,Imperial Securities Company Pvt. Ltd.,2026-04-13 11:03:52.279330,National Hydro Power Company Limited
2026041304000321,NHPC,85,52,82,312.1,25592.2,2026-04-13,186086774,152,Capital Hub P. Ltd,Sundhara Securities Limited,2026-04-13 11:03:56.573599,National Hydro Power Company Limited
2026041304000331,NHPC,58,51,500,312.0,156000.0,2026-04-13,186086865,152,Naasa Securities Co. Ltd.,Oxford Securities Pvt. Ltd.,2026-04-13 11:04:04.126310,National Hydro Power Company Limited
2026041304000335,NHPC,58,13,25,312.0,7800.0,2026-04-13,186086939,152,Naasa Securities Co. Ltd.,Thrive Brokerage House Pvt. Ltd,2026-04-13 11:04:06.618468,National Hydro Power Company Limited
2026041304000348,NHPC,22,52,218,312.1,68037.8,2026-04-13,186087005,152,Siprabi Securities Pvt. Ltd.,Sundhara Securities Limited,2026-04-13 11:04:10.240975,National Hydro Power Company Limited
2026041304000349,NHPC,22,37,50,312.1,15605.0,2026-04-13,186087007,152,Siprabi Securities Pvt. Ltd.,Swarna Laxmi Securities Pvt. Ltd.,2026-04-13 11:04:10.241124,National Hydro Power Company Limited
2026041304000350,NHPC,22,68,200,312.1,62420.0,2026-04-13,186087009,152,Siprabi Securities Pvt. Ltd.,Elite Stock House Limited,2026-04-13 11:04:10.241205,National Hydro Power Company Limited
2026041304000352,NHPC,100,26,20,313.0,6260.0,2026-04-13,186087027,152,Sunrise Securities Limited,Asian Securities Private Ltd.,2026-04-13 11:04:10.849596,National Hydro Power Company Limited
2026041304000353,NHPC,100,49,10,313.0,3130.0,2026-04-13,186087029,152,Sunrise Securities Limited,Online Securities Pvt. Ltd.,2026-04-13 11:04:10.849793,National Hydro Power Company Limited
2026041304000354,NHPC,100,4,20,313.0,6260.0,2026-04-13,186087032,152,Sunrise Securities Limited,Opal Securities Investment (PVT) Ltd.,2026-04-13 11:04:10.849875,National Hydro Power Company Limited
2026041304000356,NHPC,94,4,360,313.0,112680.0,2026-04-13,186087119,152,K.B.L. Securities Limited ,Opal Securities Investment (PVT) Ltd.,2026-04-13 11:04:16.971899,National Hydro Power Company Limited
2026041304000359,NHPC,94,7,108,313.0,33804.0,2026-04-13,186087184,152,K.B.L. Securities Limited ,J.F. Securites (PVT) Ltd.,2026-04-13 11:04:20.635496,National Hydro Power Company Limited
2026041304000375,NHPC,44,7,80,313.0,25040.0,2026-04-13,186087550,152,Dynamic Money Managers Securities Pvt. Ltd.,J.F. Securites (PVT) Ltd.,2026-04-13 11:04:35.635161,National Hydro Power Company Limited
2026041304000395,NHPC,26,7,664,313.0,207832.0,2026-04-13,186087713,152,Asian Securities Private Ltd.,J.F. Securites (PVT) Ltd.,2026-04-13 11:04:45.487121,National Hydro Power Company Limited
2026041304000396,NHPC,26,14,300,313.5,94050.0,2026-04-13,186087715,152,Asian Securities Private Ltd.,Nepal Stock House (PVT) Ltd.,2026-04-13 11:04:45.487318,National Hydro Power Company Limited
2026041304000397,NHPC,26,52,100,313.7,31370.0,2026-04-13,186087717,152,Asian Securities Private Ltd.,Sundhara Securities Limited,2026-04-13 11:04:45.487396,National Hydro Power Company Limited
2026041304000398,NHPC,26,34,1000,313.8,313800.0,2026-04-13,186087719,152,Asian Securities Private Ltd.,Vision Securities Pvt. Ltd,2026-04-13 11:04:45.487471,National Hydro Power Company Limited
2026041304000399,NHPC,26,14,500,313.8,156900.0,2026-04-13,186087721,152,Asian Securities Private Ltd.,Nepal Stock House (PVT) Ltd.,2026-04-13 11:04:45.487550,National Hydro Power Company Limited
2026041304000400,NHPC,26,71,1000,314.0,314000.0,2026-04-13,186087723,152,Asian Securities Private Ltd.,SHUBHAKAMANA SECURITIES PVT. LTD,2026-04-13 11:04:45.487626,National Hydro Power Company Limited
2026041304000401,NHPC,26,35,1436,314.0,450904.0,2026-04-13,186087726,152,Asian Securities Private Ltd.,Kohinoor Investment & Securities Pvt. Ltd.,2026-04-13 11:04:45.487699,National Hydro Power Company Limited
2026041304000406,NHPC,29,35,564,314.0,177096.0,2026-04-13,186087807,152,Trisul Securities & Invt. Ltd.,Kohinoor Investment & Securities Pvt. Ltd.,2026-04-13 11:04:48.494661,National Hydro Power Company Limited
2026041304000407,NHPC,29,6,300,314.0,94200.0,2026-04-13,186087809,152,Trisul Securities & Invt. Ltd.,Agrawal Securities (PVT) Ltd.,2026-04-13 11:04:48.494730,National Hydro Power Company Limited
2026041304000408,NHPC,29,42,100,314.0,31400.0,2026-04-13,186087811,152,Trisul Securities & Invt. Ltd.,Sani Securities Company Ltd.,2026-04-13 11:04:48.494778,National Hydro Power Company Limited
2026041304000409,NHPC,29,49,10,314.0,3140.0,2026-04-13,186087813,152,Trisul Securities & Invt. Ltd.,Online Securities Pvt. Ltd.,2026-04-13 11:04:48.494798,National Hydro Power Company Limited
2026041304000410,NHPC,29,92,26,314.7,8182.2,2026-04-13,186087816,152,Trisul Securities & Invt. Ltd.,Roadshow securities limited,2026-04-13 11:04:48.494823,National Hydro Power Company Limited
2026041304000415,NHPC,42,33,100,313.0,31300.0,2026-04-13,186087930,152,Sani Securities Company Ltd.,Dakshinkali Investment & Securities Pvt. Ltd.,2026-04-13 11:04:54.854673,National Hydro Power Company Limited
2026041304000422,NHPC,58,33,15,313.0,4695.0,2026-04-13,186088158,152,Naasa Securities Co. Ltd.,Dakshinkali Investment & Securities Pvt. Ltd.,2026-04-13 11:05:00.239929,National Hydro Power Company Limited
2026041304000428,NHPC,47,33,300,313.0,93900.0,2026-04-13,186088296,152,Neev Securities Pvt. Ltd.,Dakshinkali Investment & Securities Pvt. Ltd.,2026-04-13 11:05:07.141328,National Hydro Power Company Limited
2026041304000431,NHPC,58,33,40,313.0,12520.0,2026-04-13,186088306,152,Naasa Securities Co. Ltd.,Dakshinkali Investment & Securities Pvt. Ltd.,2026-04-13 11:05:07.975001,National Hydro Power Company Limited
2026041304000439,NHPC,17,33,45,313.0,14085.0,2026-04-13,186088485,152,ABC Securities Private Limited,Dakshinkali Investment & Securities Pvt. Ltd.,2026-04-13 11:05:17.292765,National Hydro Power Company Limited
2026041304000440,NHPC,17,46,455,313.0,142415.0,2026-04-13,186088488,152,ABC Securities Private Limited,Kalika Securities Pvt. Ltd.,2026-04-13 11:05:17.292865,National Hydro Power Company Limited
2026041304000444,NHPC,42,46,45,313.0,14085.0,2026-04-13,186088521,152,Sani Securities Company Ltd.,Kalika Securities Pvt. Ltd.,2026-04-13 11:05:19.157150,National Hydro Power Company Limited
2026041304000449,NHPC,42,47,100,313.0,31300.0,2026-04-13,186088587,152,Sani Securities Company Ltd.,Neev Securities Pvt. Ltd.,2026-04-13 11:05:24.871263,National Hydro Power Company Limited
2026041304000452,NHPC,42,95,200,313.0,62600.0,2026-04-13,186088611,152,Sani Securities Company Ltd.,Magnet Securities and Investment Company Private Limited,2026-04-13 11:05:27.341258,National Hydro Power Company Limited
2026041304000453,NHPC,58,65,20,314.0,6280.0,2026-04-13,186088649,152,Naasa Securities Co. Ltd.,Sharepro Securities Private Limited,2026-04-13 11:05:29.551531,National Hydro Power Company Limited
2026041304000454,NHPC,58,92,474,314.7,149167.8,2026-04-13,186088651,152,Naasa Securities Co. Ltd.,Roadshow securities limited,2026-04-13 11:05:29.551627,National Hydro Power Company Limited
2026041304000455,NHPC,58,74,506,314.8,159288.8,2026-04-13,186088654,152,Naasa Securities Co. Ltd.,KALASH STOCK MARKET PVT. LTD.,2026-04-13 11:05:29.551710,National Hydro Power Company Limited
2026041304000469,NHPC,42,72,655,313.0,205015.0,2026-04-13,186088750,152,Sani Securities Company Ltd.,Hatemalo Financial Services Private Limited,2026-04-13 11:05:33.422199,National Hydro Power Company Limited
2026041304000470,NHPC,88,72,200,313.0,62600.0,2026-04-13,186088752,152,Blue Chip Securities Ltd,Hatemalo Financial Services Private Limited,2026-04-13 11:05:33.422569,National Hydro Power Company Limited
2026041304000471,NHPC,57,72,145,313.0,45385.0,2026-04-13,186088753,152,Aryatara Investment & Securities,Hatemalo Financial Services Private Limited,2026-04-13 11:05:33.422817,National Hydro Power Company Limited
2026041304000480,NHPC,26,74,494,314.8,155511.2,2026-04-13,186088805,152,Asian Securities Private Ltd.,KALASH STOCK MARKET PVT. LTD.,2026-04-13 11:05:36.656938,National Hydro Power Company Limited
2026041304000481,NHPC,26,71,1000,314.9,314900.0,2026-04-13,186088807,152,Asian Securities Private Ltd.,SHUBHAKAMANA SECURITIES PVT. LTD,2026-04-13 11:05:36.657118,National Hydro Power Company Limited
2026041304000482,NHPC,26,58,160,315.0,50400.0,2026-04-13,186088809,152,Asian Securities Private Ltd.,Naasa Securities Co. Ltd.,2026-04-13 11:05:36.657237,National Hydro Power Company Limited
2026041304000483,NHPC,26,45,100,315.0,31500.0,2026-04-13,186088811,152,Asian Securities Private Ltd.,Imperial Securities Company Pvt. Ltd.,2026-04-13 11:05:36.657331,National Hydro Power Company Limited
2026041304000484,NHPC,26,74,500,315.0,157500.0,2026-04-13,186088813,152,Asian Securities Private Ltd.,KALASH STOCK MARKET PVT. LTD.,2026-04-13 11:05:36.657413,National Hydro Power Company Limited
2026041304000485,NHPC,26,26,100,315.0,31500.0,2026-04-13,186088815,152,Asian Securities Private Ltd.,Asian Securities Private Ltd.,2026-04-13 11:05:36.657490,National Hydro Power Company Limited
2026041304000486,NHPC,26,74,500,315.0,157500.0,2026-04-13,186088817,152,Asian Securities Private Ltd.,KALASH STOCK MARKET PVT. LTD.,2026-04-13 11:05:36.657567,National Hydro Power Company Limited
2026041304000487,NHPC,26,52,100,315.0,31500.0,2026-04-13,186088819,152,Asian Securities Private Ltd.,Sundhara Securities Limited,2026-04-13 11:05:36.657653,National Hydro Power Company Limited
2026041304000488,NHPC,26,57,105,315.0,33075.0,2026-04-13,186088821,152,Asian Securities Private Ltd.,Aryatara Investment & Securities,2026-04-13 11:05:36.657730,National Hydro Power Company Limited
2026041304000489,NHPC,26,57,500,315.0,157500.0,2026-04-13,186088823,152,Asian Securities Private Ltd.,Aryatara Investment & Securities,2026-04-13 11:05:36.657810,National Hydro Power Company Limited
2026041304000490,NHPC,26,54,500,315.0,157500.0,2026-04-13,186088825,152,Asian Securities Private Ltd.,Sewa Securities Pvt. Ltd.,2026-04-13 11:05:36.657887,National Hydro Power Company Limited
2026041304000491,NHPC,26,49,122,315.0,38430.0,2026-04-13,186088827,152,Asian Securities Private Ltd.,Online Securities Pvt. Ltd.,2026-04-13 11:05:36.657962,National Hydro Power Company Limited
2026041304000492,NHPC,26,58,819,315.0,257985.0,2026-04-13,186088830,152,Asian Securities Private Ltd.,Naasa Securities Co. Ltd.,2026-04-13 11:05:36.658037,National Hydro Power Company Limited
2026041304000493,NHPC,57,47,100,313.0,31300.0,2026-04-13,186088835,152,Aryatara Investment & Securities,Neev Securities Pvt. Ltd.,2026-04-13 11:05:37.012591,National Hydro Power Company Limited
2026041304000507,NHPC,57,80,200,313.0,62600.0,2026-04-13,186089051,152,Aryatara Investment & Securities,Indira securities pvt. ltd,2026-04-13 11:05:46.546957,National Hydro Power Company Limited
2026041304000520,NHPC,10,33,300,314.8,94440.0,2026-04-13,186089356,152,Pragyan Securities (PVT) Ltd.,Dakshinkali Investment & Securities Pvt. Ltd.,2026-04-13 11:06:00.540583,National Hydro Power Company Limited
2026041304000532,NHPC,42,32,500,314.0,157000.0,2026-04-13,186089593,152,Sani Securities Company Ltd.,Premier Securities Company Ltd.,2026-04-13 11:06:09.576133,National Hydro Power Company Limited
2026041304000547,NHPC,35,80,300,314.9,94470.0,2026-04-13,186090082,152,Kohinoor Investment & Securities Pvt. Ltd.,Indira securities pvt. ltd,2026-04-13 11:06:37.952554,National Hydro Power Company Limited
2026041304000555,NHPC,58,100,10,314.9,3149.0,2026-04-13,186090178,152,Naasa Securities Co. Ltd.,Sunrise Securities Limited,2026-04-13 11:06:45.027040,National Hydro Power Company Limited
2026041304000571,NHPC,19,100,200,314.9,62980.0,2026-04-13,186090312,152,Nepal Investment And Securities Trading Private Limited,Sunrise Securities Limited,2026-04-13 11:06:49.832171,National Hydro Power Company Limited
2026041304000574,NHPC,21,100,790,314.9,248771.0,2026-04-13,186090345,152,Midas Stock Broking Company Private Limited,Sunrise Securities Limited,2026-04-13 11:06:50.695093,National Hydro Power Company Limited
2026041304000575,NHPC,21,57,100,314.9,31490.0,2026-04-13,186090347,152,Midas Stock Broking Company Private Limited,Aryatara Investment & Securities,2026-04-13 11:06:50.878642,National Hydro Power Company Limited
2026041304000588,NHPC,21,80,110,314.9,34639.0,2026-04-13,186090448,152,Midas Stock Broking Company Private Limited,Indira securities pvt. ltd,2026-04-13 11:06:56.901772,National Hydro Power Company Limited
2026041304000589,NHPC,58,80,100,314.9,31490.0,2026-04-13,186090450,152,Naasa Securities Co. Ltd.,Indira securities pvt. ltd,2026-04-13 11:06:56.902161,National Hydro Power Company Limited
2026041304000590,NHPC,42,80,290,314.0,91060.0,2026-04-13,186090451,152,Sani Securities Company Ltd.,Indira securities pvt. ltd,2026-04-13 11:06:56.902458,National Hydro Power Company Limited
2026041304000591,NHPC,42,6,210,314.0,65940.0,2026-04-13,186090478,152,Sani Securities Company Ltd.,Agrawal Securities (PVT) Ltd.,2026-04-13 11:06:58.282285,National Hydro Power Company Limited
2026041304000596,NHPC,22,6,190,314.0,59660.0,2026-04-13,186090511,152,Siprabi Securities Pvt. Ltd.,Agrawal Securities (PVT) Ltd.,2026-04-13 11:06:59.362719,National Hydro Power Company Limited
2026041304000597,NHPC,22,58,181,315.0,57015.0,2026-04-13,186090513,152,Siprabi Securities Pvt. Ltd.,Naasa Securities Co. Ltd.,2026-04-13 11:06:59.363113,National Hydro Power Company Limited
2026041304000598,NHPC,22,13,10,315.0,3150.0,2026-04-13,186090515,152,Siprabi Securities Pvt. Ltd.,Thrive Brokerage House Pvt. Ltd,2026-04-13 11:06:59.363410,National Hydro Power Company Limited
2026041304000599,NHPC,22,94,1500,315.0,472500.0,2026-04-13,186090517,152,Siprabi Securities Pvt. Ltd.,K.B.L. Securities Limited ,2026-04-13 11:06:59.363676,National Hydro Power Company Limited
2026041304000600,NHPC,22,49,10,315.0,3150.0,2026-04-13,186090519,152,Siprabi Securities Pvt. Ltd.,Online Securities Pvt. Ltd.,2026-04-13 11:06:59.363944,National Hydro Power Company Limited
2026041304000601,NHPC,22,19,170,315.0,53550.0,2026-04-13,186090521,152,Siprabi Securities Pvt. Ltd.,Nepal Investment And Securities Trading Private Limited,2026-04-13 11:06:59.364207,National Hydro Power Company Limited
2026041304000602,NHPC,22,44,1000,315.0,315000.0,2026-04-13,186090523,152,Siprabi Securities Pvt. Ltd.,Dynamic Money Managers Securities Pvt. Ltd.,2026-04-13 11:06:59.364483,National Hydro Power Company Limited
2026041304000603,NHPC,22,33,500,315.0,157500.0,2026-04-13,186090525,152,Siprabi Securities Pvt. Ltd.,Dakshinkali Investment & Securities Pvt. Ltd.,2026-04-13 11:06:59.364745,National Hydro Power Company Limited
2026041304000604,NHPC,22,64,400,315.0,126000.0,2026-04-13,186090527,152,Siprabi Securities Pvt. Ltd.,SUN SECURITIES PVT LTD,2026-04-13 11:06:59.364996,National Hydro Power Company Limited
2026041304000605,NHPC,22,13,571,315.0,179865.0,2026-04-13,186090530,152,Siprabi Securities Pvt. Ltd.,Thrive Brokerage House Pvt. Ltd,2026-04-13 11:06:59.365263,National Hydro Power Company Limited
2026041304000628,NHPC,14,32,30,314.0,9420.0,2026-04-13,186090843,152,Nepal Stock House (PVT) Ltd.,Premier Securities Company Ltd.,2026-04-13 11:07:18.984058,National Hydro Power Company Limited
2026041304000629,NHPC,14,33,70,314.8,22036.0,2026-04-13,186090846,152,Nepal Stock House (PVT) Ltd.,Dakshinkali Investment & Securities Pvt. Ltd.,2026-04-13 11:07:18.984467,National Hydro Power Company Limited
2026041304000631,NHPC,42,58,25,313.5,7837.5,2026-04-13,186090902,152,Sani Securities Company Ltd.,Naasa Securities Co. Ltd.,2026-04-13 11:07:20.768215,National Hydro Power Company Limited
2026041304000638,NHPC,4,33,15,314.8,4722.0,2026-04-13,186090954,152,Opal Securities Investment (PVT) Ltd.,Dakshinkali Investment & Securities Pvt. Ltd.,2026-04-13 11:07:25.526740,National Hydro Power Company Limited
2026041304000647,NHPC,71,58,100,314.0,31400.0,2026-04-13,186091169,152,SHUBHAKAMANA SECURITIES PVT. LTD,Naasa Securities Co. Ltd.,2026-04-13 11:07:36.708228,National Hydro Power Company Limited
2026041304000657,NHPC,71,98,300,314.0,94200.0,2026-04-13,186091347,152,SHUBHAKAMANA SECURITIES PVT. LTD,Trademow Securities Private Limited,2026-04-13 11:07:47.916982,National Hydro Power Company Limited
2026041304000666,NHPC,70,80,10,314.0,3140.0,2026-04-13,186091462,152,Infinity Securities Limited,Indira securities pvt. ltd,2026-04-13 11:07:54.883173,National Hydro Power Company Limited
2026041304000667,NHPC,47,80,10,314.0,3140.0,2026-04-13,186091464,152,Neev Securities Pvt. Ltd.,Indira securities pvt. ltd,2026-04-13 11:07:54.883631,National Hydro Power Company Limited
2026041304000681,NHPC,54,80,40,314.0,12560.0,2026-04-13,186091642,152,Sewa Securities Pvt. Ltd.,Indira securities pvt. ltd,2026-04-13 11:08:05.603508,National Hydro Power Company Limited
2026041304000688,NHPC,29,80,151,314.0,47414.0,2026-04-13,186091821,152,Trisul Securities & Invt. Ltd.,Indira securities pvt. ltd,2026-04-13 11:08:10.424748,National Hydro Power Company Limited
2026041304000689,NHPC,29,38,120,314.7,37764.0,2026-04-13,186091823,152,Trisul Securities & Invt. Ltd.,Dipshikha Dhitopatra Karobar Co. Pvt Ltd.,2026-04-13 11:08:10.424981,National Hydro Power Company Limited
2026041304000690,NHPC,29,33,15,314.8,4722.0,2026-04-13,186091825,152,Trisul Securities & Invt. Ltd.,Dakshinkali Investment & Securities Pvt. Ltd.,2026-04-13 11:08:10.425117,National Hydro Power Company Limited
2026041304000700,NHPC,47,13,400,315.0,126000.0,2026-04-13,186091964,152,Neev Securities Pvt. Ltd.,Thrive Brokerage House Pvt. Ltd,2026-04-13 11:08:19.941882,National Hydro Power Company Limited
2026041304000707,NHPC,21,13,29,315.0,9135.0,2026-04-13,186092043,152,Midas Stock Broking Company Private Limited,Thrive Brokerage House Pvt. Ltd,2026-04-13 11:08:25.974768,National Hydro Power Company Limited
2026041304000708,NHPC,21,16,200,315.0,63000.0,2026-04-13,186092045,152,Midas Stock Broking Company Private Limited,Primo Securities (PVT) Ltd.,2026-04-13 11:08:25.974998,National Hydro Power Company Limited
2026041304000709,NHPC,21,57,300,315.0,94500.0,2026-04-13,186092047,152,Midas Stock Broking Company Private Limited,Aryatara Investment & Securities,2026-04-13 11:08:25.975120,National Hydro Power Company Limited
2026041304000710,NHPC,21,8,50,315.0,15750.0,2026-04-13,186092049,152,Midas Stock Broking Company Private Limited,Brilliant Securities Pvt. Ltd.,2026-04-13 11:08:25.975231,National Hydro Power Company Limited
2026041304000711,NHPC,21,35,421,315.0,132615.0,2026-04-13,186092052,152,Midas Stock Broking Company Private Limited,Kohinoor Investment & Securities Pvt. Ltd.,2026-04-13 11:08:25.975369,National Hydro Power Company Limited
2026041304000712,NHPC,91,25,500,314.9,157450.0,2026-04-13,186092057,152,Citizens Share Broker Limited,Sweta Securities Private Limited,2026-04-13 11:08:26.170072,National Hydro Power Company Limited
2026041304000713,NHPC,17,35,100,315.0,31500.0,2026-04-13,186092062,152,ABC Securities Private Limited,Kohinoor Investment & Securities Pvt. Ltd.,2026-04-13 11:08:26.282716,National Hydro Power Company Limited
2026041304000729,NHPC,91,35,1000,315.0,315000.0,2026-04-13,186092174,152,Citizens Share Broker Limited,Kohinoor Investment & Securities Pvt. Ltd.,2026-04-13 11:08:31.043367,National Hydro Power Company Limited
2026041304000730,NHPC,63,35,479,315.0,150885.0,2026-04-13,186092177,152,Himalayan Brokerage Company Limited,Kohinoor Investment & Securities Pvt. Ltd.,2026-04-13 11:08:31.861210,National Hydro Power Company Limited
2026041304000731,NHPC,63,59,100,315.0,31500.0,2026-04-13,186092179,152,Himalayan Brokerage Company Limited,Deevyaa Securities & Stock House Pvt. Ltd,2026-04-13 11:08:31.861454,National Hydro Power Company Limited
2026041304000732,NHPC,63,58,180,315.0,56700.0,2026-04-13,186092181,152,Himalayan Brokerage Company Limited,Naasa Securities Co. Ltd.,2026-04-13 11:08:31.861566,National Hydro Power Company Limited
2026041304000733,NHPC,63,29,100,315.0,31500.0,2026-04-13,186092183,152,Himalayan Brokerage Company Limited,Trisul Securities & Invt. Ltd.,2026-04-13 11:08:31.861675,National Hydro Power Company Limited
2026041304000734,NHPC,63,35,50,315.0,15750.0,2026-04-13,186092185,152,Himalayan Brokerage Company Limited,Kohinoor Investment & Securities Pvt. Ltd.,2026-04-13 11:08:31.861783,National Hydro Power Company Limited
2026041304000735,NHPC,63,58,1000,315.0,315000.0,2026-04-13,186092187,152,Himalayan Brokerage Company Limited,Naasa Securities Co. Ltd.,2026-04-13 11:08:31.909463,National Hydro Power Company Limited
2026041304000751,NHPC,63,58,35,315.0,11025.0,2026-04-13,186092431,152,Himalayan Brokerage Company Limited,Naasa Securities Co. Ltd.,2026-04-13 11:08:45.826507,National Hydro Power Company Limited
2026041304000752,NHPC,63,47,50,315.0,15750.0,2026-04-13,186092445,152,Himalayan Brokerage Company Limited,Neev Securities Pvt. Ltd.,2026-04-13 11:08:47.266616,National Hydro Power Company Limited
2026041304000756,NHPC,63,81,1006,315.0,316890.0,2026-04-13,186092510,152,Himalayan Brokerage Company Limited,Aakashbhairab Securities Ltd.,2026-04-13 11:08:50.215670,National Hydro Power Company Limited
2026041304000757,NHPC,58,81,10,315.0,3150.0,2026-04-13,186092512,152,Naasa Securities Co. Ltd.,Aakashbhairab Securities Ltd.,2026-04-13 11:08:50.216153,National Hydro Power Company Limited
2026041304000758,NHPC,41,81,545,315.0,171675.0,2026-04-13,186092514,152,Linch Stock Market Ltd.,Aakashbhairab Securities Ltd.,2026-04-13 11:08:50.216524,National Hydro Power Company Limited
2026041304000759,NHPC,47,81,3439,315.0,1083285.0,2026-04-13,186092515,152,Neev Securities Pvt. Ltd.,Aakashbhairab Securities Ltd.,2026-04-13 11:08:50.216878,National Hydro Power Company Limited
2026041304000760,NHPC,47,45,600,315.0,189000.0,2026-04-13,186092535,152,Neev Securities Pvt. Ltd.,Imperial Securities Company Pvt. Ltd.,2026-04-13 11:08:52.406999,National Hydro Power Company Limited
2026041304000769,NHPC,47,21,961,315.0,302715.0,2026-04-13,186093563,152,Neev Securities Pvt. Ltd.,Midas Stock Broking Company Private Limited,2026-04-13 11:08:58.463784,National Hydro Power Company Limited
2026041304000770,NHPC,91,21,500,314.9,157450.0,2026-04-13,186093567,152,Citizens Share Broker Limited,Midas Stock Broking Company Private Limited,2026-04-13 11:08:58.464279,National Hydro Power Company Limited
2026041304000771,NHPC,29,21,34,314.8,10703.2,2026-04-13,186093569,152,Trisul Securities & Invt. Ltd.,Midas Stock Broking Company Private Limited,2026-04-13 11:08:58.464647,National Hydro Power Company Limited
2026041304000776,NHPC,58,25,15,314.9,4723.5,2026-04-13,186093836,152,Naasa Securities Co. Ltd.,Sweta Securities Private Limited,2026-04-13 11:09:04.848081,National Hydro Power Company Limited
2026041304000778,NHPC,38,25,485,314.9,152726.5,2026-04-13,186093839,152,Dipshikha Dhitopatra Karobar Co. Pvt Ltd.,Sweta Securities Private Limited,2026-04-13 11:09:05.153254,National Hydro Power Company Limited
2026041304000779,NHPC,38,45,411,314.9,129423.9,2026-04-13,186093841,152,Dipshikha Dhitopatra Karobar Co. Pvt Ltd.,Imperial Securities Company Pvt. Ltd.,2026-04-13 11:09:05.153491,National Hydro Power Company Limited
2026041304000790,NHPC,41,58,14,315.4,4415.6,2026-04-13,186093924,152,Linch Stock Market Ltd.,Naasa Securities Co. Ltd.,2026-04-13 11:09:10.127222,National Hydro Power Company Limited
2026041304000804,NHPC,38,14,104,315.1,32770.4,2026-04-13,186094093,152,Dipshikha Dhitopatra Karobar Co. Pvt Ltd.,Nepal Stock House (PVT) Ltd.,2026-04-13 11:09:19.805040,National Hydro Power Company Limited
2026041304000810,NHPC,64,58,36,315.4,11354.4,2026-04-13,186094195,152,SUN SECURITIES PVT LTD,Naasa Securities Co. Ltd.,2026-04-13 11:09:27.243688,National Hydro Power Company Limited
2026041304000811,NHPC,64,39,100,315.7,31570.0,2026-04-13,186094197,152,SUN SECURITIES PVT LTD,Sumeru Securities Pvt. Ltd.,2026-04-13 11:09:27.243806,National Hydro Power Company Limited
2026041304000812,NHPC,64,34,100,315.9,31590.0,2026-04-13,186094199,152,SUN SECURITIES PVT LTD,Vision Securities Pvt. Ltd,2026-04-13 11:09:27.243869,National Hydro Power Company Limited
2026041304000813,NHPC,64,49,30,316.0,9480.0,2026-04-13,186094201,152,SUN SECURITIES PVT LTD,Online Securities Pvt. Ltd.,2026-04-13 11:09:27.243938,National Hydro Power Company Limited
2026041304000814,NHPC,64,57,400,316.0,126400.0,2026-04-13,186094203,152,SUN SECURITIES PVT LTD,Aryatara Investment & Securities,2026-04-13 11:09:27.244000,National Hydro Power Company Limited
2026041304000815,NHPC,64,81,100,316.0,31600.0,2026-04-13,186094205,152,SUN SECURITIES PVT LTD,Aakashbhairab Securities Ltd.,2026-04-13 11:09:27.244077,National Hydro Power Company Limited
2026041304000816,NHPC,64,58,10,316.0,3160.0,2026-04-13,186094207,152,SUN SECURITIES PVT LTD,Naasa Securities Co. Ltd.,2026-04-13 11:09:27.244132,National Hydro Power Company Limited
2026041304000817,NHPC,64,53,200,316.0,63200.0,2026-04-13,186094209,152,SUN SECURITIES PVT LTD,Investment Management Nepal Pvt. Ltd.,2026-04-13 11:09:27.244195,National Hydro Power Company Limited
2026041304000818,NHPC,64,7,640,316.0,202240.0,2026-04-13,186094211,152,SUN SECURITIES PVT LTD,J.F. Securites (PVT) Ltd.,2026-04-13 11:09:27.244254,National Hydro Power Company Limited
2026041304000819,NHPC,64,90,1800,316.0,568800.0,2026-04-13,186094213,152,SUN SECURITIES PVT LTD,Sajilo Broker Limited,2026-04-13 11:09:27.244333,National Hydro Power Company Limited
2026041304000820,NHPC,64,58,200,316.0,63200.0,2026-04-13,186094215,152,SUN SECURITIES PVT LTD,Naasa Securities Co. Ltd.,2026-04-13 11:09:27.244401,National Hydro Power Company Limited
2026041304000821,NHPC,64,52,100,316.0,31600.0,2026-04-13,186094217,152,SUN SECURITIES PVT LTD,Sundhara Securities Limited,2026-04-13 11:09:27.244465,National Hydro Power Company Limited
2026041304000822,NHPC,64,59,100,316.0,31600.0,2026-04-13,186094219,152,SUN SECURITIES PVT LTD,Deevyaa Securities & Stock House Pvt. Ltd,2026-04-13 11:09:27.244526,National Hydro Power Company Limited
2026041304000823,NHPC,64,45,30,316.0,9480.0,2026-04-13,186094221,152,SUN SECURITIES PVT LTD,Imperial Securities Company Pvt. Ltd.,2026-04-13 11:09:27.244587,National Hydro Power Company Limited
2026041304000824,NHPC,64,53,750,316.0,237000.0,2026-04-13,186094223,152,SUN SECURITIES PVT LTD,Investment Management Nepal Pvt. Ltd.,2026-04-13 11:09:27.244646,National Hydro Power Company Limited
2026041304000825,NHPC,64,74,404,316.0,127664.0,2026-04-13,186094226,152,SUN SECURITIES PVT LTD,KALASH STOCK MARKET PVT. LTD.,2026-04-13 11:09:27.244705,National Hydro Power Company Limited
2026041304000826,NHPC,61,74,96,316.0,30336.0,2026-04-13,186094237,152,BHOLE GANESH SECURITIES LTD,KALASH STOCK MARKET PVT. LTD.,2026-04-13 11:09:27.603628,National Hydro Power Company Limited
2026041304000827,NHPC,61,74,304,316.0,96064.0,2026-04-13,186094240,152,BHOLE GANESH SECURITIES LTD,KALASH STOCK MARKET PVT. LTD.,2026-04-13 11:09:27.603887,National Hydro Power Company Limited
2026041304000828,NHPC,38,95,100,315.1,31510.0,2026-04-13,186094249,152,Dipshikha Dhitopatra Karobar Co. Pvt Ltd.,Magnet Securities and Investment Company Private Limited,2026-04-13 11:09:28.323765,National Hydro Power Company Limited
2026041304000836,NHPC,64,74,196,316.0,61936.0,2026-04-13,186094351,152,SUN SECURITIES PVT LTD,KALASH STOCK MARKET PVT. LTD.,2026-04-13 11:09:34.791711,National Hydro Power Company Limited
2026041304000837,NHPC,64,42,100,316.0,31600.0,2026-04-13,186094353,152,SUN SECURITIES PVT LTD,Sani Securities Company Ltd.,2026-04-13 11:09:34.791741,National Hydro Power Company Limited
2026041304000838,NHPC,64,16,895,316.5,283267.5,2026-04-13,186094355,152,SUN SECURITIES PVT LTD,Primo Securities (PVT) Ltd.,2026-04-13 11:09:34.791775,National Hydro Power Company Limited
2026041304000839,NHPC,64,25,100,316.5,31650.0,2026-04-13,186094357,152,SUN SECURITIES PVT LTD,Sweta Securities Private Limited,2026-04-13 11:09:34.791801,National Hydro Power Company Limited
2026041304000840,NHPC,64,16,1000,316.6,316600.0,2026-04-13,186094359,152,SUN SECURITIES PVT LTD,Primo Securities (PVT) Ltd.,2026-04-13 11:09:34.791826,National Hydro Power Company Limited
2026041304000841,NHPC,64,35,500,316.7,158350.0,2026-04-13,186094361,152,SUN SECURITIES PVT LTD,Kohinoor Investment & Securities Pvt. Ltd.,2026-04-13 11:09:34.791871,National Hydro Power Company Limited
2026041304000842,NHPC,64,40,100,316.7,31670.0,2026-04-13,186094363,152,SUN SECURITIES PVT LTD,Creative Securities Pvt Ltd,2026-04-13 11:09:34.791898,National Hydro Power Company Limited
2026041304000843,NHPC,64,74,3000,316.7,950100.0,2026-04-13,186094365,152,SUN SECURITIES PVT LTD,KALASH STOCK MARKET PVT. LTD.,2026-04-13 11:09:34.791922,National Hydro Power Company Limited
2026041304000844,NHPC,64,21,1169,316.7,370222.3,2026-04-13,186094367,152,SUN SECURITIES PVT LTD,Midas Stock Broking Company Private Limited,2026-04-13 11:09:34.791946,National Hydro Power Company Limited
2026041304000845,NHPC,64,51,10,316.7,3167.0,2026-04-13,186094369,152,SUN SECURITIES PVT LTD,Oxford Securities Pvt. Ltd.,2026-04-13 11:09:34.791968,National Hydro Power Company Limited
2026041304000846,NHPC,64,45,50,316.7,15835.0,2026-04-13,186094371,152,SUN SECURITIES PVT LTD,Imperial Securities Company Pvt. Ltd.,2026-04-13 11:09:34.791991,National Hydro Power Company Limited
2026041304000847,NHPC,64,65,2880,316.7,912096.0,2026-04-13,186094374,152,SUN SECURITIES PVT LTD,Sharepro Securities Private Limited,2026-04-13 11:09:34.792012,National Hydro Power Company Limited
2026041304000850,NHPC,58,59,100,316.0,31600.0,2026-04-13,186094397,152,Naasa Securities Co. Ltd.,Deevyaa Securities & Stock House Pvt. Ltd,2026-04-13 11:09:36.295078,National Hydro Power Company Limited
2026041304000862,NHPC,58,56,100,316.0,31600.0,2026-04-13,186094579,152,Naasa Securities Co. Ltd.,Sri Hari Securities Pvt. Ltd.,2026-04-13 11:09:44.575690,National Hydro Power Company Limited
2026041304000863,NHPC,64,65,272,316.7,86142.4,2026-04-13,186094587,152,SUN SECURITIES PVT LTD,Sharepro Securities Private Limited,2026-04-13 11:09:44.927263,National Hydro Power Company Limited
2026041304000864,NHPC,64,62,50,317.0,15850.0,2026-04-13,186094589,152,SUN SECURITIES PVT LTD,Capital Max Securities Ltd,2026-04-13 11:09:44.927333,National Hydro Power Company Limited
2026041304000865,NHPC,64,57,100,317.0,31700.0,2026-04-13,186094591,152,SUN SECURITIES PVT LTD,Aryatara Investment & Securities,2026-04-13 11:09:44.927362,National Hydro Power Company Limited
2026041304000866,NHPC,64,59,100,317.0,31700.0,2026-04-13,186094593,152,SUN SECURITIES PVT LTD,Deevyaa Securities & Stock House Pvt. Ltd,2026-04-13 11:09:44.927387,National Hydro Power Company Limited
2026041304000867,NHPC,64,74,500,317.0,158500.0,2026-04-13,186094595,152,SUN SECURITIES PVT LTD,KALASH STOCK MARKET PVT. LTD.,2026-04-13 11:09:44.927411,National Hydro Power Company Limited
2026041304000868,NHPC,64,28,100,318.0,31800.0,2026-04-13,186094597,152,SUN SECURITIES PVT LTD,Shree Krishna Securities Ltd.,2026-04-13 11:09:44.927448,National Hydro Power Company Limited
2026041304000869,NHPC,64,62,50,318.0,15900.0,2026-04-13,186094599,152,SUN SECURITIES PVT LTD,Capital Max Securities Ltd,2026-04-13 11:09:44.927471,National Hydro Power Company Limited
2026041304000870,NHPC,64,52,356,318.0,113208.0,2026-04-13,186094601,152,SUN SECURITIES PVT LTD,Sundhara Securities Limited,2026-04-13 11:09:44.927496,National Hydro Power Company Limited
2026041304000871,NHPC,64,49,200,318.0,63600.0,2026-04-13,186094603,152,SUN SECURITIES PVT LTD,Online Securities Pvt. Ltd.,2026-04-13 11:09:44.927518,National Hydro Power Company Limited
2026041304000872,NHPC,64,50,500,318.0,159000.0,2026-04-13,186094605,152,SUN SECURITIES PVT LTD,Cristal Kanchanjanga Securites Pvt. Ltd.,2026-04-13 11:09:44.927541,National Hydro Power Company Limited
2026041304000873,NHPC,64,40,50,318.0,15900.0,2026-04-13,186094607,152,SUN SECURITIES PVT LTD,Creative Securities Pvt Ltd,2026-04-13 11:09:44.927564,National Hydro Power Company Limited
2026041304000874,NHPC,64,34,300,318.0,95400.0,2026-04-13,186094609,152,SUN SECURITIES PVT LTD,Vision Securities Pvt. Ltd,2026-04-13 11:09:44.927586,National Hydro Power Company Limited
2026041304000875,NHPC,64,34,1000,318.0,318000.0,2026-04-13,186094611,152,SUN SECURITIES PVT LTD,Vision Securities Pvt. Ltd,2026-04-13 11:09:44.927609,National Hydro Power Company Limited
2026041304000876,NHPC,64,14,200,318.0,63600.0,2026-04-13,186094613,152,SUN SECURITIES PVT LTD,Nepal Stock House (PVT) Ltd.,2026-04-13 11:09:44.927633,National Hydro Power Company Limited
2026041304000877,NHPC,64,34,200,318.0,63600.0,2026-04-13,186094615,152,SUN SECURITIES PVT LTD,Vision Securities Pvt. Ltd,2026-04-13 11:09:44.927654,National Hydro Power Company Limited
2026041304000878,NHPC,64,63,700,318.0,222600.0,2026-04-13,186094617,152,SUN SECURITIES PVT LTD,Himalayan Brokerage Company Limited,2026-04-13 11:09:44.927676,National Hydro Power Company Limited
2026041304000879,NHPC,64,4,500,318.0,159000.0,2026-04-13,186094619,152,SUN SECURITIES PVT LTD,Opal Securities Investment (PVT) Ltd.,2026-04-13 11:09:44.927698,National Hydro Power Company Limited
2026041304000880,NHPC,64,51,100,318.0,31800.0,2026-04-13,186094621,152,SUN SECURITIES PVT LTD,Oxford Securities Pvt. Ltd.,2026-04-13 11:09:44.927722,National Hydro Power Company Limited
2026041304000881,NHPC,64,45,180,318.0,57240.0,2026-04-13,186094623,152,SUN SECURITIES PVT LTD,Imperial Securities Company Pvt. Ltd.,2026-04-13 11:09:44.927744,National Hydro Power Company Limited
2026041304000882,NHPC,64,36,500,318.0,159000.0,2026-04-13,186094625,152,SUN SECURITIES PVT LTD,Secured Securities Ltd.,2026-04-13 11:09:44.927766,National Hydro Power Company Limited
2026041304000883,NHPC,64,28,702,318.0,223236.0,2026-04-13,186094627,152,SUN SECURITIES PVT LTD,Shree Krishna Securities Ltd.,2026-04-13 11:09:44.927787,National Hydro Power Company Limited
2026041304000884,NHPC,64,75,5300,318.0,1685400.0,2026-04-13,186094629,152,SUN SECURITIES PVT LTD,N.I.M.B. Stock Markets Limited,2026-04-13 11:09:44.927812,National Hydro Power Company Limited
2026041304000885,NHPC,64,41,500,318.0,159000.0,2026-04-13,186094631,152,SUN SECURITIES PVT LTD,Linch Stock Market Ltd.,2026-04-13 11:09:44.927835,National Hydro Power Company Limited
2026041304000886,NHPC,64,91,500,318.0,159000.0,2026-04-13,186094633,152,SUN SECURITIES PVT LTD,Citizens Share Broker Limited,2026-04-13 11:09:44.927859,National Hydro Power Company Limited
2026041304000887,NHPC,64,42,400,318.0,127200.0,2026-04-13,186094635,152,SUN SECURITIES PVT LTD,Sani Securities Company Ltd.,2026-04-13 11:09:44.927895,National Hydro Power Company Limited
2026041304000888,NHPC,64,62,30,318.0,9540.0,2026-04-13,186094637,152,SUN SECURITIES PVT LTD,Capital Max Securities Ltd,2026-04-13 11:09:44.927923,National Hydro Power Company Limited
2026041304000889,NHPC,64,34,100,318.0,31800.0,2026-04-13,186094639,152,SUN SECURITIES PVT LTD,Vision Securities Pvt. Ltd,2026-04-13 11:09:44.927948,National Hydro Power Company Limited
2026041304000890,NHPC,64,33,400,318.0,127200.0,2026-04-13,186094641,152,SUN SECURITIES PVT LTD,Dakshinkali Investment & Securities Pvt. Ltd.,2026-04-13 11:09:44.927969,National Hydro Power Company Limited
2026041304000891,NHPC,64,45,140,318.0,44520.0,2026-04-13,186094643,152,SUN SECURITIES PVT LTD,Imperial Securities Company Pvt. Ltd.,2026-04-13 11:09:44.927999,National Hydro Power Company Limited
2026041304000892,NHPC,64,75,145,318.0,46110.0,2026-04-13,186094645,152,SUN SECURITIES PVT LTD,N.I.M.B. Stock Markets Limited,2026-04-13 11:09:44.928033,National Hydro Power Company Limited
2026041304000893,NHPC,64,33,500,318.0,159000.0,2026-04-13,186094647,152,SUN SECURITIES PVT LTD,Dakshinkali Investment & Securities Pvt. Ltd.,2026-04-13 11:09:44.928064,National Hydro Power Company Limited
2026041304000894,NHPC,64,59,100,318.0,31800.0,2026-04-13,186094649,152,SUN SECURITIES PVT LTD,Deevyaa Securities & Stock House Pvt. Ltd,2026-04-13 11:09:44.928087,National Hydro Power Company Limited
2026041304000895,NHPC,64,21,225,318.2,71595.0,2026-04-13,186094652,152,SUN SECURITIES PVT LTD,Midas Stock Broking Company Private Limited,2026-04-13 11:09:44.928114,National Hydro Power Company Limited
2026041304000901,NHPC,58,51,100,316.0,31600.0,2026-04-13,186094785,152,Naasa Securities Co. Ltd.,Oxford Securities Pvt. Ltd.,2026-04-13 11:09:47.855207,National Hydro Power Company Limited
2026041304000918,NHPC,29,14,96,316.7,30403.2,2026-04-13,186094915,152,Trisul Securities & Invt. Ltd.,Nepal Stock House (PVT) Ltd.,2026-04-13 11:09:56.278226,National Hydro Power Company Limited
2026041304000919,NHPC,64,34,1000,317.9,317900.0,2026-04-13,186094935,152,SUN SECURITIES PVT LTD,Vision Securities Pvt. Ltd,2026-04-13 11:09:58.198827,National Hydro Power Company Limited
2026041304000920,NHPC,64,21,473,318.2,150508.6,2026-04-13,186094937,152,SUN SECURITIES PVT LTD,Midas Stock Broking Company Private Limited,2026-04-13 11:09:58.198874,National Hydro Power Company Limited
2026041304000921,NHPC,64,57,1000,318.2,318200.0,2026-04-13,186094939,152,SUN SECURITIES PVT LTD,Aryatara Investment & Securities,2026-04-13 11:09:58.198901,National Hydro Power Company Limited
2026041304000922,NHPC,64,57,27,318.2,8591.4,2026-04-13,186094942,152,SUN SECURITIES PVT LTD,Aryatara Investment & Securities,2026-04-13 11:09:58.198925,National Hydro Power Company Limited
2026041304000923,NHPC,29,20,1084,316.7,343302.8,2026-04-13,186094946,152,Trisul Securities & Invt. Ltd.,Sipla Securities Private Limited,2026-04-13 11:09:58.460099,National Hydro Power Company Limited
2026041304000924,NHPC,68,20,287,316.0,90692.0,2026-04-13,186094947,152,Elite Stock House Limited,Sipla Securities Private Limited,2026-04-13 11:09:58.460333,National Hydro Power Company Limited
2026041304000936,NHPC,81,58,1000,316.7,316700.0,2026-04-13,186095218,152,Aakashbhairab Securities Ltd.,Naasa Securities Co. Ltd.,2026-04-13 11:10:12.806647,National Hydro Power Company Limited
2026041304000961,NHPC,94,56,100,318.0,31800.0,2026-04-13,186095506,152,K.B.L. Securities Limited ,Sri Hari Securities Pvt. Ltd.,2026-04-13 11:10:28.191883,National Hydro Power Company Limited
2026041304000964,NHPC,71,80,50,316.2,15810.0,2026-04-13,186095520,152,SHUBHAKAMANA SECURITIES PVT. LTD,Indira securities pvt. ltd,2026-04-13 11:10:28.655591,National Hydro Power Company Limited
2026041304000965,NHPC,38,80,104,316.2,32884.8,2026-04-13,186095522,152,Dipshikha Dhitopatra Karobar Co. Pvt Ltd.,Indira securities pvt. ltd,2026-04-13 11:10:28.655663,National Hydro Power Company Limited
2026041304000966,NHPC,64,80,146,316.1,46150.6,2026-04-13,186095523,152,SUN SECURITIES PVT LTD,Indira securities pvt. ltd,2026-04-13 11:10:28.655691,National Hydro Power Company Limited
2026041304000987,NHPC,58,100,218,316.2,68931.6,2026-04-13,186096012,152,Naasa Securities Co. Ltd.,Sunrise Securities Limited,2026-04-13 11:10:47.041228,National Hydro Power Company Limited
2026041304000988,NHPC,64,100,4854,316.1,1534349.4,2026-04-13,186096014,152,SUN SECURITIES PVT LTD,Sunrise Securities Limited,2026-04-13 11:10:47.041744,National Hydro Power Company Limited
2026041304000989,NHPC,38,100,1296,316.1,409665.6,2026-04-13,186096016,152,Dipshikha Dhitopatra Karobar Co. Pvt Ltd.,Sunrise Securities Limited,2026-04-13 11:10:47.042109,National Hydro Power Company Limited
2026041304000990,NHPC,38,100,1500,316.0,474000.0,2026-04-13,186096018,152,Dipshikha Dhitopatra Karobar Co. Pvt Ltd.,Sunrise Securities Limited,2026-04-13 11:10:47.042466,National Hydro Power Company Limited
2026041304000991,NHPC,38,100,800,316.0,252800.0,2026-04-13,186096020,152,Dipshikha Dhitopatra Karobar Co. Pvt Ltd.,Sunrise Securities Limited,2026-04-13 11:10:47.042806,National Hydro Power Company Limited
2026041304001009,NHPC,35,100,400,316.0,126400.0,2026-04-13,186096124,152,Kohinoor Investment & Securities Pvt. Ltd.,Sunrise Securities Limited,2026-04-13 11:10:54.617260,National Hydro Power Company Limited
2026041304001011,NHPC,66,100,932,316.0,294512.0,2026-04-13,186096143,152,Miyo Securities Pvt Ltd,Sunrise Securities Limited,2026-04-13 11:10:56.346459,National Hydro Power Company Limited
2026041304001023,NHPC,58,96,1,316.0,316.0,2026-04-13,186096433,152,Naasa Securities Co. Ltd.,Himalayan Securities Limited,2026-04-13 11:11:13.590694,National Hydro Power Company Limited
2026041304001024,NHPC,94,52,60,318.0,19080.0,2026-04-13,186096438,152,K.B.L. Securities Limited ,Sundhara Securities Limited,2026-04-13 11:11:13.982537,National Hydro Power Company Limited
2026041304001033,NHPC,66,14,68,316.0,21488.0,2026-04-13,186096492,152,Miyo Securities Pvt Ltd,Nepal Stock House (PVT) Ltd.,2026-04-13 11:11:16.397635,National Hydro Power Company Limited
2026041304001034,NHPC,58,14,232,316.0,73312.0,2026-04-13,186096493,152,Naasa Securities Co. Ltd.,Nepal Stock House (PVT) Ltd.,2026-04-13 11:11:16.397924,National Hydro Power Company Limited
2026041304001037,NHPC,39,52,440,318.0,139920.0,2026-04-13,186096509,152,Sumeru Securities Pvt. Ltd.,Sundhara Securities Limited,2026-04-13 11:11:17.160064,National Hydro Power Company Limited
2026041304001038,NHPC,39,7,100,318.0,31800.0,2026-04-13,186096511,152,Sumeru Securities Pvt. Ltd.,J.F. Securites (PVT) Ltd.,2026-04-13 11:11:17.160407,National Hydro Power Company Limited
2026041304001039,NHPC,39,58,60,318.0,19080.0,2026-04-13,186096514,152,Sumeru Securities Pvt. Ltd.,Naasa Securities Co. Ltd.,2026-04-13 11:11:17.160534,National Hydro Power Company Limited
2026041304001054,NHPC,58,13,25,316.0,7900.0,2026-04-13,186096579,152,Naasa Securities Co. Ltd.,Thrive Brokerage House Pvt. Ltd,2026-04-13 11:11:20.951362,National Hydro Power Company Limited
2026041304001057,NHPC,58,81,1043,316.0,329588.0,2026-04-13,186096642,152,Naasa Securities Co. Ltd.,Aakashbhairab Securities Ltd.,2026-04-13 11:11:25.001724,National Hydro Power Company Limited
2026041304001059,NHPC,58,81,32,316.0,10112.0,2026-04-13,186096650,152,Naasa Securities Co. Ltd.,Aakashbhairab Securities Ltd.,2026-04-13 11:11:25.817435,National Hydro Power Company Limited
2026041304001060,NHPC,50,81,50,316.0,15800.0,2026-04-13,186096658,152,Cristal Kanchanjanga Securites Pvt. Ltd.,Aakashbhairab Securities Ltd.,2026-04-13 11:11:27.229303,National Hydro Power Company Limited
2026041304001074,NHPC,34,81,2000,316.0,632000.0,2026-04-13,186096990,152,Vision Securities Pvt. Ltd,Aakashbhairab Securities Ltd.,2026-04-13 11:11:39.406480,National Hydro Power Company Limited
2026041304001078,NHPC,85,81,1875,316.0,592500.0,2026-04-13,186097227,152,Capital Hub P. Ltd,Aakashbhairab Securities Ltd.,2026-04-13 11:11:42.202669,National Hydro Power Company Limited
2026041304001079,NHPC,85,13,20,316.0,6320.0,2026-04-13,186097229,152,Capital Hub P. Ltd,Thrive Brokerage House Pvt. Ltd,2026-04-13 11:11:42.203175,National Hydro Power Company Limited
2026041304001090,NHPC,62,7,200,316.1,63220.0,2026-04-13,186097703,152,Capital Max Securities Ltd,J.F. Securites (PVT) Ltd.,2026-04-13 11:12:07.761402,National Hydro Power Company Limited
2026041304001091,NHPC,85,39,1250,316.0,395000.0,2026-04-13,186097707,152,Capital Hub P. Ltd,Sumeru Securities Pvt. Ltd.,2026-04-13 11:12:07.977734,National Hydro Power Company Limited
2026041304001092,NHPC,64,74,240,317.0,76080.0,2026-04-13,186097716,152,SUN SECURITIES PVT LTD,KALASH STOCK MARKET PVT. LTD.,2026-04-13 11:12:08.260534,National Hydro Power Company Limited
2026041304001114,NHPC,28,74,100,317.0,31700.0,2026-04-13,186097980,152,Shree Krishna Securities Ltd.,KALASH STOCK MARKET PVT. LTD.,2026-04-13 11:12:22.926634,National Hydro Power Company Limited
2026041304001115,NHPC,52,20,1500,316.1,474150.0,2026-04-13,186098008,152,Sundhara Securities Limited,Sipla Securities Private Limited,2026-04-13 11:12:23.648674,National Hydro Power Company Limited
2026041304001116,NHPC,85,20,300,316.0,94800.0,2026-04-13,186098009,152,Capital Hub P. Ltd,Sipla Securities Private Limited,2026-04-13 11:12:23.648967,National Hydro Power Company Limited
2026041304001120,NHPC,16,74,160,317.0,50720.0,2026-04-13,186098047,152,Primo Securities (PVT) Ltd.,KALASH STOCK MARKET PVT. LTD.,2026-04-13 11:12:26.051846,National Hydro Power Company Limited
2026041304001146,NHPC,16,4,50,317.0,15850.0,2026-04-13,186098485,152,Primo Securities (PVT) Ltd.,Opal Securities Investment (PVT) Ltd.,2026-04-13 11:12:47.230476,National Hydro Power Company Limited
2026041304001151,NHPC,58,58,400,318.0,127200.0,2026-04-13,186098529,152,Naasa Securities Co. Ltd.,Naasa Securities Co. Ltd.,2026-04-13 11:12:50.116745,National Hydro Power Company Limited
2026041304001152,NHPC,58,41,10,318.0,3180.0,2026-04-13,186098531,152,Naasa Securities Co. Ltd.,Linch Stock Market Ltd.,2026-04-13 11:12:50.117344,National Hydro Power Company Limited
2026041304001153,NHPC,58,52,90,318.0,28620.0,2026-04-13,186098534,152,Naasa Securities Co. Ltd.,Sundhara Securities Limited,2026-04-13 11:12:50.117774,National Hydro Power Company Limited
2026041304001156,NHPC,42,52,10,318.0,3180.0,2026-04-13,186098589,152,Sani Securities Company Ltd.,Sundhara Securities Limited,2026-04-13 11:12:53.514561,National Hydro Power Company Limited
2026041304001157,NHPC,42,66,100,318.0,31800.0,2026-04-13,186098591,152,Sani Securities Company Ltd.,Miyo Securities Pvt Ltd,2026-04-13 11:12:53.514887,National Hydro Power Company Limited
2026041304001158,NHPC,42,45,340,318.0,108120.0,2026-04-13,186098594,152,Sani Securities Company Ltd.,Imperial Securities Company Pvt. Ltd.,2026-04-13 11:12:53.515049,National Hydro Power Company Limited
2026041304001167,NHPC,16,21,105,317.0,33285.0,2026-04-13,186098726,152,Primo Securities (PVT) Ltd.,Midas Stock Broking Company Private Limited,2026-04-13 11:13:00.871603,National Hydro Power Company Limited
2026041304001186,NHPC,57,21,195,317.0,61815.0,2026-04-13,186098937,152,Aryatara Investment & Securities,Midas Stock Broking Company Private Limited,2026-04-13 11:13:12.400657,National Hydro Power Company Limited
2026041304001187,NHPC,57,44,135,317.0,42795.0,2026-04-13,186098939,152,Aryatara Investment & Securities,Dynamic Money Managers Securities Pvt. Ltd.,2026-04-13 11:13:12.400735,National Hydro Power Company Limited
2026041304001188,NHPC,57,45,160,318.0,50880.0,2026-04-13,186098941,152,Aryatara Investment & Securities,Imperial Securities Company Pvt. Ltd.,2026-04-13 11:13:12.400763,National Hydro Power Company Limited
2026041304001189,NHPC,57,57,25,318.0,7950.0,2026-04-13,186098943,152,Aryatara Investment & Securities,Aryatara Investment & Securities,2026-04-13 11:13:12.400788,National Hydro Power Company Limited
2026041304001190,NHPC,57,88,250,318.0,79500.0,2026-04-13,186098945,152,Aryatara Investment & Securities,Blue Chip Securities Ltd,2026-04-13 11:13:12.400812,National Hydro Power Company Limited
2026041304001191,NHPC,57,35,20,318.0,6360.0,2026-04-13,186098947,152,Aryatara Investment & Securities,Kohinoor Investment & Securities Pvt. Ltd.,2026-04-13 11:13:12.400836,National Hydro Power Company Limited
2026041304001192,NHPC,57,54,50,318.0,15900.0,2026-04-13,186098949,152,Aryatara Investment & Securities,Sewa Securities Pvt. Ltd.,2026-04-13 11:13:12.400861,National Hydro Power Company Limited
2026041304001193,NHPC,57,29,100,318.1,31810.0,2026-04-13,186098951,152,Aryatara Investment & Securities,Trisul Securities & Invt. Ltd.,2026-04-13 11:13:12.400889,National Hydro Power Company Limited
2026041304001194,NHPC,57,57,123,318.2,39138.6,2026-04-13,186098953,152,Aryatara Investment & Securities,Aryatara Investment & Securities,2026-04-13 11:13:12.400920,National Hydro Power Company Limited
2026041304001195,NHPC,57,58,103,318.3,32784.9,2026-04-13,186098955,152,Aryatara Investment & Securities,Naasa Securities Co. Ltd.,2026-04-13 11:13:12.400947,National Hydro Power Company Limited
2026041304001196,NHPC,57,52,250,318.3,79575.0,2026-04-13,186098957,152,Aryatara Investment & Securities,Sundhara Securities Limited,2026-04-13 11:13:12.400973,National Hydro Power Company Limited
2026041304001197,NHPC,57,58,30,318.3,9549.0,2026-04-13,186098959,152,Aryatara Investment & Securities,Naasa Securities Co. Ltd.,2026-04-13 11:13:12.400997,National Hydro Power Company Limited
2026041304001198,NHPC,57,47,200,318.3,63660.0,2026-04-13,186098961,152,Aryatara Investment & Securities,Neev Securities Pvt. Ltd.,2026-04-13 11:13:12.401020,National Hydro Power Company Limited
2026041304001199,NHPC,57,58,500,318.4,159200.0,2026-04-13,186098963,152,Aryatara Investment & Securities,Naasa Securities Co. Ltd.,2026-04-13 11:13:12.401046,National Hydro Power Company Limited
2026041304001200,NHPC,57,8,359,318.4,114305.6,2026-04-13,186098966,152,Aryatara Investment & Securities,Brilliant Securities Pvt. Ltd.,2026-04-13 11:13:12.401072,National Hydro Power Company Limited
2026041304001211,NHPC,58,13,50,317.9,15895.0,2026-04-13,186099198,152,Naasa Securities Co. Ltd.,Thrive Brokerage House Pvt. Ltd,2026-04-13 11:13:25.591003,National Hydro Power Company Limited
2026041304001237,NHPC,68,58,30,317.0,9510.0,2026-04-13,186099609,152,Elite Stock House Limited,Naasa Securities Co. Ltd.,2026-04-13 11:13:59.504820,National Hydro Power Company Limited
2026041304001239,NHPC,68,32,250,317.0,79250.0,2026-04-13,186099663,152,Elite Stock House Limited,Premier Securities Company Ltd.,2026-04-13 11:14:04.187553,National Hydro Power Company Limited
2026041304001245,NHPC,34,57,50,317.8,15890.0,2026-04-13,186099704,152,Vision Securities Pvt. Ltd,Aryatara Investment & Securities,2026-04-13 11:14:07.400304,National Hydro Power Company Limited
2026041304001247,NHPC,68,35,120,317.0,38040.0,2026-04-13,186099764,152,Elite Stock House Limited,Kohinoor Investment & Securities Pvt. Ltd.,2026-04-13 11:14:09.452344,National Hydro Power Company Limited
2026041304001251,NHPC,64,35,380,317.0,120460.0,2026-04-13,186099821,152,SUN SECURITIES PVT LTD,Kohinoor Investment & Securities Pvt. Ltd.,2026-04-13 11:14:13.314215,National Hydro Power Company Limited
2026041304001252,NHPC,64,54,900,317.0,285300.0,2026-04-13,186099823,152,SUN SECURITIES PVT LTD,Sewa Securities Pvt. Ltd.,2026-04-13 11:14:13.314348,National Hydro Power Company Limited
2026041304001253,NHPC,64,57,100,317.8,31780.0,2026-04-13,186099825,152,SUN SECURITIES PVT LTD,Aryatara Investment & Securities,2026-04-13 11:14:13.314430,National Hydro Power Company Limited
2026041304001254,NHPC,64,42,714,317.8,226909.2,2026-04-13,186099827,152,SUN SECURITIES PVT LTD,Sani Securities Company Ltd.,2026-04-13 11:14:13.314508,National Hydro Power Company Limited
2026041304001255,NHPC,64,13,150,317.9,47685.0,2026-04-13,186099829,152,SUN SECURITIES PVT LTD,Thrive Brokerage House Pvt. Ltd,2026-04-13 11:14:13.314575,National Hydro Power Company Limited
2026041304001256,NHPC,64,58,50,317.9,15895.0,2026-04-13,186099831,152,SUN SECURITIES PVT LTD,Naasa Securities Co. Ltd.,2026-04-13 11:14:13.314651,National Hydro Power Company Limited
2026041304001257,NHPC,64,74,500,318.0,159000.0,2026-04-13,186099833,152,SUN SECURITIES PVT LTD,KALASH STOCK MARKET PVT. LTD.,2026-04-13 11:14:13.314726,National Hydro Power Company Limited
2026041304001258,NHPC,64,7,500,318.0,159000.0,2026-04-13,186099835,152,SUN SECURITIES PVT LTD,J.F. Securites (PVT) Ltd.,2026-04-13 11:14:13.314803,National Hydro Power Company Limited
2026041304001259,NHPC,64,98,1500,318.0,477000.0,2026-04-13,186099837,152,SUN SECURITIES PVT LTD,Trademow Securities Private Limited,2026-04-13 11:14:13.314876,National Hydro Power Company Limited
2026041304001260,NHPC,64,39,500,318.0,159000.0,2026-04-13,186099839,152,SUN SECURITIES PVT LTD,Sumeru Securities Pvt. Ltd.,2026-04-13 11:14:13.314945,National Hydro Power Company Limited
2026041304001261,NHPC,64,58,1090,318.0,346620.0,2026-04-13,186099841,152,SUN SECURITIES PVT LTD,Naasa Securities Co. Ltd.,2026-04-13 11:14:13.315014,National Hydro Power Company Limited
2026041304001262,NHPC,64,45,2616,318.0,831888.0,2026-04-13,186099844,152,SUN SECURITIES PVT LTD,Imperial Securities Company Pvt. Ltd.,2026-04-13 11:14:13.315114,National Hydro Power Company Limited
2026041304001292,NHPC,4,33,10,317.5,3175.0,2026-04-13,186100310,152,Opal Securities Investment (PVT) Ltd.,Dakshinkali Investment & Securities Pvt. Ltd.,2026-04-13 11:14:42.169441,National Hydro Power Company Limited
2026041304001293,NHPC,47,33,490,317.5,155575.0,2026-04-13,186100335,152,Neev Securities Pvt. Ltd.,Dakshinkali Investment & Securities Pvt. Ltd.,2026-04-13 11:14:43.843459,National Hydro Power Company Limited
2026041304001294,NHPC,47,29,250,317.8,79450.0,2026-04-13,186100347,152,Neev Securities Pvt. Ltd.,Trisul Securities & Invt. Ltd.,2026-04-13 11:14:45.276239,National Hydro Power Company Limited
2026041304001306,NHPC,47,14,100,317.8,31780.0,2026-04-13,186100565,152,Neev Securities Pvt. Ltd.,Nepal Stock House (PVT) Ltd.,2026-04-13 11:14:53.319854,National Hydro Power Company Limited
2026041304001308,NHPC,47,3,60,317.8,19068.0,2026-04-13,186100632,152,Neev Securities Pvt. Ltd.,Arun Securities (PVT) Ltd.,2026-04-13 11:14:54.219205,National Hydro Power Company Limited
2026041304001309,NHPC,91,3,63,317.0,19971.0,2026-04-13,186100634,152,Citizens Share Broker Limited,Arun Securities (PVT) Ltd.,2026-04-13 11:14:54.219584,National Hydro Power Company Limited
2026041304001310,NHPC,62,3,27,317.0,8559.0,2026-04-13,186100635,152,Capital Max Securities Ltd,Arun Securities (PVT) Ltd.,2026-04-13 11:14:54.219750,National Hydro Power Company Limited
2026041304001333,NHPC,62,58,473,317.0,149941.0,2026-04-13,186100792,152,Capital Max Securities Ltd,Naasa Securities Co. Ltd.,2026-04-13 11:15:06.602408,National Hydro Power Company Limited
2026041304001357,NHPC,49,32,30,316.5,9495.0,2026-04-13,186101118,152,Online Securities Pvt. Ltd.,Premier Securities Company Ltd.,2026-04-13 11:15:27.627767,National Hydro Power Company Limited
2026041304001360,NHPC,64,32,220,316.5,69630.0,2026-04-13,186101206,152,SUN SECURITIES PVT LTD,Premier Securities Company Ltd.,2026-04-13 11:15:32.200225,National Hydro Power Company Limited
2026041304001361,NHPC,64,43,50,316.9,15845.0,2026-04-13,186101208,152,SUN SECURITIES PVT LTD,South Asian Bulls Pvt. Ltd.,2026-04-13 11:15:32.200962,National Hydro Power Company Limited
2026041304001362,NHPC,64,58,27,317.0,8559.0,2026-04-13,186101210,152,SUN SECURITIES PVT LTD,Naasa Securities Co. Ltd.,2026-04-13 11:15:32.201585,National Hydro Power Company Limited
2026041304001363,NHPC,64,71,125,317.0,39625.0,2026-04-13,186101212,152,SUN SECURITIES PVT LTD,SHUBHAKAMANA SECURITIES PVT. LTD,2026-04-13 11:15:32.202112,National Hydro Power Company Limited
2026041304001364,NHPC,64,17,500,317.0,158500.0,2026-04-13,186101214,152,SUN SECURITIES PVT LTD,ABC Securities Private Limited,2026-04-13 11:15:32.202649,National Hydro Power Company Limited
2026041304001365,NHPC,64,59,60,317.7,19062.0,2026-04-13,186101216,152,SUN SECURITIES PVT LTD,Deevyaa Securities & Stock House Pvt. Ltd,2026-04-13 11:15:32.203174,National Hydro Power Company Limited
2026041304001366,NHPC,64,19,100,317.9,31790.0,2026-04-13,186101158,152,SUN SECURITIES PVT LTD,Nepal Investment And Securities Trading Private Limited,2026-04-13 11:15:32.203705,National Hydro Power Company Limited
2026041304001367,NHPC,64,54,900,317.9,286110.0,2026-04-13,186101160,152,SUN SECURITIES PVT LTD,Sewa Securities Pvt. Ltd.,2026-04-13 11:15:32.204219,National Hydro Power Company Limited
2026041304001368,NHPC,64,17,1000,317.9,317900.0,2026-04-13,186101162,152,SUN SECURITIES PVT LTD,ABC Securities Private Limited,2026-04-13 11:15:32.204739,National Hydro Power Company Limited
2026041304001369,NHPC,64,45,2084,318.0,662712.0,2026-04-13,186101164,152,SUN SECURITIES PVT LTD,Imperial Securities Company Pvt. Ltd.,2026-04-13 11:15:32.205246,National Hydro Power Company Limited
2026041304001370,NHPC,64,26,10,318.0,3180.0,2026-04-13,186101166,152,SUN SECURITIES PVT LTD,Asian Securities Private Ltd.,2026-04-13 11:15:32.205758,National Hydro Power Company Limited
2026041304001371,NHPC,64,42,25,318.0,7950.0,2026-04-13,186101168,152,SUN SECURITIES PVT LTD,Sani Securities Company Ltd.,2026-04-13 11:15:32.206066,National Hydro Power Company Limited
2026041304001372,NHPC,64,42,899,318.0,285882.0,2026-04-13,186101171,152,SUN SECURITIES PVT LTD,Sani Securities Company Ltd.,2026-04-13 11:15:32.206234,National Hydro Power Company Limited
2026041304001374,NHPC,64,42,80,318.0,25440.0,2026-04-13,186101244,152,SUN SECURITIES PVT LTD,Sani Securities Company Ltd.,2026-04-13 11:15:34.534376,National Hydro Power Company Limited
2026041304001377,NHPC,51,42,15,317.0,4755.0,2026-04-13,186101260,152,Oxford Securities Pvt. Ltd.,Sani Securities Company Ltd.,2026-04-13 11:15:35.498799,National Hydro Power Company Limited
2026041304001378,NHPC,42,42,260,316.4,82264.0,2026-04-13,186101262,152,Sani Securities Company Ltd.,Sani Securities Company Ltd.,2026-04-13 11:15:35.498855,National Hydro Power Company Limited
2026041304001379,NHPC,64,42,1225,316.4,387590.0,2026-04-13,186101263,152,SUN SECURITIES PVT LTD,Sani Securities Company Ltd.,2026-04-13 11:15:35.498892,National Hydro Power Company Limited
2026041304001383,NHPC,45,58,315,317.0,99855.0,2026-04-13,186101338,152,Imperial Securities Company Pvt. Ltd.,Naasa Securities Co. Ltd.,2026-04-13 11:15:40.540801,National Hydro Power Company Limited
2026041304001387,NHPC,75,58,45,317.0,14265.0,2026-04-13,186101380,152,N.I.M.B. Stock Markets Limited,Naasa Securities Co. Ltd.,2026-04-13 11:15:43.533144,National Hydro Power Company Limited
2026041304001407,NHPC,22,95,50,316.5,15825.0,2026-04-13,186101517,152,Siprabi Securities Pvt. Ltd.,Magnet Securities and Investment Company Private Limited,2026-04-13 11:15:52.413287,National Hydro Power Company Limited
2026041304001413,NHPC,64,41,500,316.4,158200.0,2026-04-13,186101603,152,SUN SECURITIES PVT LTD,Linch Stock Market Ltd.,2026-04-13 11:15:57.275111,National Hydro Power Company Limited
2026041304001418,NHPC,58,58,30,316.5,9495.0,2026-04-13,186101669,152,Naasa Securities Co. Ltd.,Naasa Securities Co. Ltd.,2026-04-13 11:16:01.034090,National Hydro Power Company Limited
2026041304001421,NHPC,39,58,500,317.0,158500.0,2026-04-13,186101736,152,Sumeru Securities Pvt. Ltd.,Naasa Securities Co. Ltd.,2026-04-13 11:16:04.338862,National Hydro Power Company Limited
2026041304001429,NHPC,62,58,140,317.0,44380.0,2026-04-13,186101964,152,Capital Max Securities Ltd,Naasa Securities Co. Ltd.,2026-04-13 11:16:14.253438,National Hydro Power Company Limited
2026041304001430,NHPC,62,4,900,317.0,285300.0,2026-04-13,186101968,152,Capital Max Securities Ltd,Opal Securities Investment (PVT) Ltd.,2026-04-13 11:16:14.253838,National Hydro Power Company Limited
2026041304001431,NHPC,62,49,360,317.0,114120.0,2026-04-13,186101973,152,Capital Max Securities Ltd,Online Securities Pvt. Ltd.,2026-04-13 11:16:14.254096,National Hydro Power Company Limited
2026041304001443,NHPC,47,49,173,317.0,54841.0,2026-04-13,186102047,152,Neev Securities Pvt. Ltd.,Online Securities Pvt. Ltd.,2026-04-13 11:16:19.494035,National Hydro Power Company Limited
2026041304001444,NHPC,47,51,200,317.0,63400.0,2026-04-13,186102049,152,Neev Securities Pvt. Ltd.,Oxford Securities Pvt. Ltd.,2026-04-13 11:16:19.494426,National Hydro Power Company Limited
2026041304001445,NHPC,47,57,70,317.0,22190.0,2026-04-13,186102051,152,Neev Securities Pvt. Ltd.,Aryatara Investment & Securities,2026-04-13 11:16:19.494619,National Hydro Power Company Limited
2026041304001448,NHPC,39,14,200,317.8,63560.0,2026-04-13,186102145,152,Sumeru Securities Pvt. Ltd.,Nepal Stock House (PVT) Ltd.,2026-04-13 11:16:28.191796,National Hydro Power Company Limited
2026041304001449,NHPC,39,57,150,317.8,47670.0,2026-04-13,186102147,152,Sumeru Securities Pvt. Ltd.,Aryatara Investment & Securities,2026-04-13 11:16:28.192197,National Hydro Power Company Limited
2026041304001459,NHPC,26,42,34,318.0,10812.0,2026-04-13,186102247,152,Asian Securities Private Ltd.,Sani Securities Company Ltd.,2026-04-13 11:16:34.942829,National Hydro Power Company Limited
2026041304001460,NHPC,26,52,200,318.0,63600.0,2026-04-13,186102249,152,Asian Securities Private Ltd.,Sundhara Securities Limited,2026-04-13 11:16:34.943230,National Hydro Power Company Limited
2026041304001461,NHPC,26,58,10,318.0,3180.0,2026-04-13,186102251,152,Asian Securities Private Ltd.,Naasa Securities Co. Ltd.,2026-04-13 11:16:34.943455,National Hydro Power Company Limited
2026041304001462,NHPC,26,58,1100,318.0,349800.0,2026-04-13,186102253,152,Asian Securities Private Ltd.,Naasa Securities Co. Ltd.,2026-04-13 11:16:34.943656,National Hydro Power Company Limited
2026041304001463,NHPC,26,28,100,318.0,31800.0,2026-04-13,186102255,152,Asian Securities Private Ltd.,Shree Krishna Securities Ltd.,2026-04-13 11:16:34.943859,National Hydro Power Company Limited
2026041304001464,NHPC,26,34,2500,318.0,795000.0,2026-04-13,186102257,152,Asian Securities Private Ltd.,Vision Securities Pvt. Ltd,2026-04-13 11:16:34.944058,National Hydro Power Company Limited
2026041304001465,NHPC,26,58,145,318.0,46110.0,2026-04-13,186102259,152,Asian Securities Private Ltd.,Naasa Securities Co. Ltd.,2026-04-13 11:16:34.944272,National Hydro Power Company Limited
2026041304001466,NHPC,26,3,50,318.0,15900.0,2026-04-13,186102261,152,Asian Securities Private Ltd.,Arun Securities (PVT) Ltd.,2026-04-13 11:16:34.944479,National Hydro Power Company Limited
2026041304001467,NHPC,26,14,500,318.0,159000.0,2026-04-13,186102263,152,Asian Securities Private Ltd.,Nepal Stock House (PVT) Ltd.,2026-04-13 11:16:34.944691,National Hydro Power Company Limited
2026041304001468,NHPC,26,58,280,318.0,89040.0,2026-04-13,186102265,152,Asian Securities Private Ltd.,Naasa Securities Co. Ltd.,2026-04-13 11:16:34.944887,National Hydro Power Company Limited
2026041304001474,NHPC,64,8,1641,318.4,522494.4,2026-04-13,186102315,152,SUN SECURITIES PVT LTD,Brilliant Securities Pvt. Ltd.,2026-04-13 11:16:38.688618,National Hydro Power Company Limited
2026041304001475,NHPC,64,58,100,318.4,31840.0,2026-04-13,186102317,152,SUN SECURITIES PVT LTD,Naasa Securities Co. Ltd.,2026-04-13 11:16:38.689445,National Hydro Power Company Limited
2026041304001476,NHPC,64,34,200,318.4,63680.0,2026-04-13,186102319,152,SUN SECURITIES PVT LTD,Vision Securities Pvt. Ltd,2026-04-13 11:16:38.690056,National Hydro Power Company Limited
2026041304001477,NHPC,64,25,50,318.9,15945.0,2026-04-13,186102321,152,SUN SECURITIES PVT LTD,Sweta Securities Private Limited,2026-04-13 11:16:38.690676,National Hydro Power Company Limited
2026041304001478,NHPC,64,14,500,318.9,159450.0,2026-04-13,186102323,152,SUN SECURITIES PVT LTD,Nepal Stock House (PVT) Ltd.,2026-04-13 11:16:38.691275,National Hydro Power Company Limited
2026041304001479,NHPC,64,58,1000,319.0,319000.0,2026-04-13,186102325,152,SUN SECURITIES PVT LTD,Naasa Securities Co. Ltd.,2026-04-13 11:16:38.691895,National Hydro Power Company Limited
2026041304001480,NHPC,64,80,100,319.0,31900.0,2026-04-13,186102327,152,SUN SECURITIES PVT LTD,Indira securities pvt. ltd,2026-04-13 11:16:38.692501,National Hydro Power Company Limited
2026041304001481,NHPC,64,14,1500,319.0,478500.0,2026-04-13,186102329,152,SUN SECURITIES PVT LTD,Nepal Stock House (PVT) Ltd.,2026-04-13 11:16:38.693099,National Hydro Power Company Limited
2026041304001482,NHPC,64,37,500,319.0,159500.0,2026-04-13,186102331,152,SUN SECURITIES PVT LTD,Swarna Laxmi Securities Pvt. Ltd.,2026-04-13 11:16:38.693710,National Hydro Power Company Limited
2026041304001483,NHPC,64,49,100,319.0,31900.0,2026-04-13,186102333,152,SUN SECURITIES PVT LTD,Online Securities Pvt. Ltd.,2026-04-13 11:16:38.694338,National Hydro Power Company Limited
2026041304001484,NHPC,64,43,100,319.0,31900.0,2026-04-13,186102335,152,SUN SECURITIES PVT LTD,South Asian Bulls Pvt. Ltd.,2026-04-13 11:16:38.694944,National Hydro Power Company Limited
2026041304001485,NHPC,64,39,1000,319.0,319000.0,2026-04-13,186102337,152,SUN SECURITIES PVT LTD,Sumeru Securities Pvt. Ltd.,2026-04-13 11:16:38.695547,National Hydro Power Company Limited
2026041304001486,NHPC,64,57,84,319.0,26796.0,2026-04-13,186102339,152,SUN SECURITIES PVT LTD,Aryatara Investment & Securities,2026-04-13 11:16:38.696138,National Hydro Power Company Limited
2026041304001487,NHPC,64,32,100,319.0,31900.0,2026-04-13,186102341,152,SUN SECURITIES PVT LTD,Premier Securities Company Ltd.,2026-04-13 11:16:38.696740,National Hydro Power Company Limited
2026041304001488,NHPC,64,59,100,319.0,31900.0,2026-04-13,186102343,152,SUN SECURITIES PVT LTD,Deevyaa Securities & Stock House Pvt. Ltd,2026-04-13 11:16:38.697288,National Hydro Power Company Limited
2026041304001489,NHPC,64,35,3000,319.0,957000.0,2026-04-13,186102345,152,SUN SECURITIES PVT LTD,Kohinoor Investment & Securities Pvt. Ltd.,2026-04-13 11:16:38.697488,National Hydro Power Company Limited
2026041304001490,NHPC,64,58,500,319.0,159500.0,2026-04-13,186102347,152,SUN SECURITIES PVT LTD,Naasa Securities Co. Ltd.,2026-04-13 11:16:38.697681,National Hydro Power Company Limited
2026041304001491,NHPC,64,67,500,319.0,159500.0,2026-04-13,186102349,152,SUN SECURITIES PVT LTD,Property Wiard Limited,2026-04-13 11:16:38.697875,National Hydro Power Company Limited
2026041304001492,NHPC,64,58,200,319.0,63800.0,2026-04-13,186102351,152,SUN SECURITIES PVT LTD,Naasa Securities Co. Ltd.,2026-04-13 11:16:38.698068,National Hydro Power Company Limited
2026041304001493,NHPC,64,46,100,319.0,31900.0,2026-04-13,186102353,152,SUN SECURITIES PVT LTD,Kalika Securities Pvt. Ltd.,2026-04-13 11:16:38.698263,National Hydro Power Company Limited
2026041304001494,NHPC,64,47,50,319.0,15950.0,2026-04-13,186102355,152,SUN SECURITIES PVT LTD,Neev Securities Pvt. Ltd.,2026-04-13 11:16:38.698459,National Hydro Power Company Limited
2026041304001503,NHPC,39,57,300,319.2,95760.0,2026-04-13,186102531,152,Sumeru Securities Pvt. Ltd.,Aryatara Investment & Securities,2026-04-13 11:16:51.726621,National Hydro Power Company Limited
2026041304001504,NHPC,39,10,200,319.2,63840.0,2026-04-13,186102534,152,Sumeru Securities Pvt. Ltd.,Pragyan Securities (PVT) Ltd.,2026-04-13 11:16:51.727444,National Hydro Power Company Limited
2026041304001508,NHPC,64,10,800,319.2,255360.0,2026-04-13,186102593,152,SUN SECURITIES PVT LTD,Pragyan Securities (PVT) Ltd.,2026-04-13 11:16:55.552710,National Hydro Power Company Limited
2026041304001509,NHPC,64,58,300,319.2,95760.0,2026-04-13,186102595,152,SUN SECURITIES PVT LTD,Naasa Securities Co. Ltd.,2026-04-13 11:16:55.553120,National Hydro Power Company Limited
2026041304001510,NHPC,64,92,100,319.2,31920.0,2026-04-13,186102597,152,SUN SECURITIES PVT LTD,Roadshow securities limited,2026-04-13 11:16:55.553362,National Hydro Power Company Limited
2026041304001511,NHPC,64,29,100,319.2,31920.0,2026-04-13,186102599,152,SUN SECURITIES PVT LTD,Trisul Securities & Invt. Ltd.,2026-04-13 11:16:55.553601,National Hydro Power Company Limited
2026041304001512,NHPC,64,29,65,319.2,20748.0,2026-04-13,186102601,152,SUN SECURITIES PVT LTD,Trisul Securities & Invt. Ltd.,2026-04-13 11:16:55.553845,National Hydro Power Company Limited
2026041304001513,NHPC,64,35,400,319.8,127920.0,2026-04-13,186102603,152,SUN SECURITIES PVT LTD,Kohinoor Investment & Securities Pvt. Ltd.,2026-04-13 11:16:55.554109,National Hydro Power Company Limited
2026041304001514,NHPC,64,14,200,319.8,63960.0,2026-04-13,186102605,152,SUN SECURITIES PVT LTD,Nepal Stock House (PVT) Ltd.,2026-04-13 11:16:55.554404,National Hydro Power Company Limited
2026041304001515,NHPC,64,35,15000,319.9,4798500.0,2026-04-13,186102607,152,SUN SECURITIES PVT LTD,Kohinoor Investment & Securities Pvt. Ltd.,2026-04-13 11:16:55.554671,National Hydro Power Company Limited
2026041304001516,NHPC,64,58,1000,320.0,320000.0,2026-04-13,186102609,152,SUN SECURITIES PVT LTD,Naasa Securities Co. Ltd.,2026-04-13 11:16:55.554934,National Hydro Power Company Limited
2026041304001517,NHPC,64,33,300,320.0,96000.0,2026-04-13,186102611,152,SUN SECURITIES PVT LTD,Dakshinkali Investment & Securities Pvt. Ltd.,2026-04-13 11:16:55.555226,National Hydro Power Company Limited
2026041304001518,NHPC,64,14,100,320.0,32000.0,2026-04-13,186102613,152,SUN SECURITIES PVT LTD,Nepal Stock House (PVT) Ltd.,2026-04-13 11:16:55.555516,National Hydro Power Company Limited
2026041304001519,NHPC,64,49,1000,320.0,320000.0,2026-04-13,186102615,152,SUN SECURITIES PVT LTD,Online Securities Pvt. Ltd.,2026-04-13 11:16:55.555781,National Hydro Power Company Limited
2026041304001520,NHPC,64,35,100,320.0,32000.0,2026-04-13,186102617,152,SUN SECURITIES PVT LTD,Kohinoor Investment & Securities Pvt. Ltd.,2026-04-13 11:16:55.556047,National Hydro Power Company Limited
2026041304001521,NHPC,64,34,2000,320.0,640000.0,2026-04-13,186102619,152,SUN SECURITIES PVT LTD,Vision Securities Pvt. Ltd,2026-04-13 11:16:55.556321,National Hydro Power Company Limited
2026041304001522,NHPC,64,57,567,320.0,181440.0,2026-04-13,186102621,152,SUN SECURITIES PVT LTD,Aryatara Investment & Securities,2026-04-13 11:16:55.556598,National Hydro Power Company Limited
2026041304001523,NHPC,64,64,1000,320.0,320000.0,2026-04-13,186102623,152,SUN SECURITIES PVT LTD,SUN SECURITIES PVT LTD,2026-04-13 11:16:55.556822,National Hydro Power Company Limited
2026041304001524,NHPC,64,51,100,320.0,32000.0,2026-04-13,186102625,152,SUN SECURITIES PVT LTD,Oxford Securities Pvt. Ltd.,2026-04-13 11:16:55.557056,National Hydro Power Company Limited
2026041304001525,NHPC,64,4,764,320.0,244480.0,2026-04-13,186102627,152,SUN SECURITIES PVT LTD,Opal Securities Investment (PVT) Ltd.,2026-04-13 11:16:55.557333,National Hydro Power Company Limited
2026041304001526,NHPC,64,22,266,320.0,85120.0,2026-04-13,186102629,152,SUN SECURITIES PVT LTD,Siprabi Securities Pvt. Ltd.,2026-04-13 11:16:55.557609,National Hydro Power Company Limited
2026041304001527,NHPC,64,34,100,320.0,32000.0,2026-04-13,186102631,152,SUN SECURITIES PVT LTD,Vision Securities Pvt. Ltd,2026-04-13 11:16:55.557844,National Hydro Power Company Limited
2026041304001528,NHPC,64,41,100,320.0,32000.0,2026-04-13,186102633,152,SUN SECURITIES PVT LTD,Linch Stock Market Ltd.,2026-04-13 11:16:55.558068,National Hydro Power Company Limited
2026041304001529,NHPC,64,34,2000,320.0,640000.0,2026-04-13,186102635,152,SUN SECURITIES PVT LTD,Vision Securities Pvt. Ltd,2026-04-13 11:16:55.558330,National Hydro Power Company Limited
2026041304001530,NHPC,64,57,557,320.0,178240.0,2026-04-13,186102637,152,SUN SECURITIES PVT LTD,Aryatara Investment & Securities,2026-04-13 11:16:55.558613,National Hydro Power Company Limited
2026041304001531,NHPC,64,36,50,320.0,16000.0,2026-04-13,186102639,152,SUN SECURITIES PVT LTD,Secured Securities Ltd.,2026-04-13 11:16:55.558873,National Hydro Power Company Limited
2026041304001532,NHPC,64,58,1500,320.0,480000.0,2026-04-13,186102641,152,SUN SECURITIES PVT LTD,Naasa Securities Co. Ltd.,2026-04-13 11:16:55.559139,National Hydro Power Company Limited
2026041304001533,NHPC,64,59,100,320.0,32000.0,2026-04-13,186102643,152,SUN SECURITIES PVT LTD,Deevyaa Securities & Stock House Pvt. Ltd,2026-04-13 11:16:55.559412,National Hydro Power Company Limited
2026041304001534,NHPC,64,7,1000,320.0,320000.0,2026-04-13,186102645,152,SUN SECURITIES PVT LTD,J.F. Securites (PVT) Ltd.,2026-04-13 11:16:55.559684,National Hydro Power Company Limited
2026041304001535,NHPC,64,32,2500,320.0,800000.0,2026-04-13,186102647,152,SUN SECURITIES PVT LTD,Premier Securities Company Ltd.,2026-04-13 11:16:55.559956,National Hydro Power Company Limited
2026041304001536,NHPC,64,52,100,320.0,32000.0,2026-04-13,186102649,152,SUN SECURITIES PVT LTD,Sundhara Securities Limited,2026-04-13 11:16:55.560211,National Hydro Power Company Limited
2026041304001537,NHPC,64,74,500,320.0,160000.0,2026-04-13,186102651,152,SUN SECURITIES PVT LTD,KALASH STOCK MARKET PVT. LTD.,2026-04-13 11:16:55.560462,National Hydro Power Company Limited
2026041304001538,NHPC,64,45,178,320.0,56960.0,2026-04-13,186102653,152,SUN SECURITIES PVT LTD,Imperial Securities Company Pvt. Ltd.,2026-04-13 11:16:55.560722,National Hydro Power Company Limited
2026041304001539,NHPC,64,48,1000,320.0,320000.0,2026-04-13,186102655,152,SUN SECURITIES PVT LTD,Trishakti Securities Public Limited,2026-04-13 11:16:55.560993,National Hydro Power Company Limited
2026041304001540,NHPC,64,41,500,320.0,160000.0,2026-04-13,186102657,152,SUN SECURITIES PVT LTD,Linch Stock Market Ltd.,2026-04-13 11:16:55.561249,National Hydro Power Company Limited
2026041304001541,NHPC,64,54,500,320.0,160000.0,2026-04-13,186102659,152,SUN SECURITIES PVT LTD,Sewa Securities Pvt. Ltd.,2026-04-13 11:16:55.561494,National Hydro Power Company Limited
2026041304001542,NHPC,64,58,30,320.0,9600.0,2026-04-13,186102661,152,SUN SECURITIES PVT LTD,Naasa Securities Co. Ltd.,2026-04-13 11:16:55.561756,National Hydro Power Company Limited
2026041304001543,NHPC,64,49,123,320.0,39360.0,2026-04-13,186102664,152,SUN SECURITIES PVT LTD,Online Securities Pvt. Ltd.,2026-04-13 11:16:55.562028,National Hydro Power Company Limited
2026041304001545,NHPC,26,42,100,319.1,31910.0,2026-04-13,186102775,152,Asian Securities Private Ltd.,Sani Securities Company Ltd.,2026-04-13 11:17:02.371174,National Hydro Power Company Limited
2026041304001551,NHPC,56,49,97,320.0,31040.0,2026-04-13,186102843,152,Sri Hari Securities Pvt. Ltd.,Online Securities Pvt. Ltd.,2026-04-13 11:17:06.843128,National Hydro Power Company Limited
2026041304001552,NHPC,56,49,75,320.0,24000.0,2026-04-13,186102845,152,Sri Hari Securities Pvt. Ltd.,Online Securities Pvt. Ltd.,2026-04-13 11:17:06.843520,National Hydro Power Company Limited
2026041304001553,NHPC,56,74,500,320.0,160000.0,2026-04-13,186102847,152,Sri Hari Securities Pvt. Ltd.,KALASH STOCK MARKET PVT. LTD.,2026-04-13 11:17:06.843694,National Hydro Power Company Limited
2026041304001554,NHPC,56,101,100,320.0,32000.0,2026-04-13,186102849,152,Sri Hari Securities Pvt. Ltd.,APPLE SECURITIES PRIVATE LIMITED,2026-04-13 11:17:06.843888,National Hydro Power Company Limited
2026041304001555,NHPC,56,52,800,320.0,256000.0,2026-04-13,186102851,152,Sri Hari Securities Pvt. Ltd.,Sundhara Securities Limited,2026-04-13 11:17:06.844083,National Hydro Power Company Limited
2026041304001556,NHPC,56,33,1000,320.0,320000.0,2026-04-13,186102853,152,Sri Hari Securities Pvt. Ltd.,Dakshinkali Investment & Securities Pvt. Ltd.,2026-04-13 11:17:06.844263,National Hydro Power Company Limited
2026041304001557,NHPC,56,39,2000,320.0,640000.0,2026-04-13,186102855,152,Sri Hari Securities Pvt. Ltd.,Sumeru Securities Pvt. Ltd.,2026-04-13 11:17:06.844455,National Hydro Power Company Limited
2026041304001558,NHPC,56,56,250,320.0,80000.0,2026-04-13,186102857,152,Sri Hari Securities Pvt. Ltd.,Sri Hari Securities Pvt. Ltd.,2026-04-13 11:17:06.844636,National Hydro Power Company Limited
2026041304001559,NHPC,56,45,50,320.0,16000.0,2026-04-13,186102859,152,Sri Hari Securities Pvt. Ltd.,Imperial Securities Company Pvt. Ltd.,2026-04-13 11:17:06.844801,National Hydro Power Company Limited
2026041304001560,NHPC,56,6,100,320.0,32000.0,2026-04-13,186102861,152,Sri Hari Securities Pvt. Ltd.,Agrawal Securities (PVT) Ltd.,2026-04-13 11:17:06.844980,National Hydro Power Company Limited
2026041304001561,NHPC,56,4,10,320.0,3200.0,2026-04-13,186102863,152,Sri Hari Securities Pvt. Ltd.,Opal Securities Investment (PVT) Ltd.,2026-04-13 11:17:06.845170,National Hydro Power Company Limited
2026041304001562,NHPC,56,14,18,320.0,5760.0,2026-04-13,186102866,152,Sri Hari Securities Pvt. Ltd.,Nepal Stock House (PVT) Ltd.,2026-04-13 11:17:06.845354,National Hydro Power Company Limited
2026041304001563,NHPC,92,14,300,320.0,96000.0,2026-04-13,186102868,152,Roadshow securities limited,Nepal Stock House (PVT) Ltd.,2026-04-13 11:17:07.236063,National Hydro Power Company Limited
2026041304001569,NHPC,64,14,282,320.0,90240.0,2026-04-13,186102895,152,SUN SECURITIES PVT LTD,Nepal Stock House (PVT) Ltd.,2026-04-13 11:17:08.538549,National Hydro Power Company Limited
2026041304001570,NHPC,64,58,703,320.0,224960.0,2026-04-13,186102897,152,SUN SECURITIES PVT LTD,Naasa Securities Co. Ltd.,2026-04-13 11:17:08.539255,National Hydro Power Company Limited
2026041304001571,NHPC,64,91,900,320.0,288000.0,2026-04-13,186102899,152,SUN SECURITIES PVT LTD,Citizens Share Broker Limited,2026-04-13 11:17:08.539779,National Hydro Power Company Limited
2026041304001572,NHPC,64,81,200,320.0,64000.0,2026-04-13,186102901,152,SUN SECURITIES PVT LTD,Aakashbhairab Securities Ltd.,2026-04-13 11:17:08.540289,National Hydro Power Company Limited
2026041304001573,NHPC,64,8,18,320.0,5760.0,2026-04-13,186102903,152,SUN SECURITIES PVT LTD,Brilliant Securities Pvt. Ltd.,2026-04-13 11:17:08.540807,National Hydro Power Company Limited
2026041304001574,NHPC,64,49,10,320.0,3200.0,2026-04-13,186102905,152,SUN SECURITIES PVT LTD,Online Securities Pvt. Ltd.,2026-04-13 11:17:08.541323,National Hydro Power Company Limited
2026041304001575,NHPC,64,21,100,320.0,32000.0,2026-04-13,186102907,152,SUN SECURITIES PVT LTD,Midas Stock Broking Company Private Limited,2026-04-13 11:17:08.541825,National Hydro Power Company Limited
2026041304001576,NHPC,64,74,20,320.0,6400.0,2026-04-13,186102909,152,SUN SECURITIES PVT LTD,KALASH STOCK MARKET PVT. LTD.,2026-04-13 11:17:08.542340,National Hydro Power Company Limited
2026041304001577,NHPC,64,42,900,320.0,288000.0,2026-04-13,186102911,152,SUN SECURITIES PVT LTD,Sani Securities Company Ltd.,2026-04-13 11:17:08.542869,National Hydro Power Company Limited
2026041304001578,NHPC,64,6,500,320.0,160000.0,2026-04-13,186102913,152,SUN SECURITIES PVT LTD,Agrawal Securities (PVT) Ltd.,2026-04-13 11:17:08.543374,National Hydro Power Company Limited
2026041304001579,NHPC,64,7,50,320.0,16000.0,2026-04-13,186102915,152,SUN SECURITIES PVT LTD,J.F. Securites (PVT) Ltd.,2026-04-13 11:17:08.543903,National Hydro Power Company Limited
2026041304001580,NHPC,64,58,1000,320.0,320000.0,2026-04-13,186102917,152,SUN SECURITIES PVT LTD,Naasa Securities Co. Ltd.,2026-04-13 11:17:08.544420,National Hydro Power Company Limited
2026041304001583,NHPC,64,100,4317,320.0,1381440.0,2026-04-13,186102946,152,SUN SECURITIES PVT LTD,Sunrise Securities Limited,2026-04-13 11:17:11.177970,National Hydro Power Company Limited
2026041304001584,NHPC,26,100,683,319.1,217945.3,2026-04-13,186102947,152,Asian Securities Private Ltd.,Sunrise Securities Limited,2026-04-13 11:17:11.178307,National Hydro Power Company Limited
2026041304001591,NHPC,47,35,15,320.0,4800.0,2026-04-13,186103047,152,Neev Securities Pvt. Ltd.,Kohinoor Investment & Securities Pvt. Ltd.,2026-04-13 11:17:15.941538,National Hydro Power Company Limited
2026041304001592,NHPC,47,4,900,320.0,288000.0,2026-04-13,186103069,152,Neev Securities Pvt. Ltd.,Opal Securities Investment (PVT) Ltd.,2026-04-13 11:17:17.098971,National Hydro Power Company Limited
2026041304001593,NHPC,47,17,40,320.0,12800.0,2026-04-13,186103097,152,Neev Securities Pvt. Ltd.,ABC Securities Private Limited,2026-04-13 11:17:18.224782,National Hydro Power Company Limited
2026041304001611,NHPC,47,58,700,320.0,224000.0,2026-04-13,186103199,152,Neev Securities Pvt. Ltd.,Naasa Securities Co. Ltd.,2026-04-13 11:17:25.298057,National Hydro Power Company Limited
2026041304001612,NHPC,47,40,100,320.0,32000.0,2026-04-13,186103265,152,Neev Securities Pvt. Ltd.,Creative Securities Pvt Ltd,2026-04-13 11:17:27.299857,National Hydro Power Company Limited
2026041304001615,NHPC,47,62,50,320.0,16000.0,2026-04-13,186103275,152,Neev Securities Pvt. Ltd.,Capital Max Securities Ltd,2026-04-13 11:17:27.627834,National Hydro Power Company Limited
2026041304001618,NHPC,47,58,500,320.0,160000.0,2026-04-13,186103295,152,Neev Securities Pvt. Ltd.,Naasa Securities Co. Ltd.,2026-04-13 11:17:28.751438,National Hydro Power Company Limited
2026041304001619,NHPC,39,58,112,320.2,35862.4,2026-04-13,186103347,152,Sumeru Securities Pvt. Ltd.,Naasa Securities Co. Ltd.,2026-04-13 11:17:32.383890,National Hydro Power Company Limited
2026041304001620,NHPC,39,75,888,320.2,284337.6,2026-04-13,186103350,152,Sumeru Securities Pvt. Ltd.,N.I.M.B. Stock Markets Limited,2026-04-13 11:17:32.384684,National Hydro Power Company Limited
2026041304001621,NHPC,22,75,112,320.2,35862.4,2026-04-13,186103373,152,Siprabi Securities Pvt. Ltd.,N.I.M.B. Stock Markets Limited,2026-04-13 11:17:33.683412,National Hydro Power Company Limited
2026041304001622,NHPC,22,92,98,320.2,31379.6,2026-04-13,186103376,152,Siprabi Securities Pvt. Ltd.,Roadshow securities limited,2026-04-13 11:17:33.684128,National Hydro Power Company Limited
2026041304001625,NHPC,47,42,700,320.0,224000.0,2026-04-13,186103407,152,Neev Securities Pvt. Ltd.,Sani Securities Company Ltd.,2026-04-13 11:17:35.230714,National Hydro Power Company Limited
2026041304001626,NHPC,58,92,56,320.2,17931.2,2026-04-13,186103412,152,Naasa Securities Co. Ltd.,Roadshow securities limited,2026-04-13 11:17:35.826530,National Hydro Power Company Limited
2026041304001627,NHPC,7,92,1000,320.2,320200.0,2026-04-13,186103416,152,J.F. Securites (PVT) Ltd.,Roadshow securities limited,2026-04-13 11:17:36.080037,National Hydro Power Company Limited
2026041304001628,NHPC,47,100,2000,320.0,640000.0,2026-04-13,186103471,152,Neev Securities Pvt. Ltd.,Sunrise Securities Limited,2026-04-13 11:17:37.202146,National Hydro Power Company Limited
2026041304001629,NHPC,47,35,900,320.0,288000.0,2026-04-13,186103493,152,Neev Securities Pvt. Ltd.,Kohinoor Investment & Securities Pvt. Ltd.,2026-04-13 11:17:37.802885,National Hydro Power Company Limited
2026041304001630,NHPC,47,58,652,320.0,208640.0,2026-04-13,186103498,152,Neev Securities Pvt. Ltd.,Naasa Securities Co. Ltd.,2026-04-13 11:17:38.403621,National Hydro Power Company Limited
2026041304001637,NHPC,35,58,500,320.0,160000.0,2026-04-13,186103558,152,Kohinoor Investment & Securities Pvt. Ltd.,Naasa Securities Co. Ltd.,2026-04-13 11:17:43.156683,National Hydro Power Company Limited
2026041304001643,NHPC,65,58,148,320.0,47360.0,2026-04-13,186103657,152,Sharepro Securities Private Limited,Naasa Securities Co. Ltd.,2026-04-13 11:17:46.518253,National Hydro Power Company Limited
2026041304001644,NHPC,65,29,302,320.0,96640.0,2026-04-13,186103660,152,Sharepro Securities Private Limited,Trisul Securities & Invt. Ltd.,2026-04-13 11:17:46.518381,National Hydro Power Company Limited
2026041304001645,NHPC,26,42,10,319.1,3191.0,2026-04-13,186103661,152,Asian Securities Private Ltd.,Sani Securities Company Ltd.,2026-04-13 11:17:46.777611,National Hydro Power Company Limited
2026041304001648,NHPC,58,29,198,320.0,63360.0,2026-04-13,186103687,152,Naasa Securities Co. Ltd.,Trisul Securities & Invt. Ltd.,2026-04-13 11:17:49.645013,National Hydro Power Company Limited
2026041304001649,NHPC,58,39,50,320.0,16000.0,2026-04-13,186103689,152,Naasa Securities Co. Ltd.,Sumeru Securities Pvt. Ltd.,2026-04-13 11:17:49.645391,National Hydro Power Company Limited
2026041304001650,NHPC,58,58,217,320.0,69440.0,2026-04-13,186103691,152,Naasa Securities Co. Ltd.,Naasa Securities Co. Ltd.,2026-04-13 11:17:49.645570,National Hydro Power Company Limited
2026041304001658,NHPC,95,92,846,320.2,270889.2,2026-04-13,186103771,152,Magnet Securities and Investment Company Private Limited,Roadshow securities limited,2026-04-13 11:17:57.067976,National Hydro Power Company Limited
2026041304001659,NHPC,95,26,50,320.2,16010.0,2026-04-13,186103773,152,Magnet Securities and Investment Company Private Limited,Asian Securities Private Ltd.,2026-04-13 11:17:57.068362,National Hydro Power Company Limited
2026041304001660,NHPC,95,36,90,320.8,28872.0,2026-04-13,186103775,152,Magnet Securities and Investment Company Private Limited,Secured Securities Ltd.,2026-04-13 11:17:57.068550,National Hydro Power Company Limited
2026041304001661,NHPC,95,65,50,320.9,16045.0,2026-04-13,186103777,152,Magnet Securities and Investment Company Private Limited,Sharepro Securities Private Limited,2026-04-13 11:17:57.068728,National Hydro Power Company Limited
2026041304001662,NHPC,95,47,300,320.9,96270.0,2026-04-13,186103779,152,Magnet Securities and Investment Company Private Limited,Neev Securities Pvt. Ltd.,2026-04-13 11:17:57.068908,National Hydro Power Company Limited
2026041304001663,NHPC,95,35,20,320.9,6418.0,2026-04-13,186103781,152,Magnet Securities and Investment Company Private Limited,Kohinoor Investment & Securities Pvt. Ltd.,2026-04-13 11:17:57.069102,National Hydro Power Company Limited
2026041304001664,NHPC,95,75,1644,320.9,527559.6,2026-04-13,186103784,152,Magnet Securities and Investment Company Private Limited,N.I.M.B. Stock Markets Limited,2026-04-13 11:17:57.069278,National Hydro Power Company Limited
2026041304001671,NHPC,56,75,3356,320.9,1076940.4,2026-04-13,186103889,152,Sri Hari Securities Pvt. Ltd.,N.I.M.B. Stock Markets Limited,2026-04-13 11:17:58.715102,National Hydro Power Company Limited
2026041304001672,NHPC,56,50,3000,321.0,963000.0,2026-04-13,186103891,152,Sri Hari Securities Pvt. Ltd.,Cristal Kanchanjanga Securites Pvt. Ltd.,2026-04-13 11:17:58.715483,National Hydro Power Company Limited
2026041304001673,NHPC,56,58,200,321.0,64200.0,2026-04-13,186103893,152,Sri Hari Securities Pvt. Ltd.,Naasa Securities Co. Ltd.,2026-04-13 11:17:58.715664,National Hydro Power Company Limited
2026041304001674,NHPC,56,59,516,321.0,165636.0,2026-04-13,186103895,152,Sri Hari Securities Pvt. Ltd.,Deevyaa Securities & Stock House Pvt. Ltd,2026-04-13 11:17:58.715843,National Hydro Power Company Limited
2026041304001675,NHPC,56,91,928,321.0,297888.0,2026-04-13,186103898,152,Sri Hari Securities Pvt. Ltd.,Citizens Share Broker Limited,2026-04-13 11:17:58.716023,National Hydro Power Company Limited
