contractId,stockSymbol,buyerMemberId,sellerMemberId,quantity,rate,amount,businessDate,tradeBookId,stockId,buyerBrokerName,sellerBrokerName,transaction_time,securityName
2026041303000062,NLICL,34,14,10,595.0,5950.0,2026-04-13,186087900,178,Vision Securities Pvt. Ltd,Nepal Stock House (PVT) Ltd.,2026-04-13 11:04:52.728634,National Life Insurance Co. Ltd.
2026041303000065,NLICL,34,20,100,602.0,60200.0,2026-04-13,186088362,178,Vision Securities Pvt. Ltd,Sipla Securities Private Limited,2026-04-13 11:05:09.107276,National Life Insurance Co. Ltd.
2026041303000067,NLICL,34,40,70,606.8,42476.0,2026-04-13,186088508,178,Vision Securities Pvt. Ltd,Creative Securities Pvt Ltd,2026-04-13 11:05:18.308493,National Life Insurance Co. Ltd.
2026041303000069,NLICL,34,50,10,618.9,6189.0,2026-04-13,186088718,178,Vision Securities Pvt. Ltd,Cristal Kanchanjanga Securites Pvt. Ltd.,2026-04-13 11:05:31.961809,National Life Insurance Co. Ltd.
2026041303000177,NLICL,58,76,10,606.6,6066.0,2026-04-13,186098644,178,Naasa Securities Co. Ltd.,Machhapuchchhre Securities Limited,2026-04-13 11:12:55.419664,National Life Insurance Co. Ltd.
2026041303000352,NLICL,42,33,40,596.0,23840.0,2026-04-13,186106395,178,Sani Securities Company Ltd.,Dakshinkali Investment & Securities Pvt. Ltd.,2026-04-13 11:20:34.191384,National Life Insurance Co. Ltd.
2026041303000371,NLICL,42,42,21,596.0,12516.0,2026-04-13,186107295,178,Sani Securities Company Ltd.,Sani Securities Company Ltd.,2026-04-13 11:21:29.310282,National Life Insurance Co. Ltd.
2026041303000436,NLICL,42,14,13,596.0,7748.0,2026-04-13,186110459,178,Sani Securities Company Ltd.,Nepal Stock House (PVT) Ltd.,2026-04-13 11:25:01.890469,National Life Insurance Co. Ltd.
2026041303000754,NLICL,42,50,26,596.0,15496.0,2026-04-13,186122926,178,Sani Securities Company Ltd.,Cristal Kanchanjanga Securites Pvt. Ltd.,2026-04-13 11:39:37.955383,National Life Insurance Co. Ltd.
2026041303000755,NLICL,4,50,10,595.0,5950.0,2026-04-13,186122928,178,Opal Securities Investment (PVT) Ltd.,Cristal Kanchanjanga Securites Pvt. Ltd.,2026-04-13 11:39:37.955609,National Life Insurance Co. Ltd.
2026041303000756,NLICL,65,50,117,595.0,69615.0,2026-04-13,186122930,178,Sharepro Securities Private Limited,Cristal Kanchanjanga Securites Pvt. Ltd.,2026-04-13 11:39:37.955746,National Life Insurance Co. Ltd.
2026041303001119,NLICL,92,14,80,594.0,47520.0,2026-04-13,186135349,178,Roadshow securities limited,Nepal Stock House (PVT) Ltd.,2026-04-13 11:53:52.865721,National Life Insurance Co. Ltd.
2026041303001148,NLICL,92,36,120,594.0,71280.0,2026-04-13,186136338,178,Roadshow securities limited,Secured Securities Ltd.,2026-04-13 11:55:08.775768,National Life Insurance Co. Ltd.
2026041303001151,NLICL,52,36,32,594.0,19008.0,2026-04-13,186136518,178,Sundhara Securities Limited,Secured Securities Ltd.,2026-04-13 11:55:23.585076,National Life Insurance Co. Ltd.
2026041303001339,NLICL,48,36,200,594.0,118800.0,2026-04-13,186142276,178,Trishakti Securities Public Limited,Secured Securities Ltd.,2026-04-13 12:02:07.865912,National Life Insurance Co. Ltd.
2026041303001625,NLICL,21,36,12,594.0,7128.0,2026-04-13,186151513,178,Midas Stock Broking Company Private Limited,Secured Securities Ltd.,2026-04-13 12:14:57.290391,National Life Insurance Co. Ltd.
2026041303001634,NLICL,38,44,70,594.0,41580.0,2026-04-13,186151809,178,Dipshikha Dhitopatra Karobar Co. Pvt Ltd.,Dynamic Money Managers Securities Pvt. Ltd.,2026-04-13 12:15:29.092340,National Life Insurance Co. Ltd.
2026041303001654,NLICL,38,39,10,594.0,5940.0,2026-04-13,186152428,178,Dipshikha Dhitopatra Karobar Co. Pvt Ltd.,Sumeru Securities Pvt. Ltd.,2026-04-13 12:16:04.583959,National Life Insurance Co. Ltd.
2026041303001655,NLICL,57,39,10,594.0,5940.0,2026-04-13,186152430,178,Aryatara Investment & Securities,Sumeru Securities Pvt. Ltd.,2026-04-13 12:16:04.584263,National Life Insurance Co. Ltd.
2026041303001685,NLICL,82,39,96,594.0,57024.0,2026-04-13,186153639,178,N.M.B. SECURITIES LIMITED,Sumeru Securities Pvt. Ltd.,2026-04-13 12:17:37.712240,National Life Insurance Co. Ltd.
2026041303001686,NLICL,82,21,10,594.0,5940.0,2026-04-13,186153641,178,N.M.B. SECURITIES LIMITED,Midas Stock Broking Company Private Limited,2026-04-13 12:17:37.712402,National Life Insurance Co. Ltd.
2026041303001821,NLICL,42,17,13,593.1,7710.3,2026-04-13,186156403,178,Sani Securities Company Ltd.,ABC Securities Private Limited,2026-04-13 12:21:15.844309,National Life Insurance Co. Ltd.
2026041303001855,NLICL,40,42,32,595.0,19040.0,2026-04-13,186157383,178,Creative Securities Pvt Ltd,Sani Securities Company Ltd.,2026-04-13 12:22:37.497115,National Life Insurance Co. Ltd.
2026041303001856,NLICL,40,17,24,595.0,14280.0,2026-04-13,186157385,178,Creative Securities Pvt Ltd,ABC Securities Private Limited,2026-04-13 12:22:37.497229,National Life Insurance Co. Ltd.
2026041303001857,NLICL,40,17,28,595.0,16660.0,2026-04-13,186157387,178,Creative Securities Pvt Ltd,ABC Securities Private Limited,2026-04-13 12:22:37.497285,National Life Insurance Co. Ltd.
2026041303001858,NLICL,40,80,16,595.0,9520.0,2026-04-13,186157390,178,Creative Securities Pvt Ltd,Indira securities pvt. ltd,2026-04-13 12:22:37.497336,National Life Insurance Co. Ltd.
2026041303001907,NLICL,82,58,1,595.0,595.0,2026-04-13,186158529,178,N.M.B. SECURITIES LIMITED,Naasa Securities Co. Ltd.,2026-04-13 12:24:17.085847,National Life Insurance Co. Ltd.
2026041303001911,NLICL,82,80,100,595.0,59500.0,2026-04-13,186158766,178,N.M.B. SECURITIES LIMITED,Indira securities pvt. ltd,2026-04-13 12:24:39.067628,National Life Insurance Co. Ltd.
2026041303002113,NLICL,20,80,934,595.0,555730.0,2026-04-13,186163535,178,Sipla Securities Private Limited,Indira securities pvt. ltd,2026-04-13 12:31:24.127476,National Life Insurance Co. Ltd.
2026041303002114,NLICL,20,29,226,595.0,134470.0,2026-04-13,186163538,178,Sipla Securities Private Limited,Trisul Securities & Invt. Ltd.,2026-04-13 12:31:24.127579,National Life Insurance Co. Ltd.
2026041303002957,NLICL,58,74,27,594.0,16038.0,2026-04-13,186183493,178,Naasa Securities Co. Ltd.,KALASH STOCK MARKET PVT. LTD.,2026-04-13 12:59:50.596775,National Life Insurance Co. Ltd.
2026041303003433,NLICL,33,1,230,595.0,136850.0,2026-04-13,186195901,178,Dakshinkali Investment & Securities Pvt. Ltd.,Kumari Securities Private Limited,2026-04-13 13:18:18.378822,National Life Insurance Co. Ltd.
2026041303003434,NLICL,33,29,11,595.5,6550.5,2026-04-13,186195903,178,Dakshinkali Investment & Securities Pvt. Ltd.,Trisul Securities & Invt. Ltd.,2026-04-13 13:18:18.379122,National Life Insurance Co. Ltd.
2026041303003435,NLICL,33,50,247,597.0,147459.0,2026-04-13,186195905,178,Dakshinkali Investment & Securities Pvt. Ltd.,Cristal Kanchanjanga Securites Pvt. Ltd.,2026-04-13 13:18:18.379278,National Life Insurance Co. Ltd.
2026041303003436,NLICL,33,58,100,599.0,59900.0,2026-04-13,186195907,178,Dakshinkali Investment & Securities Pvt. Ltd.,Naasa Securities Co. Ltd.,2026-04-13 13:18:18.379422,National Life Insurance Co. Ltd.
2026041303003437,NLICL,33,85,400,599.0,239600.0,2026-04-13,186195909,178,Dakshinkali Investment & Securities Pvt. Ltd.,Capital Hub P. Ltd,2026-04-13 13:18:18.379567,National Life Insurance Co. Ltd.
2026041303003451,NLICL,33,29,10,600.0,6000.0,2026-04-13,186196641,178,Dakshinkali Investment & Securities Pvt. Ltd.,Trisul Securities & Invt. Ltd.,2026-04-13 13:18:56.806899,National Life Insurance Co. Ltd.
2026041303003452,NLICL,33,53,26,604.0,15704.0,2026-04-13,186196643,178,Dakshinkali Investment & Securities Pvt. Ltd.,Investment Management Nepal Pvt. Ltd.,2026-04-13 13:18:56.807016,National Life Insurance Co. Ltd.
2026041303003453,NLICL,33,59,100,604.0,60400.0,2026-04-13,186196645,178,Dakshinkali Investment & Securities Pvt. Ltd.,Deevyaa Securities & Stock House Pvt. Ltd,2026-04-13 13:18:56.807088,National Life Insurance Co. Ltd.
2026041303003454,NLICL,33,1,1602,604.0,967608.0,2026-04-13,186196647,178,Dakshinkali Investment & Securities Pvt. Ltd.,Kumari Securities Private Limited,2026-04-13 13:18:56.807136,National Life Insurance Co. Ltd.
2026041303003455,NLICL,33,54,300,605.0,181500.0,2026-04-13,186196649,178,Dakshinkali Investment & Securities Pvt. Ltd.,Sewa Securities Pvt. Ltd.,2026-04-13 13:18:56.807189,National Life Insurance Co. Ltd.
2026041303003456,NLICL,33,29,24,605.0,14520.0,2026-04-13,186196652,178,Dakshinkali Investment & Securities Pvt. Ltd.,Trisul Securities & Invt. Ltd.,2026-04-13 13:18:56.807246,National Life Insurance Co. Ltd.
2026041303003773,NLICL,19,4,12,593.5,7122.0,2026-04-13,186205668,178,Nepal Investment And Securities Trading Private Limited,Opal Securities Investment (PVT) Ltd.,2026-04-13 13:32:33.154782,National Life Insurance Co. Ltd.
2026041303003807,NLICL,58,4,23,593.5,13650.5,2026-04-13,186206994,178,Naasa Securities Co. Ltd.,Opal Securities Investment (PVT) Ltd.,2026-04-13 13:35:01.375675,National Life Insurance Co. Ltd.
2026041303003873,NLICL,52,4,65,593.5,38577.5,2026-04-13,186208635,178,Sundhara Securities Limited,Opal Securities Investment (PVT) Ltd.,2026-04-13 13:38:24.938426,National Life Insurance Co. Ltd.
2026041303004149,NLICL,58,58,1,590.0,590.0,2026-04-13,186214443,178,Naasa Securities Co. Ltd.,Naasa Securities Co. Ltd.,2026-04-13 13:48:44.147917,National Life Insurance Co. Ltd.
2026041303004157,NLICL,58,13,2,590.0,1180.0,2026-04-13,186214517,178,Naasa Securities Co. Ltd.,Thrive Brokerage House Pvt. Ltd,2026-04-13 13:48:55.518284,National Life Insurance Co. Ltd.
2026041303004163,NLICL,58,7,2,595.0,1190.0,2026-04-13,186214715,178,Naasa Securities Co. Ltd.,J.F. Securites (PVT) Ltd.,2026-04-13 13:49:17.313947,National Life Insurance Co. Ltd.
2026041303004361,NLICL,34,75,10,602.9,6029.0,2026-04-13,186219280,178,Vision Securities Pvt. Ltd,N.I.M.B. Stock Markets Limited,2026-04-13 13:57:21.361315,National Life Insurance Co. Ltd.
2026041303004540,NLICL,20,76,990,602.8,596772.0,2026-04-13,186224285,178,Sipla Securities Private Limited,Machhapuchchhre Securities Limited,2026-04-13 14:06:57.443768,National Life Insurance Co. Ltd.
2026041303004541,NLICL,20,68,200,602.8,120560.0,2026-04-13,186224288,178,Sipla Securities Private Limited,Elite Stock House Limited,2026-04-13 14:06:57.443999,National Life Insurance Co. Ltd.
2026041303004836,NLICL,7,7,500,597.0,298500.0,2026-04-13,186234507,178,J.F. Securites (PVT) Ltd.,J.F. Securites (PVT) Ltd.,2026-04-13 14:21:12.929329,National Life Insurance Co. Ltd.
2026041303004841,NLICL,7,7,500,598.0,299000.0,2026-04-13,186234625,178,J.F. Securites (PVT) Ltd.,J.F. Securites (PVT) Ltd.,2026-04-13 14:21:25.855563,National Life Insurance Co. Ltd.
2026041303004907,NLICL,7,7,600,597.0,358200.0,2026-04-13,186236491,178,J.F. Securites (PVT) Ltd.,J.F. Securites (PVT) Ltd.,2026-04-13 14:23:39.678979,National Life Insurance Co. Ltd.
2026041303004915,NLICL,7,7,400,597.0,238800.0,2026-04-13,186236661,178,J.F. Securites (PVT) Ltd.,J.F. Securites (PVT) Ltd.,2026-04-13 14:23:50.260291,National Life Insurance Co. Ltd.
2026041303005105,NLICL,48,1,60,595.0,35700.0,2026-04-13,186243512,178,Trishakti Securities Public Limited,Kumari Securities Private Limited,2026-04-13 14:29:42.938338,National Life Insurance Co. Ltd.
2026041303005106,NLICL,75,1,52,595.0,30940.0,2026-04-13,186243513,178,N.I.M.B. Stock Markets Limited,Kumari Securities Private Limited,2026-04-13 14:29:42.938490,National Life Insurance Co. Ltd.
2026041303005908,NLICL,46,17,100,600.0,60000.0,2026-04-13,186261078,178,Kalika Securities Pvt. Ltd.,ABC Securities Private Limited,2026-04-13 14:48:07.975250,National Life Insurance Co. Ltd.
2026041303006731,NLICL,14,49,16,595.1,9521.6,2026-04-13,186276313,178,Nepal Stock House (PVT) Ltd.,Online Securities Pvt. Ltd.,2026-04-13 14:58:05.092010,National Life Insurance Co. Ltd.
2026041303006732,NLICL,35,49,20,595.1,11902.0,2026-04-13,186276315,178,Kohinoor Investment & Securities Pvt. Ltd.,Online Securities Pvt. Ltd.,2026-04-13 14:58:05.092150,National Life Insurance Co. Ltd.
2026041303006733,NLICL,75,49,48,595.0,28560.0,2026-04-13,186276317,178,N.I.M.B. Stock Markets Limited,Online Securities Pvt. Ltd.,2026-04-13 14:58:05.092211,National Life Insurance Co. Ltd.
2026041303006734,NLICL,11,49,260,595.0,154700.0,2026-04-13,186276319,178,Malla & Malla Stock Broking Company Pvt. Limited,Online Securities Pvt. Ltd.,2026-04-13 14:58:05.092268,National Life Insurance Co. Ltd.
2026041303006735,NLICL,22,49,22,595.0,13090.0,2026-04-13,186276321,178,Siprabi Securities Pvt. Ltd.,Online Securities Pvt. Ltd.,2026-04-13 14:58:05.092325,National Life Insurance Co. Ltd.
2026041303006951,NLICL,41,35,11,594.0,6534.0,2026-04-13,186280435,178,Linch Stock Market Ltd.,Kohinoor Investment & Securities Pvt. Ltd.,2026-04-13 14:59:24.872451,National Life Insurance Co. Ltd.
