contract_id,symbol,buyer_member_id,seller_member_id,volume,price,amount,buyer_broker,seller_broker,transaction_time
2026041301001436,NMB,42,19,10,252.0,2520.0,Sani Securities Company Ltd.,Nepal Investment And Securities Trading Private Limited,2026-04-13 11:03:50.331714
2026041301001462,NMB,58,65,10,254.0,2540.0,Naasa Securities Co. Ltd.,Sharepro Securities Private Limited,2026-04-13 11:03:56.541348
2026041301006979,NMB,100,58,10,250.0,2500.0,Sunrise Securities Limited,Naasa Securities Co. Ltd.,2026-04-13 11:18:17.743687
2026041301007848,NMB,76,19,10,252.0,2520.0,Machhapuchchhre Securities Limited,Nepal Investment And Securities Trading Private Limited,2026-04-13 11:21:46.810302
2026041301007916,NMB,43,25,231,249.1,57542.1,South Asian Bulls Pvt. Ltd.,Sweta Securities Private Limited,2026-04-13 11:22:13.149164
2026041301008032,NMB,76,13,10,252.0,2520.0,Machhapuchchhre Securities Limited,Thrive Brokerage House Pvt. Ltd,2026-04-13 11:22:40.714398
2026041301008960,NMB,49,1,19,249.2,4734.8,Online Securities Pvt. Ltd.,Kumari Securities Private Limited,2026-04-13 11:26:55.630315
2026041301009060,NMB,49,58,10,249.2,2492.0,Online Securities Pvt. Ltd.,Naasa Securities Co. Ltd.,2026-04-13 11:27:24.651660
2026041301010088,NMB,49,58,10,249.2,2492.0,Online Securities Pvt. Ltd.,Naasa Securities Co. Ltd.,2026-04-13 11:32:24.840873
2026041301010214,NMB,34,58,20,250.0,5000.0,Vision Securities Pvt. Ltd,Naasa Securities Co. Ltd.,2026-04-13 11:33:11.453156
2026041301010833,NMB,33,58,261,250.0,65250.0,Dakshinkali Investment & Securities Pvt. Ltd.,Naasa Securities Co. Ltd.,2026-04-13 11:35:45.281488
2026041301010834,NMB,33,34,35,250.0,8750.0,Dakshinkali Investment & Securities Pvt. Ltd.,Vision Securities Pvt. Ltd,2026-04-13 11:35:45.281635
2026041301010856,NMB,76,13,10,252.0,2520.0,Machhapuchchhre Securities Limited,Thrive Brokerage House Pvt. Ltd,2026-04-13 11:35:55.269075
2026041301011410,NMB,11,34,50,249.5,12475.0,Malla & Malla Stock Broking Company Pvt. Limited,Vision Securities Pvt. Ltd,2026-04-13 11:38:51.771431
2026041301012436,NMB,29,13,10,252.0,2520.0,Trisul Securities & Invt. Ltd.,Thrive Brokerage House Pvt. Ltd,2026-04-13 11:43:51.456355
2026041301012748,NMB,32,13,170,252.0,42840.0,Premier Securities Company Ltd.,Thrive Brokerage House Pvt. Ltd,2026-04-13 11:45:41.937970
2026041301013032,NMB,76,34,10,253.0,2530.0,Machhapuchchhre Securities Limited,Vision Securities Pvt. Ltd,2026-04-13 11:47:12.405280
2026041301013229,NMB,32,16,30,252.0,7560.0,Premier Securities Company Ltd.,Primo Securities (PVT) Ltd.,2026-04-13 11:48:07.294810
2026041301013542,NMB,17,8,40,251.0,10040.0,ABC Securities Private Limited,Brilliant Securities Pvt. Ltd.,2026-04-13 11:49:33.203265
2026041301013543,NMB,8,8,72,251.0,18072.0,Brilliant Securities Pvt. Ltd.,Brilliant Securities Pvt. Ltd.,2026-04-13 11:49:33.203416
2026041301013649,NMB,76,34,10,253.0,2530.0,Machhapuchchhre Securities Limited,Vision Securities Pvt. Ltd,2026-04-13 11:49:56.032864
2026041301013841,NMB,62,34,30,253.0,7590.0,Capital Max Securities Ltd,Vision Securities Pvt. Ltd,2026-04-13 11:50:46.116227
2026041301014461,NMB,13,34,100,253.0,25300.0,Thrive Brokerage House Pvt. Ltd,Vision Securities Pvt. Ltd,2026-04-13 11:54:09.022875
2026041301014703,NMB,8,50,10,252.1,2521.0,Brilliant Securities Pvt. Ltd.,Cristal Kanchanjanga Securites Pvt. Ltd.,2026-04-13 11:55:27.479786
2026041301015321,NMB,8,48,30,252.1,7563.0,Brilliant Securities Pvt. Ltd.,Trishakti Securities Public Limited,2026-04-13 11:59:00.183846
2026041301015322,NMB,38,48,10,252.1,2521.0,Dipshikha Dhitopatra Karobar Co. Pvt Ltd.,Trishakti Securities Public Limited,2026-04-13 11:59:00.183957
2026041301015323,NMB,17,48,40,252.0,10080.0,ABC Securities Private Limited,Trishakti Securities Public Limited,2026-04-13 11:59:00.184081
2026041301015324,NMB,17,48,35,251.0,8785.0,ABC Securities Private Limited,Trishakti Securities Public Limited,2026-04-13 11:59:00.184173
2026041301015860,NMB,32,34,123,250.0,30750.0,Premier Securities Company Ltd.,Vision Securities Pvt. Ltd,2026-04-13 12:03:07.847459
2026041301016052,NMB,32,16,277,250.0,69250.0,Premier Securities Company Ltd.,Primo Securities (PVT) Ltd.,2026-04-13 12:04:40.534485
2026041301016070,NMB,49,16,861,249.4,214733.4,Online Securities Pvt. Ltd.,Primo Securities (PVT) Ltd.,2026-04-13 12:04:54.351530
2026041301016071,NMB,32,16,50,249.2,12460.0,Premier Securities Company Ltd.,Primo Securities (PVT) Ltd.,2026-04-13 12:04:54.351714
2026041301016072,NMB,43,16,269,249.1,67007.9,South Asian Bulls Pvt. Ltd.,Primo Securities (PVT) Ltd.,2026-04-13 12:04:54.351827
2026041301016073,NMB,58,16,13,249.0,3237.0,Naasa Securities Co. Ltd.,Primo Securities (PVT) Ltd.,2026-04-13 12:04:54.351934
2026041301017189,NMB,76,26,10,252.0,2520.0,Machhapuchchhre Securities Limited,Asian Securities Private Ltd.,2026-04-13 12:12:06.327239
2026041301017509,NMB,1,14,56,249.1,13949.6,Kumari Securities Private Limited,Nepal Stock House (PVT) Ltd.,2026-04-13 12:14:24.134606
2026041301017960,NMB,33,26,20,252.0,5040.0,Dakshinkali Investment & Securities Pvt. Ltd.,Asian Securities Private Ltd.,2026-04-13 12:18:34.475287
2026041301018648,NMB,44,26,100,252.0,25200.0,Dynamic Money Managers Securities Pvt. Ltd.,Asian Securities Private Ltd.,2026-04-13 12:24:30.271745
2026041301019256,NMB,58,26,20,252.0,5040.0,Naasa Securities Co. Ltd.,Asian Securities Private Ltd.,2026-04-13 12:29:09.731503
2026041301019379,NMB,44,40,20,251.0,5020.0,Dynamic Money Managers Securities Pvt. Ltd.,Creative Securities Pvt Ltd,2026-04-13 12:29:57.627787
2026041301019380,NMB,57,40,370,250.0,92500.0,Aryatara Investment & Securities,Creative Securities Pvt Ltd,2026-04-13 12:29:57.627889
2026041301019387,NMB,10,26,101,252.0,25452.0,Pragyan Securities (PVT) Ltd.,Asian Securities Private Ltd.,2026-04-13 12:30:01.694187
2026041301019902,NMB,38,54,8,249.0,1992.0,Dipshikha Dhitopatra Karobar Co. Pvt Ltd.,Sewa Securities Pvt. Ltd.,2026-04-13 12:34:05.935243
2026041301022066,NMB,39,26,123,252.0,30996.0,Sumeru Securities Pvt. Ltd.,Asian Securities Private Ltd.,2026-04-13 12:49:41.829330
2026041301023260,NMB,22,35,1,247.0,247.0,Siprabi Securities Pvt. Ltd.,Kohinoor Investment & Securities Pvt. Ltd.,2026-04-13 12:57:17.779146
2026041301023725,NMB,22,42,6,249.2,1495.2,Siprabi Securities Pvt. Ltd.,Sani Securities Company Ltd.,2026-04-13 13:00:57.691117
2026041301024537,NMB,48,11,20,251.9,5038.0,Trishakti Securities Public Limited,Malla & Malla Stock Broking Company Pvt. Limited,2026-04-13 13:06:05.117332
2026041301025037,NMB,49,58,10,250.1,2501.0,Online Securities Pvt. Ltd.,Naasa Securities Co. Ltd.,2026-04-13 13:10:00.851228
2026041301025437,NMB,32,48,101,250.2,25270.2,Premier Securities Company Ltd.,Trishakti Securities Public Limited,2026-04-13 13:12:59.126927
2026041301025764,NMB,32,47,399,250.2,99829.8,Premier Securities Company Ltd.,Neev Securities Pvt. Ltd.,2026-04-13 13:15:08.436892
2026041301025845,NMB,49,47,490,250.1,122549.0,Online Securities Pvt. Ltd.,Neev Securities Pvt. Ltd.,2026-04-13 13:15:58.272968
2026041301027738,NMB,57,13,130,250.0,32500.0,Aryatara Investment & Securities,Thrive Brokerage House Pvt. Ltd,2026-04-13 13:26:32.112625
2026041301028226,NMB,1,13,170,249.1,42347.0,Kumari Securities Private Limited,Thrive Brokerage House Pvt. Ltd,2026-04-13 13:30:46.524857
2026041301028256,NMB,1,58,194,249.1,48325.4,Kumari Securities Private Limited,Naasa Securities Co. Ltd.,2026-04-13 13:31:02.248809
2026041301028409,NMB,1,16,80,249.1,19928.0,Kumari Securities Private Limited,Primo Securities (PVT) Ltd.,2026-04-13 13:31:44.211149
2026041301028410,NMB,26,16,933,249.1,232410.3,Asian Securities Private Ltd.,Primo Securities (PVT) Ltd.,2026-04-13 13:31:44.211254
2026041301028411,NMB,1,16,500,249.1,124550.0,Kumari Securities Private Limited,Primo Securities (PVT) Ltd.,2026-04-13 13:31:44.211300
2026041301028412,NMB,37,16,41,249.0,10209.0,Swarna Laxmi Securities Pvt. Ltd.,Primo Securities (PVT) Ltd.,2026-04-13 13:31:44.211350
2026041301028413,NMB,33,16,1108,249.0,275892.0,Dakshinkali Investment & Securities Pvt. Ltd.,Primo Securities (PVT) Ltd.,2026-04-13 13:31:44.211399
2026041301028506,NMB,69,49,10,250.0,2500.0,INDEX SECURITIES LIMITED,Online Securities Pvt. Ltd.,2026-04-13 13:32:44.103795
2026041301028574,NMB,45,49,15,250.0,3750.0,Imperial Securities Company Pvt. Ltd.,Online Securities Pvt. Ltd.,2026-04-13 13:33:20.198052
2026041301029227,NMB,33,49,72,250.0,18000.0,Dakshinkali Investment & Securities Pvt. Ltd.,Online Securities Pvt. Ltd.,2026-04-13 13:40:21.248222
2026041301029240,NMB,32,47,111,250.1,27761.1,Premier Securities Company Ltd.,Neev Securities Pvt. Ltd.,2026-04-13 13:40:31.884471
2026041301029481,NMB,32,11,389,250.1,97288.9,Premier Securities Company Ltd.,Malla & Malla Stock Broking Company Pvt. Limited,2026-04-13 13:42:41.345958
2026041301029583,NMB,42,58,9,247.0,2223.0,Sani Securities Company Ltd.,Naasa Securities Co. Ltd.,2026-04-13 13:43:42.557175
2026041301029824,NMB,94,13,100,250.5,25050.0,K.B.L. Securities Limited ,Thrive Brokerage House Pvt. Ltd,2026-04-13 13:46:23.018562
2026041301029825,NMB,94,11,504,250.9,126453.6,K.B.L. Securities Limited ,Malla & Malla Stock Broking Company Pvt. Limited,2026-04-13 13:46:23.018695
2026041301029826,NMB,94,17,1896,251.0,475896.0,K.B.L. Securities Limited ,ABC Securities Private Limited,2026-04-13 13:46:23.018771
2026041301031438,NMB,5,21,11,250.5,2755.5,Market Securities & Exchange (PVT) Ltd.,Midas Stock Broking Company Private Limited,2026-04-13 14:00:59.599514
2026041301031695,NMB,17,1,100,250.0,25000.0,ABC Securities Private Limited,Kumari Securities Private Limited,2026-04-13 14:03:22.959098
2026041301031745,NMB,77,1,20,250.0,5000.0,Nabil Stock Dealer Ltd.,Kumari Securities Private Limited,2026-04-13 14:03:40.881847
2026041301031816,NMB,58,21,4,249.0,996.0,Naasa Securities Co. Ltd.,Midas Stock Broking Company Private Limited,2026-04-13 14:04:21.234647
2026041301031986,NMB,33,1,1428,250.0,357000.0,Dakshinkali Investment & Securities Pvt. Ltd.,Kumari Securities Private Limited,2026-04-13 14:06:11.314063
2026041301032079,NMB,58,14,95,249.5,23702.5,Naasa Securities Co. Ltd.,Nepal Stock House (PVT) Ltd.,2026-04-13 14:07:17.099094
2026041301032080,NMB,17,14,21,249.5,5239.5,ABC Securities Private Limited,Nepal Stock House (PVT) Ltd.,2026-04-13 14:07:17.099335
2026041301032663,NMB,69,13,10,250.9,2509.0,INDEX SECURITIES LIMITED,Thrive Brokerage House Pvt. Ltd,2026-04-13 14:11:12.167363
2026041301032721,NMB,42,13,10,250.9,2509.0,Sani Securities Company Ltd.,Thrive Brokerage House Pvt. Ltd,2026-04-13 14:11:38.355389
2026041301033472,NMB,5,17,9,251.0,2259.0,Market Securities & Exchange (PVT) Ltd.,ABC Securities Private Limited,2026-04-13 14:16:53.580520
2026041301033925,NMB,58,17,10,250.0,2500.0,Naasa Securities Co. Ltd.,ABC Securities Private Limited,2026-04-13 14:19:23.940931
2026041301033926,NMB,58,17,20,250.0,5000.0,Naasa Securities Co. Ltd.,ABC Securities Private Limited,2026-04-13 14:19:23.941200
2026041301033966,NMB,94,17,10,250.0,2500.0,K.B.L. Securities Limited ,ABC Securities Private Limited,2026-04-13 14:19:38.780756
2026041301034611,NMB,17,32,23,249.5,5738.5,ABC Securities Private Limited,Premier Securities Company Ltd.,2026-04-13 14:23:15.778427
2026041301034770,NMB,17,34,56,249.5,13972.0,ABC Securities Private Limited,Vision Securities Pvt. Ltd,2026-04-13 14:24:01.426442
2026041301035021,NMB,45,34,44,249.5,10978.0,Imperial Securities Company Pvt. Ltd.,Vision Securities Pvt. Ltd,2026-04-13 14:24:49.402088
2026041301035950,NMB,33,17,834,250.0,208500.0,Dakshinkali Investment & Securities Pvt. Ltd.,ABC Securities Private Limited,2026-04-13 14:25:12.289494
2026041301036620,NMB,49,17,80,250.0,20000.0,Online Securities Pvt. Ltd.,ABC Securities Private Limited,2026-04-13 14:30:30.389249
2026041301036856,NMB,32,17,300,250.0,75000.0,Premier Securities Company Ltd.,ABC Securities Private Limited,2026-04-13 14:32:16.598844
2026041301036880,NMB,42,22,50,249.3,12465.0,Sani Securities Company Ltd.,Siprabi Securities Pvt. Ltd.,2026-04-13 14:32:22.835186
2026041301036967,NMB,42,52,50,249.3,12465.0,Sani Securities Company Ltd.,Sundhara Securities Limited,2026-04-13 14:33:02.534075
2026041301037170,NMB,4,17,20,250.0,5000.0,Opal Securities Investment (PVT) Ltd.,ABC Securities Private Limited,2026-04-13 14:34:28.364498
2026041301037401,NMB,42,17,28,250.0,7000.0,Sani Securities Company Ltd.,ABC Securities Private Limited,2026-04-13 14:35:50.349788
2026041301037402,NMB,42,39,2,250.0,500.0,Sani Securities Company Ltd.,Sumeru Securities Pvt. Ltd.,2026-04-13 14:35:50.349873
2026041301037680,NMB,34,17,29,250.0,7250.0,Vision Securities Pvt. Ltd,ABC Securities Private Limited,2026-04-13 14:37:15.172543
2026041301038168,NMB,21,17,100,250.0,25000.0,Midas Stock Broking Company Private Limited,ABC Securities Private Limited,2026-04-13 14:39:40.113525
2026041301038526,NMB,38,17,10,250.0,2500.0,Dipshikha Dhitopatra Karobar Co. Pvt Ltd.,ABC Securities Private Limited,2026-04-13 14:41:58.214751
2026041301038547,NMB,22,36,15,249.4,3741.0,Siprabi Securities Pvt. Ltd.,Secured Securities Ltd.,2026-04-13 14:42:00.754868
2026041301038548,NMB,1,36,500,249.2,124600.0,Kumari Securities Private Limited,Secured Securities Ltd.,2026-04-13 14:42:00.754963
2026041301038549,NMB,74,36,1185,249.2,295302.0,KALASH STOCK MARKET PVT. LTD.,Secured Securities Ltd.,2026-04-13 14:42:00.755059
2026041301038778,NMB,74,42,227,249.2,56568.4,KALASH STOCK MARKET PVT. LTD.,Sani Securities Company Ltd.,2026-04-13 14:43:35.422166
2026041301039624,NMB,51,17,80,250.0,20000.0,Oxford Securities Pvt. Ltd.,ABC Securities Private Limited,2026-04-13 14:47:23.311464
2026041301039830,NMB,74,58,50,249.2,12460.0,KALASH STOCK MARKET PVT. LTD.,Naasa Securities Co. Ltd.,2026-04-13 14:48:21.261465
2026041301040061,NMB,35,32,25,249.9,6247.5,Kohinoor Investment & Securities Pvt. Ltd.,Premier Securities Company Ltd.,2026-04-13 14:49:25.971709
2026041301040298,NMB,34,32,50,249.9,12495.0,Vision Securities Pvt. Ltd,Premier Securities Company Ltd.,2026-04-13 14:50:42.642188
2026041301040384,NMB,74,75,38,249.2,9469.6,KALASH STOCK MARKET PVT. LTD.,N.I.M.B. Stock Markets Limited,2026-04-13 14:51:07.847169
2026041301040385,NMB,26,75,110,249.1,27401.0,Asian Securities Private Ltd.,N.I.M.B. Stock Markets Limited,2026-04-13 14:51:07.847458
2026041301040386,NMB,46,75,10,249.1,2491.0,Kalika Securities Pvt. Ltd.,N.I.M.B. Stock Markets Limited,2026-04-13 14:51:07.847632
2026041301040387,NMB,3,75,1000,249.1,249100.0,Arun Securities (PVT) Ltd.,N.I.M.B. Stock Markets Limited,2026-04-13 14:51:07.847818
2026041301040388,NMB,57,75,500,249.0,124500.0,Aryatara Investment & Securities,N.I.M.B. Stock Markets Limited,2026-04-13 14:51:07.847990
2026041301040389,NMB,22,75,19,249.0,4731.0,Siprabi Securities Pvt. Ltd.,N.I.M.B. Stock Markets Limited,2026-04-13 14:51:07.848174
2026041301040390,NMB,38,75,50,249.0,12450.0,Dipshikha Dhitopatra Karobar Co. Pvt Ltd.,N.I.M.B. Stock Markets Limited,2026-04-13 14:51:07.848350
2026041301040391,NMB,41,75,320,249.0,79680.0,Linch Stock Market Ltd.,N.I.M.B. Stock Markets Limited,2026-04-13 14:51:07.848513
2026041301040433,NMB,36,43,100,249.1,24910.0,Secured Securities Ltd.,South Asian Bulls Pvt. Ltd.,2026-04-13 14:51:26.425301
2026041301040526,NMB,41,51,153,249.0,38097.0,Linch Stock Market Ltd.,Oxford Securities Pvt. Ltd.,2026-04-13 14:52:02.752428
2026041301040804,NMB,57,43,100,249.1,24910.0,Aryatara Investment & Securities,South Asian Bulls Pvt. Ltd.,2026-04-13 14:53:16.548713
2026041301040855,NMB,34,43,50,249.1,12455.0,Vision Securities Pvt. Ltd,South Asian Bulls Pvt. Ltd.,2026-04-13 14:53:33.653664
2026041301041357,NMB,34,29,10,249.1,2491.0,Vision Securities Pvt. Ltd,Trisul Securities & Invt. Ltd.,2026-04-13 14:55:30.736111
2026041301041358,NMB,41,29,167,249.0,41583.0,Linch Stock Market Ltd.,Trisul Securities & Invt. Ltd.,2026-04-13 14:55:30.736249
2026041301041359,NMB,21,29,723,249.0,180027.0,Midas Stock Broking Company Private Limited,Trisul Securities & Invt. Ltd.,2026-04-13 14:55:30.736333
2026041301042328,NMB,21,32,50,249.0,12450.0,Midas Stock Broking Company Private Limited,Premier Securities Company Ltd.,2026-04-13 14:58:34.543766
2026041301042509,NMB,21,36,227,249.0,56523.0,Midas Stock Broking Company Private Limited,Secured Securities Ltd.,2026-04-13 14:59:03.340347
2026041301042510,NMB,13,36,500,249.0,124500.0,Thrive Brokerage House Pvt. Ltd,Secured Securities Ltd.,2026-04-13 14:59:03.340467
2026041301042511,NMB,45,36,363,248.4,90169.2,Imperial Securities Company Pvt. Ltd.,Secured Securities Ltd.,2026-04-13 14:59:03.340528
