contractId,stockSymbol,buyerMemberId,sellerMemberId,quantity,rate,amount,businessDate,tradeBookId,stockId,buyerBrokerName,sellerBrokerName,transaction_time,securityName
2026041305000951,NYADI,58,48,10,410.0,4100.0,2026-04-13,186094843,8026,Naasa Securities Co. Ltd.,Trishakti Securities Public Limited,2026-04-13 11:09:50.796503,Nyadi Hydropower Limited
2026041305001106,NYADI,28,41,10,405.3,4053.0,2026-04-13,186096639,8026,Shree Krishna Securities Ltd.,Linch Stock Market Ltd.,2026-04-13 11:11:24.911603,Nyadi Hydropower Limited
2026041305001212,NYADI,34,50,10,406.0,4060.0,2026-04-13,186098183,8026,Vision Securities Pvt. Ltd,Cristal Kanchanjanga Securites Pvt. Ltd.,2026-04-13 11:12:31.406524,Nyadi Hydropower Limited
2026041305001286,NYADI,28,6,10,405.3,4053.0,2026-04-13,186099011,8026,Shree Krishna Securities Ltd.,Agrawal Securities (PVT) Ltd.,2026-04-13 11:13:14.584468,Nyadi Hydropower Limited
2026041305002047,NYADI,58,45,10,406.0,4060.0,2026-04-13,186106013,8026,Naasa Securities Co. Ltd.,Imperial Securities Company Pvt. Ltd.,2026-04-13 11:20:08.967503,Nyadi Hydropower Limited
2026041305002655,NYADI,38,35,10,408.0,4080.0,2026-04-13,186111377,8026,Dipshikha Dhitopatra Karobar Co. Pvt Ltd.,Kohinoor Investment & Securities Pvt. Ltd.,2026-04-13 11:26:00.852761,Nyadi Hydropower Limited
2026041305002696,NYADI,38,48,10,408.0,4080.0,2026-04-13,186111669,8026,Dipshikha Dhitopatra Karobar Co. Pvt Ltd.,Trishakti Securities Public Limited,2026-04-13 11:26:13.866118,Nyadi Hydropower Limited
2026041305003221,NYADI,38,80,10,408.0,4080.0,2026-04-13,186115467,8026,Dipshikha Dhitopatra Karobar Co. Pvt Ltd.,Indira securities pvt. ltd,2026-04-13 11:30:15.611967,Nyadi Hydropower Limited
2026041305003258,NYADI,38,52,52,408.0,21216.0,2026-04-13,186115787,8026,Dipshikha Dhitopatra Karobar Co. Pvt Ltd.,Sundhara Securities Limited,2026-04-13 11:30:37.479845,Nyadi Hydropower Limited
2026041305003398,NYADI,35,42,10,410.0,4100.0,2026-04-13,186116911,8026,Kohinoor Investment & Securities Pvt. Ltd.,Sani Securities Company Ltd.,2026-04-13 11:31:59.183458,Nyadi Hydropower Limited
2026041305003433,NYADI,35,47,10,410.0,4100.0,2026-04-13,186117079,8026,Kohinoor Investment & Securities Pvt. Ltd.,Neev Securities Pvt. Ltd.,2026-04-13 11:32:09.543722,Nyadi Hydropower Limited
2026041305003451,NYADI,35,52,30,410.0,12300.0,2026-04-13,186117217,8026,Kohinoor Investment & Securities Pvt. Ltd.,Sundhara Securities Limited,2026-04-13 11:32:22.756809,Nyadi Hydropower Limited
2026041305003660,NYADI,38,58,10,408.0,4080.0,2026-04-13,186118783,8026,Dipshikha Dhitopatra Karobar Co. Pvt Ltd.,Naasa Securities Co. Ltd.,2026-04-13 11:34:11.746042,Nyadi Hydropower Limited
2026041305003740,NYADI,38,45,10,408.0,4080.0,2026-04-13,186119581,8026,Dipshikha Dhitopatra Karobar Co. Pvt Ltd.,Imperial Securities Company Pvt. Ltd.,2026-04-13 11:35:11.882732,Nyadi Hydropower Limited
2026041305003756,NYADI,38,36,10,408.0,4080.0,2026-04-13,186119807,8026,Dipshikha Dhitopatra Karobar Co. Pvt Ltd.,Secured Securities Ltd.,2026-04-13 11:35:30.756294,Nyadi Hydropower Limited
2026041305003984,NYADI,34,77,10,411.5,4115.0,2026-04-13,186121916,8026,Vision Securities Pvt. Ltd,Nabil Stock Dealer Ltd.,2026-04-13 11:38:12.256587,Nyadi Hydropower Limited
2026041305004179,NYADI,34,1,10,412.0,4120.0,2026-04-13,186123660,8026,Vision Securities Pvt. Ltd,Kumari Securities Private Limited,2026-04-13 11:40:32.968512,Nyadi Hydropower Limited
2026041305004471,NYADI,35,62,10,412.0,4120.0,2026-04-13,186126589,8026,Kohinoor Investment & Securities Pvt. Ltd.,Capital Max Securities Ltd,2026-04-13 11:43:52.891110,Nyadi Hydropower Limited
2026041305006460,NYADI,59,17,10,410.0,4100.0,2026-04-13,186144373,8026,Deevyaa Securities & Stock House Pvt. Ltd,ABC Securities Private Limited,2026-04-13 12:05:13.317030,Nyadi Hydropower Limited
2026041305007007,NYADI,58,38,30,413.0,12390.0,2026-04-13,186149414,8026,Naasa Securities Co. Ltd.,Dipshikha Dhitopatra Karobar Co. Pvt Ltd.,2026-04-13 12:12:06.803439,Nyadi Hydropower Limited
2026041305007008,NYADI,58,45,10,413.0,4130.0,2026-04-13,186149416,8026,Naasa Securities Co. Ltd.,Imperial Securities Company Pvt. Ltd.,2026-04-13 12:12:06.803548,Nyadi Hydropower Limited
2026041305007009,NYADI,58,53,30,413.0,12390.0,2026-04-13,186149419,8026,Naasa Securities Co. Ltd.,Investment Management Nepal Pvt. Ltd.,2026-04-13 12:12:06.803590,Nyadi Hydropower Limited
2026041305007340,NYADI,44,45,10,410.1,4101.0,2026-04-13,186152601,8026,Dynamic Money Managers Securities Pvt. Ltd.,Imperial Securities Company Pvt. Ltd.,2026-04-13 12:16:24.343012,Nyadi Hydropower Limited
2026041305007815,NYADI,44,42,10,410.1,4101.0,2026-04-13,186157647,8026,Dynamic Money Managers Securities Pvt. Ltd.,Sani Securities Company Ltd.,2026-04-13 12:23:05.660787,Nyadi Hydropower Limited
2026041305008036,NYADI,59,77,10,414.0,4140.0,2026-04-13,186159889,8026,Deevyaa Securities & Stock House Pvt. Ltd,Nabil Stock Dealer Ltd.,2026-04-13 12:26:29.329249,Nyadi Hydropower Limited
2026041305008037,NYADI,59,74,10,414.0,4140.0,2026-04-13,186159891,8026,Deevyaa Securities & Stock House Pvt. Ltd,KALASH STOCK MARKET PVT. LTD.,2026-04-13 12:26:29.329389,Nyadi Hydropower Limited
2026041305008038,NYADI,59,58,10,414.0,4140.0,2026-04-13,186159893,8026,Deevyaa Securities & Stock House Pvt. Ltd,Naasa Securities Co. Ltd.,2026-04-13 12:26:29.329430,Nyadi Hydropower Limited
2026041305008474,NYADI,45,58,10,412.0,4120.0,2026-04-13,186164247,8026,Imperial Securities Company Pvt. Ltd.,Naasa Securities Co. Ltd.,2026-04-13 12:32:39.073089,Nyadi Hydropower Limited
2026041305008571,NYADI,45,58,10,412.0,4120.0,2026-04-13,186165267,8026,Imperial Securities Company Pvt. Ltd.,Naasa Securities Co. Ltd.,2026-04-13 12:34:01.434975,Nyadi Hydropower Limited
2026041305008697,NYADI,34,58,10,414.1,4141.0,2026-04-13,186166434,8026,Vision Securities Pvt. Ltd,Naasa Securities Co. Ltd.,2026-04-13 12:36:01.139398,Nyadi Hydropower Limited
2026041305008780,NYADI,45,52,10,412.0,4120.0,2026-04-13,186166969,8026,Imperial Securities Company Pvt. Ltd.,Sundhara Securities Limited,2026-04-13 12:36:50.785631,Nyadi Hydropower Limited
2026041305009243,NYADI,45,36,10,412.0,4120.0,2026-04-13,186170843,8026,Imperial Securities Company Pvt. Ltd.,Secured Securities Ltd.,2026-04-13 12:42:15.151378,Nyadi Hydropower Limited
2026041305009417,NYADI,45,39,102,412.0,42024.0,2026-04-13,186172510,8026,Imperial Securities Company Pvt. Ltd.,Sumeru Securities Pvt. Ltd.,2026-04-13 12:44:29.448183,Nyadi Hydropower Limited
2026041305009418,NYADI,42,39,38,412.0,15656.0,2026-04-13,186172511,8026,Sani Securities Company Ltd.,Sumeru Securities Pvt. Ltd.,2026-04-13 12:44:29.448343,Nyadi Hydropower Limited
2026041305009975,NYADI,11,36,10,410.5,4105.0,2026-04-13,186177379,8026,Malla & Malla Stock Broking Company Pvt. Limited,Secured Securities Ltd.,2026-04-13 12:51:05.789122,Nyadi Hydropower Limited
2026041305010387,NYADI,44,52,30,411.0,12330.0,2026-04-13,186181369,8026,Dynamic Money Managers Securities Pvt. Ltd.,Sundhara Securities Limited,2026-04-13 12:56:36.242301,Nyadi Hydropower Limited
2026041305011978,NYADI,35,58,10,411.8,4118.0,2026-04-13,186199511,8026,Kohinoor Investment & Securities Pvt. Ltd.,Naasa Securities Co. Ltd.,2026-04-13 13:22:48.376484,Nyadi Hydropower Limited
2026041305012651,NYADI,58,19,10,412.0,4120.0,2026-04-13,186206749,8026,Naasa Securities Co. Ltd.,Nepal Investment And Securities Trading Private Limited,2026-04-13 13:34:33.523056,Nyadi Hydropower Limited
2026041305013363,NYADI,38,38,10,412.0,4120.0,2026-04-13,186212723,8026,Dipshikha Dhitopatra Karobar Co. Pvt Ltd.,Dipshikha Dhitopatra Karobar Co. Pvt Ltd.,2026-04-13 13:45:47.409831,Nyadi Hydropower Limited
2026041305013445,NYADI,35,58,10,411.8,4118.0,2026-04-13,186213223,8026,Kohinoor Investment & Securities Pvt. Ltd.,Naasa Securities Co. Ltd.,2026-04-13 13:46:33.664458,Nyadi Hydropower Limited
2026041305013589,NYADI,35,29,10,411.8,4118.0,2026-04-13,186214277,8026,Kohinoor Investment & Securities Pvt. Ltd.,Trisul Securities & Invt. Ltd.,2026-04-13 13:48:26.878730,Nyadi Hydropower Limited
2026041305013794,NYADI,58,14,40,412.0,16480.0,2026-04-13,186216425,8026,Naasa Securities Co. Ltd.,Nepal Stock House (PVT) Ltd.,2026-04-13 13:52:31.144676,Nyadi Hydropower Limited
2026041305013795,NYADI,58,75,5,412.0,2060.0,2026-04-13,186216427,8026,Naasa Securities Co. Ltd.,N.I.M.B. Stock Markets Limited,2026-04-13 13:52:31.144967,Nyadi Hydropower Limited
2026041305014212,NYADI,67,59,10,412.0,4120.0,2026-04-13,186219787,8026,Property Wiard Limited,Deevyaa Securities & Stock House Pvt. Ltd,2026-04-13 13:58:26.815223,Nyadi Hydropower Limited
2026041305014278,NYADI,67,52,10,412.0,4120.0,2026-04-13,186220106,8026,Property Wiard Limited,Sundhara Securities Limited,2026-04-13 13:59:03.674208,Nyadi Hydropower Limited
2026041305014408,NYADI,58,52,10,412.0,4120.0,2026-04-13,186221169,8026,Naasa Securities Co. Ltd.,Sundhara Securities Limited,2026-04-13 14:00:43.723275,Nyadi Hydropower Limited
2026041305014943,NYADI,58,68,70,412.0,28840.0,2026-04-13,186225555,8026,Naasa Securities Co. Ltd.,Elite Stock House Limited,2026-04-13 14:08:52.383679,Nyadi Hydropower Limited
2026041305015102,NYADI,54,60,160,412.0,65920.0,2026-04-13,186226951,8026,Sewa Securities Pvt. Ltd.,Nagarik Stock Dealer ,2026-04-13 14:10:46.020675,Nyadi Hydropower Limited
2026041305015103,NYADI,54,52,40,412.0,16480.0,2026-04-13,186226954,8026,Sewa Securities Pvt. Ltd.,Sundhara Securities Limited,2026-04-13 14:10:46.020874,Nyadi Hydropower Limited
2026041305015338,NYADI,59,6,55,413.0,22715.0,2026-04-13,186229003,8026,Deevyaa Securities & Stock House Pvt. Ltd,Agrawal Securities (PVT) Ltd.,2026-04-13 14:13:40.209352,Nyadi Hydropower Limited
2026041305015339,NYADI,59,43,10,413.0,4130.0,2026-04-13,186229005,8026,Deevyaa Securities & Stock House Pvt. Ltd,South Asian Bulls Pvt. Ltd.,2026-04-13 14:13:40.209547,Nyadi Hydropower Limited
2026041305015356,NYADI,59,52,40,413.0,16520.0,2026-04-13,186229285,8026,Deevyaa Securities & Stock House Pvt. Ltd,Sundhara Securities Limited,2026-04-13 14:13:49.712002,Nyadi Hydropower Limited
2026041305015390,NYADI,59,60,85,413.0,35105.0,2026-04-13,186229562,8026,Deevyaa Securities & Stock House Pvt. Ltd,Nagarik Stock Dealer ,2026-04-13 14:14:15.081884,Nyadi Hydropower Limited
2026041305015454,NYADI,35,4,20,411.8,8236.0,2026-04-13,186230124,8026,Kohinoor Investment & Securities Pvt. Ltd.,Opal Securities Investment (PVT) Ltd.,2026-04-13 14:15:13.727836,Nyadi Hydropower Limited
2026041305015455,NYADI,48,4,30,411.8,12354.0,2026-04-13,186230125,8026,Trishakti Securities Public Limited,Opal Securities Investment (PVT) Ltd.,2026-04-13 14:15:13.727963,Nyadi Hydropower Limited
2026041305015641,NYADI,48,60,170,411.8,70006.0,2026-04-13,186231474,8026,Trishakti Securities Public Limited,Nagarik Stock Dealer ,2026-04-13 14:17:13.971625,Nyadi Hydropower Limited
2026041305015744,NYADI,58,16,10,411.1,4111.0,2026-04-13,186232643,8026,Naasa Securities Co. Ltd.,Primo Securities (PVT) Ltd.,2026-04-13 14:18:41.877517,Nyadi Hydropower Limited
2026041305015803,NYADI,58,60,10,411.1,4111.0,2026-04-13,186233182,8026,Naasa Securities Co. Ltd.,Nagarik Stock Dealer ,2026-04-13 14:19:31.924784,Nyadi Hydropower Limited
2026041305015804,NYADI,44,60,450,411.0,184950.0,2026-04-13,186233184,8026,Dynamic Money Managers Securities Pvt. Ltd.,Nagarik Stock Dealer ,2026-04-13 14:19:31.925070,Nyadi Hydropower Limited
2026041305015805,NYADI,58,60,24,411.0,9864.0,2026-04-13,186233186,8026,Naasa Securities Co. Ltd.,Nagarik Stock Dealer ,2026-04-13 14:19:31.925206,Nyadi Hydropower Limited
2026041305015806,NYADI,58,60,25,411.0,10275.0,2026-04-13,186233188,8026,Naasa Securities Co. Ltd.,Nagarik Stock Dealer ,2026-04-13 14:19:31.925378,Nyadi Hydropower Limited
2026041305016266,NYADI,13,60,236,411.0,96996.0,2026-04-13,186239931,8026,Thrive Brokerage House Pvt. Ltd,Nagarik Stock Dealer ,2026-04-13 14:25:12.955072,Nyadi Hydropower Limited
2026041305016458,NYADI,13,34,10,411.0,4110.0,2026-04-13,186242023,8026,Thrive Brokerage House Pvt. Ltd,Vision Securities Pvt. Ltd,2026-04-13 14:27:54.526558,Nyadi Hydropower Limited
2026041305016606,NYADI,13,42,10,410.6,4106.0,2026-04-13,186243285,8026,Thrive Brokerage House Pvt. Ltd,Sani Securities Company Ltd.,2026-04-13 14:29:27.792789,Nyadi Hydropower Limited
2026041305017036,NYADI,42,58,10,412.0,4120.0,2026-04-13,186247241,8026,Sani Securities Company Ltd.,Naasa Securities Co. Ltd.,2026-04-13 14:34:33.825116,Nyadi Hydropower Limited
2026041305017037,NYADI,42,58,10,412.0,4120.0,2026-04-13,186247243,8026,Sani Securities Company Ltd.,Naasa Securities Co. Ltd.,2026-04-13 14:34:33.825363,Nyadi Hydropower Limited
2026041305017038,NYADI,42,53,10,412.0,4120.0,2026-04-13,186247245,8026,Sani Securities Company Ltd.,Investment Management Nepal Pvt. Ltd.,2026-04-13 14:34:33.825497,Nyadi Hydropower Limited
2026041305017039,NYADI,42,35,20,412.0,8240.0,2026-04-13,186247248,8026,Sani Securities Company Ltd.,Kohinoor Investment & Securities Pvt. Ltd.,2026-04-13 14:34:33.825624,Nyadi Hydropower Limited
2026041305017259,NYADI,56,35,73,412.0,30076.0,2026-04-13,186249048,8026,Sri Hari Securities Pvt. Ltd.,Kohinoor Investment & Securities Pvt. Ltd.,2026-04-13 14:36:31.363918,Nyadi Hydropower Limited
2026041305017677,NYADI,11,96,40,410.6,16424.0,2026-04-13,186252870,8026,Malla & Malla Stock Broking Company Pvt. Limited,Himalayan Securities Limited,2026-04-13 14:40:38.222627,Nyadi Hydropower Limited
2026041305017678,NYADI,33,96,10,410.0,4100.0,2026-04-13,186252872,8026,Dakshinkali Investment & Securities Pvt. Ltd.,Himalayan Securities Limited,2026-04-13 14:40:38.222751,Nyadi Hydropower Limited
2026041305017679,NYADI,21,96,100,410.0,41000.0,2026-04-13,186252874,8026,Midas Stock Broking Company Private Limited,Himalayan Securities Limited,2026-04-13 14:40:38.222796,Nyadi Hydropower Limited
2026041305017680,NYADI,51,96,50,410.0,20500.0,2026-04-13,186252876,8026,Oxford Securities Pvt. Ltd.,Himalayan Securities Limited,2026-04-13 14:40:38.222836,Nyadi Hydropower Limited
2026041305017681,NYADI,34,96,100,410.0,41000.0,2026-04-13,186252878,8026,Vision Securities Pvt. Ltd,Himalayan Securities Limited,2026-04-13 14:40:38.222872,Nyadi Hydropower Limited
2026041305017682,NYADI,42,96,100,410.0,41000.0,2026-04-13,186252880,8026,Sani Securities Company Ltd.,Himalayan Securities Limited,2026-04-13 14:40:38.222913,Nyadi Hydropower Limited
2026041305017687,NYADI,11,96,300,410.0,123000.0,2026-04-13,186252894,8026,Malla & Malla Stock Broking Company Pvt. Limited,Himalayan Securities Limited,2026-04-13 14:40:40.416533,Nyadi Hydropower Limited
2026041305017746,NYADI,29,56,40,409.0,16360.0,2026-04-13,186253243,8026,Trisul Securities & Invt. Ltd.,Sri Hari Securities Pvt. Ltd.,2026-04-13 14:41:06.829377,Nyadi Hydropower Limited
2026041305017864,NYADI,45,96,130,410.0,53300.0,2026-04-13,186254228,8026,Imperial Securities Company Pvt. Ltd.,Himalayan Securities Limited,2026-04-13 14:42:11.495884,Nyadi Hydropower Limited
2026041305018264,NYADI,49,28,23,408.0,9384.0,2026-04-13,186257380,8026,Online Securities Pvt. Ltd.,Shree Krishna Securities Ltd.,2026-04-13 14:45:13.695671,Nyadi Hydropower Limited
2026041305018283,NYADI,7,28,45,408.0,18360.0,2026-04-13,186257508,8026,J.F. Securites (PVT) Ltd.,Shree Krishna Securities Ltd.,2026-04-13 14:45:21.017197,Nyadi Hydropower Limited
2026041305018346,NYADI,28,53,67,407.0,27269.0,2026-04-13,186258161,8026,Shree Krishna Securities Ltd.,Investment Management Nepal Pvt. Ltd.,2026-04-13 14:45:47.342466,Nyadi Hydropower Limited
2026041305018524,NYADI,45,28,500,408.0,204000.0,2026-04-13,186259566,8026,Imperial Securities Company Pvt. Ltd.,Shree Krishna Securities Ltd.,2026-04-13 14:46:47.481576,Nyadi Hydropower Limited
2026041305018566,NYADI,28,58,10,407.0,4070.0,2026-04-13,186259843,8026,Shree Krishna Securities Ltd.,Naasa Securities Co. Ltd.,2026-04-13 14:47:02.964291,Nyadi Hydropower Limited
2026041305018626,NYADI,28,28,123,407.0,50061.0,2026-04-13,186260272,8026,Shree Krishna Securities Ltd.,Shree Krishna Securities Ltd.,2026-04-13 14:47:25.243391,Nyadi Hydropower Limited
2026041305018627,NYADI,41,28,20,407.0,8140.0,2026-04-13,186260274,8026,Linch Stock Market Ltd.,Shree Krishna Securities Ltd.,2026-04-13 14:47:25.243517,Nyadi Hydropower Limited
2026041305018628,NYADI,21,28,10,407.0,4070.0,2026-04-13,186260276,8026,Midas Stock Broking Company Private Limited,Shree Krishna Securities Ltd.,2026-04-13 14:47:25.243575,Nyadi Hydropower Limited
2026041305018630,NYADI,13,28,499,407.0,203093.0,2026-04-13,186260303,8026,Thrive Brokerage House Pvt. Ltd,Shree Krishna Securities Ltd.,2026-04-13 14:47:27.339712,Nyadi Hydropower Limited
2026041305019361,NYADI,13,28,345,407.0,140415.0,2026-04-13,186265292,8026,Thrive Brokerage House Pvt. Ltd,Shree Krishna Securities Ltd.,2026-04-13 14:51:23.072182,Nyadi Hydropower Limited
2026041305019410,NYADI,42,28,49,407.0,19943.0,2026-04-13,186265646,8026,Sani Securities Company Ltd.,Shree Krishna Securities Ltd.,2026-04-13 14:51:42.819888,Nyadi Hydropower Limited
2026041305019581,NYADI,13,7,50,407.0,20350.0,2026-04-13,186266946,8026,Thrive Brokerage House Pvt. Ltd,J.F. Securites (PVT) Ltd.,2026-04-13 14:52:36.745545,Nyadi Hydropower Limited
2026041305019687,NYADI,38,28,50,407.5,20375.0,2026-04-13,186267386,8026,Dipshikha Dhitopatra Karobar Co. Pvt Ltd.,Shree Krishna Securities Ltd.,2026-04-13 14:52:52.705016,Nyadi Hydropower Limited
2026041305019688,NYADI,22,28,50,407.0,20350.0,2026-04-13,186267388,8026,Siprabi Securities Pvt. Ltd.,Shree Krishna Securities Ltd.,2026-04-13 14:52:52.705116,Nyadi Hydropower Limited
2026041305019956,NYADI,5,51,10,407.0,4070.0,2026-04-13,186269491,8026,Market Securities & Exchange (PVT) Ltd.,Oxford Securities Pvt. Ltd.,2026-04-13 14:54:20.137334,Nyadi Hydropower Limited
2026041305020446,NYADI,13,49,10,408.1,4081.0,2026-04-13,186273247,8026,Thrive Brokerage House Pvt. Ltd,Online Securities Pvt. Ltd.,2026-04-13 14:56:31.196430,Nyadi Hydropower Limited
2026041305020467,NYADI,13,51,10,408.1,4081.0,2026-04-13,186273525,8026,Thrive Brokerage House Pvt. Ltd,Oxford Securities Pvt. Ltd.,2026-04-13 14:56:39.148978,Nyadi Hydropower Limited
2026041305020512,NYADI,13,56,10,408.1,4081.0,2026-04-13,186273861,8026,Thrive Brokerage House Pvt. Ltd,Sri Hari Securities Pvt. Ltd.,2026-04-13 14:56:50.205637,Nyadi Hydropower Limited
2026041305021458,NYADI,13,96,20,410.0,8200.0,2026-04-13,186281526,8026,Thrive Brokerage House Pvt. Ltd,Himalayan Securities Limited,2026-04-13 14:59:37.223222,Nyadi Hydropower Limited
2026041305021648,NYADI,86,96,150,410.0,61500.0,2026-04-13,186283033,8026,Stoxkarts Securities Limited,Himalayan Securities Limited,2026-04-13 14:59:54.012363,Nyadi Hydropower Limited
2026041305021649,NYADI,86,14,40,410.0,16400.0,2026-04-13,186283035,8026,Stoxkarts Securities Limited,Nepal Stock House (PVT) Ltd.,2026-04-13 14:59:54.012558,Nyadi Hydropower Limited
2026041305021650,NYADI,86,44,10,410.0,4100.0,2026-04-13,186283038,8026,Stoxkarts Securities Limited,Dynamic Money Managers Securities Pvt. Ltd.,2026-04-13 14:59:54.012682,Nyadi Hydropower Limited
