contractId,stockSymbol,buyerMemberId,sellerMemberId,quantity,rate,amount,businessDate,tradeBookId,stockId,buyerBrokerName,sellerBrokerName,transaction_time,securityName
2026041304000912,RADHI,32,58,13,825.2,10727.6,2026-04-13,186094814,2776,Premier Securities Company Ltd.,Naasa Securities Co. Ltd.,2026-04-13 11:09:48.600513,Radhi Bidyut Company Ltd
2026041304001020,RADHI,74,8,100,825.1,82510.0,2026-04-13,186096361,2776,KALASH STOCK MARKET PVT. LTD.,Brilliant Securities Pvt. Ltd.,2026-04-13 11:11:08.433514,Radhi Bidyut Company Ltd
2026041304001029,RADHI,81,58,487,825.0,401775.0,2026-04-13,186096451,2776,Aakashbhairab Securities Ltd.,Naasa Securities Co. Ltd.,2026-04-13 11:11:15.195121,Radhi Bidyut Company Ltd
2026041304001065,RADHI,81,8,400,825.0,330000.0,2026-04-13,186096685,2776,Aakashbhairab Securities Ltd.,Brilliant Securities Pvt. Ltd.,2026-04-13 11:11:28.846898,Radhi Bidyut Company Ltd
2026041304001295,RADHI,75,49,35,830.0,29050.0,2026-04-13,186100355,2776,N.I.M.B. Stock Markets Limited,Online Securities Pvt. Ltd.,2026-04-13 11:14:46.014118,Radhi Bidyut Company Ltd
2026041304001296,RADHI,75,42,10,832.0,8320.0,2026-04-13,186100357,2776,N.I.M.B. Stock Markets Limited,Sani Securities Company Ltd.,2026-04-13 11:14:46.014310,Radhi Bidyut Company Ltd
2026041304001297,RADHI,75,59,100,832.9,83290.0,2026-04-13,186100359,2776,N.I.M.B. Stock Markets Limited,Deevyaa Securities & Stock House Pvt. Ltd,2026-04-13 11:14:46.014458,Radhi Bidyut Company Ltd
2026041304001298,RADHI,75,42,855,833.0,712215.0,2026-04-13,186100362,2776,N.I.M.B. Stock Markets Limited,Sani Securities Company Ltd.,2026-04-13 11:14:46.014560,Radhi Bidyut Company Ltd
2026041304001912,RADHI,54,50,20,827.0,16540.0,2026-04-13,186105472,2776,Sewa Securities Pvt. Ltd.,Cristal Kanchanjanga Securites Pvt. Ltd.,2026-04-13 11:19:37.969504,Radhi Bidyut Company Ltd
2026041304002242,RADHI,32,50,11,827.0,9097.0,2026-04-13,186108242,2776,Premier Securities Company Ltd.,Cristal Kanchanjanga Securites Pvt. Ltd.,2026-04-13 11:22:28.977133,Radhi Bidyut Company Ltd
2026041304002291,RADHI,32,50,14,827.0,11578.0,2026-04-13,186108730,2776,Premier Securities Company Ltd.,Cristal Kanchanjanga Securites Pvt. Ltd.,2026-04-13 11:23:00.289770,Radhi Bidyut Company Ltd
2026041304002300,RADHI,58,50,955,827.0,789785.0,2026-04-13,186108831,2776,Naasa Securities Co. Ltd.,Cristal Kanchanjanga Securites Pvt. Ltd.,2026-04-13 11:23:08.085996,Radhi Bidyut Company Ltd
2026041304002301,RADHI,58,58,45,827.0,37215.0,2026-04-13,186108834,2776,Naasa Securities Co. Ltd.,Naasa Securities Co. Ltd.,2026-04-13 11:23:08.086098,Radhi Bidyut Company Ltd
2026041304003055,RADHI,64,48,100,826.0,82600.0,2026-04-13,186115240,2776,SUN SECURITIES PVT LTD,Trishakti Securities Public Limited,2026-04-13 11:29:55.184459,Radhi Bidyut Company Ltd
2026041304003056,RADHI,34,48,215,826.0,177590.0,2026-04-13,186115241,2776,Vision Securities Pvt. Ltd,Trishakti Securities Public Limited,2026-04-13 11:29:55.184560,Radhi Bidyut Company Ltd
2026041304003172,RADHI,34,45,61,826.0,50386.0,2026-04-13,186116471,2776,Vision Securities Pvt. Ltd,Imperial Securities Company Pvt. Ltd.,2026-04-13 11:31:24.757498,Radhi Bidyut Company Ltd
2026041304003648,RADHI,34,42,470,826.0,388220.0,2026-04-13,186120943,2776,Vision Securities Pvt. Ltd,Sani Securities Company Ltd.,2026-04-13 11:36:54.121354,Radhi Bidyut Company Ltd
2026041304003866,RADHI,7,57,42,827.0,34734.0,2026-04-13,186123157,2776,J.F. Securites (PVT) Ltd.,Aryatara Investment & Securities,2026-04-13 11:39:52.742909,Radhi Bidyut Company Ltd
2026041304003867,RADHI,7,60,30,827.0,24810.0,2026-04-13,186123159,2776,J.F. Securites (PVT) Ltd.,Nagarik Stock Dealer ,2026-04-13 11:39:52.743037,Radhi Bidyut Company Ltd
2026041304003868,RADHI,7,58,10,828.0,8280.0,2026-04-13,186123161,2776,J.F. Securites (PVT) Ltd.,Naasa Securities Co. Ltd.,2026-04-13 11:39:52.743091,Radhi Bidyut Company Ltd
2026041304003869,RADHI,7,58,50,829.0,41450.0,2026-04-13,186123163,2776,J.F. Securites (PVT) Ltd.,Naasa Securities Co. Ltd.,2026-04-13 11:39:52.743162,Radhi Bidyut Company Ltd
2026041304003870,RADHI,7,6,18,830.0,14940.0,2026-04-13,186123166,2776,J.F. Securites (PVT) Ltd.,Agrawal Securities (PVT) Ltd.,2026-04-13 11:39:52.743209,Radhi Bidyut Company Ltd
2026041304004144,RADHI,11,38,1,825.0,825.0,2026-04-13,186125087,2776,Malla & Malla Stock Broking Company Pvt. Limited,Dipshikha Dhitopatra Karobar Co. Pvt Ltd.,2026-04-13 11:41:51.747162,Radhi Bidyut Company Ltd
2026041304004698,RADHI,34,39,10,827.0,8270.0,2026-04-13,186129644,2776,Vision Securities Pvt. Ltd,Sumeru Securities Pvt. Ltd.,2026-04-13 11:47:39.624650,Radhi Bidyut Company Ltd
2026041304004756,RADHI,32,39,29,827.0,23983.0,2026-04-13,186130060,2776,Premier Securities Company Ltd.,Sumeru Securities Pvt. Ltd.,2026-04-13 11:48:07.498487,Radhi Bidyut Company Ltd
2026041304004776,RADHI,32,39,100,827.0,82700.0,2026-04-13,186130322,2776,Premier Securities Company Ltd.,Sumeru Securities Pvt. Ltd.,2026-04-13 11:48:18.797488,Radhi Bidyut Company Ltd
2026041304004827,RADHI,32,39,11,827.0,9097.0,2026-04-13,186130720,2776,Premier Securities Company Ltd.,Sumeru Securities Pvt. Ltd.,2026-04-13 11:48:40.611284,Radhi Bidyut Company Ltd
2026041304005112,RADHI,81,8,200,829.0,165800.0,2026-04-13,186132937,2776,Aakashbhairab Securities Ltd.,Brilliant Securities Pvt. Ltd.,2026-04-13 11:50:46.367737,Radhi Bidyut Company Ltd
2026041304005183,RADHI,58,69,250,829.9,207475.0,2026-04-13,186133553,2776,Naasa Securities Co. Ltd.,INDEX SECURITIES LIMITED,2026-04-13 11:51:27.469298,Radhi Bidyut Company Ltd
2026041304005184,RADHI,58,6,82,830.0,68060.0,2026-04-13,186133555,2776,Naasa Securities Co. Ltd.,Agrawal Securities (PVT) Ltd.,2026-04-13 11:51:27.469473,Radhi Bidyut Company Ltd
2026041304005185,RADHI,58,14,100,830.0,83000.0,2026-04-13,186133557,2776,Naasa Securities Co. Ltd.,Nepal Stock House (PVT) Ltd.,2026-04-13 11:51:27.469537,Radhi Bidyut Company Ltd
2026041304005186,RADHI,58,34,10,830.0,8300.0,2026-04-13,186133559,2776,Naasa Securities Co. Ltd.,Vision Securities Pvt. Ltd,2026-04-13 11:51:27.469619,Radhi Bidyut Company Ltd
2026041304005187,RADHI,58,50,200,830.0,166000.0,2026-04-13,186133561,2776,Naasa Securities Co. Ltd.,Cristal Kanchanjanga Securites Pvt. Ltd.,2026-04-13 11:51:27.469672,Radhi Bidyut Company Ltd
2026041304005188,RADHI,58,69,285,830.0,236550.0,2026-04-13,186133563,2776,Naasa Securities Co. Ltd.,INDEX SECURITIES LIMITED,2026-04-13 11:51:27.469720,Radhi Bidyut Company Ltd
2026041304005190,RADHI,58,8,73,830.0,60590.0,2026-04-13,186133578,2776,Naasa Securities Co. Ltd.,Brilliant Securities Pvt. Ltd.,2026-04-13 11:51:28.284769,Radhi Bidyut Company Ltd
2026041304005643,RADHI,57,42,145,827.0,119915.0,2026-04-13,186137493,2776,Aryatara Investment & Securities,Sani Securities Company Ltd.,2026-04-13 11:56:26.201000,Radhi Bidyut Company Ltd
2026041304006657,RADHI,57,34,10,827.0,8270.0,2026-04-13,186142449,2776,Aryatara Investment & Securities,Vision Securities Pvt. Ltd,2026-04-13 12:02:26.525127,Radhi Bidyut Company Ltd
2026041304006814,RADHI,57,57,145,827.0,119915.0,2026-04-13,186143348,2776,Aryatara Investment & Securities,Aryatara Investment & Securities,2026-04-13 12:03:42.009653,Radhi Bidyut Company Ltd
2026041304006815,RADHI,32,57,29,826.3,23962.7,2026-04-13,186143350,2776,Premier Securities Company Ltd.,Aryatara Investment & Securities,2026-04-13 12:03:42.009833,Radhi Bidyut Company Ltd
2026041304006816,RADHI,32,57,1000,826.2,826200.0,2026-04-13,186143352,2776,Premier Securities Company Ltd.,Aryatara Investment & Securities,2026-04-13 12:03:42.009907,Radhi Bidyut Company Ltd
2026041304006817,RADHI,7,57,350,826.1,289135.0,2026-04-13,186143354,2776,J.F. Securites (PVT) Ltd.,Aryatara Investment & Securities,2026-04-13 12:03:42.009965,Radhi Bidyut Company Ltd
2026041304006818,RADHI,41,57,90,826.1,74349.0,2026-04-13,186143356,2776,Linch Stock Market Ltd.,Aryatara Investment & Securities,2026-04-13 12:03:42.010019,Radhi Bidyut Company Ltd
2026041304006819,RADHI,34,57,254,826.0,209804.0,2026-04-13,186143358,2776,Vision Securities Pvt. Ltd,Aryatara Investment & Securities,2026-04-13 12:03:42.010075,Radhi Bidyut Company Ltd
2026041304006820,RADHI,34,57,132,826.0,109032.0,2026-04-13,186143359,2776,Vision Securities Pvt. Ltd,Aryatara Investment & Securities,2026-04-13 12:03:42.010127,Radhi Bidyut Company Ltd
2026041304006868,RADHI,79,69,97,828.0,80316.0,2026-04-13,186143648,2776,pahiinvestment,INDEX SECURITIES LIMITED,2026-04-13 12:04:10.624613,Radhi Bidyut Company Ltd
2026041304007180,RADHI,32,8,55,827.0,45485.0,2026-04-13,186145602,2776,Premier Securities Company Ltd.,Brilliant Securities Pvt. Ltd.,2026-04-13 12:06:57.057945,Radhi Bidyut Company Ltd
2026041304007205,RADHI,22,8,100,826.5,82650.0,2026-04-13,186145723,2776,Siprabi Securities Pvt. Ltd.,Brilliant Securities Pvt. Ltd.,2026-04-13 12:07:05.111372,Radhi Bidyut Company Ltd
2026041304007249,RADHI,32,34,10,826.1,8261.0,2026-04-13,186146049,2776,Premier Securities Company Ltd.,Vision Securities Pvt. Ltd,2026-04-13 12:07:35.747032,Radhi Bidyut Company Ltd
2026041304007258,RADHI,32,8,45,826.1,37174.5,2026-04-13,186146243,2776,Premier Securities Company Ltd.,Brilliant Securities Pvt. Ltd.,2026-04-13 12:07:46.314089,Radhi Bidyut Company Ltd
2026041304007294,RADHI,57,58,40,826.0,33040.0,2026-04-13,186146605,2776,Aryatara Investment & Securities,Naasa Securities Co. Ltd.,2026-04-13 12:08:06.347728,Radhi Bidyut Company Ltd
2026041304007317,RADHI,57,8,160,826.0,132160.0,2026-04-13,186146722,2776,Aryatara Investment & Securities,Brilliant Securities Pvt. Ltd.,2026-04-13 12:08:20.386108,Radhi Bidyut Company Ltd
2026041304007689,RADHI,7,8,40,826.0,33040.0,2026-04-13,186149089,2776,J.F. Securites (PVT) Ltd.,Brilliant Securities Pvt. Ltd.,2026-04-13 12:11:32.896506,Radhi Bidyut Company Ltd
2026041304007690,RADHI,7,8,10,826.1,8261.0,2026-04-13,186149092,2776,J.F. Securites (PVT) Ltd.,Brilliant Securities Pvt. Ltd.,2026-04-13 12:11:32.896794,Radhi Bidyut Company Ltd
2026041304007729,RADHI,7,8,145,827.0,119915.0,2026-04-13,186149452,2776,J.F. Securites (PVT) Ltd.,Brilliant Securities Pvt. Ltd.,2026-04-13 12:12:08.957038,Radhi Bidyut Company Ltd
2026041304008433,RADHI,7,39,64,826.0,52864.0,2026-04-13,186152889,2776,J.F. Securites (PVT) Ltd.,Sumeru Securities Pvt. Ltd.,2026-04-13 12:16:44.479874,Radhi Bidyut Company Ltd
2026041304008660,RADHI,14,45,100,827.0,82700.0,2026-04-13,186153897,2776,Nepal Stock House (PVT) Ltd.,Imperial Securities Company Pvt. Ltd.,2026-04-13 12:18:01.663246,Radhi Bidyut Company Ltd
2026041304008776,RADHI,14,41,100,827.9,82790.0,2026-04-13,186154463,2776,Nepal Stock House (PVT) Ltd.,Linch Stock Market Ltd.,2026-04-13 12:18:50.859266,Radhi Bidyut Company Ltd
2026041304008777,RADHI,14,69,403,828.0,333684.0,2026-04-13,186154465,2776,Nepal Stock House (PVT) Ltd.,INDEX SECURITIES LIMITED,2026-04-13 12:18:50.859461,Radhi Bidyut Company Ltd
2026041304008778,RADHI,14,69,397,829.0,329113.0,2026-04-13,186154468,2776,Nepal Stock House (PVT) Ltd.,INDEX SECURITIES LIMITED,2026-04-13 12:18:50.859524,Radhi Bidyut Company Ltd
2026041304009380,RADHI,7,8,241,826.0,199066.0,2026-04-13,186157316,2776,J.F. Securites (PVT) Ltd.,Brilliant Securities Pvt. Ltd.,2026-04-13 12:22:34.456122,Radhi Bidyut Company Ltd
2026041304009381,RADHI,56,8,259,826.0,213934.0,2026-04-13,186157317,2776,Sri Hari Securities Pvt. Ltd.,Brilliant Securities Pvt. Ltd.,2026-04-13 12:22:34.456340,Radhi Bidyut Company Ltd
2026041304009394,RADHI,32,48,10,828.0,8280.0,2026-04-13,186157434,2776,Premier Securities Company Ltd.,Trishakti Securities Public Limited,2026-04-13 12:22:44.014592,Radhi Bidyut Company Ltd
2026041304009565,RADHI,34,48,490,828.0,405720.0,2026-04-13,186158381,2776,Vision Securities Pvt. Ltd,Trishakti Securities Public Limited,2026-04-13 12:24:04.044850,Radhi Bidyut Company Ltd
2026041304009566,RADHI,34,48,200,828.0,165600.0,2026-04-13,186158384,2776,Vision Securities Pvt. Ltd,Trishakti Securities Public Limited,2026-04-13 12:24:04.044989,Radhi Bidyut Company Ltd
2026041304010583,RADHI,32,57,11,828.0,9108.0,2026-04-13,186164264,2776,Premier Securities Company Ltd.,Aryatara Investment & Securities,2026-04-13 12:32:41.721827,Radhi Bidyut Company Ltd
2026041304010599,RADHI,56,45,1,828.0,828.0,2026-04-13,186164392,2776,Sri Hari Securities Pvt. Ltd.,Imperial Securities Company Pvt. Ltd.,2026-04-13 12:32:52.983823,Radhi Bidyut Company Ltd
2026041304010658,RADHI,17,57,1000,828.0,828000.0,2026-04-13,186164704,2776,ABC Securities Private Limited,Aryatara Investment & Securities,2026-04-13 12:33:17.137635,Radhi Bidyut Company Ltd
2026041304011970,RADHI,34,96,2000,826.2,1652400.0,2026-04-13,186173257,2776,Vision Securities Pvt. Ltd,Himalayan Securities Limited,2026-04-13 12:45:23.628050,Radhi Bidyut Company Ltd
2026041304012162,RADHI,56,56,241,826.0,199066.0,2026-04-13,186174548,2776,Sri Hari Securities Pvt. Ltd.,Sri Hari Securities Pvt. Ltd.,2026-04-13 12:46:52.332219,Radhi Bidyut Company Ltd
2026041304012163,RADHI,29,56,500,826.0,413000.0,2026-04-13,186174550,2776,Trisul Securities & Invt. Ltd.,Sri Hari Securities Pvt. Ltd.,2026-04-13 12:46:52.332393,Radhi Bidyut Company Ltd
2026041304012164,RADHI,38,56,12,826.0,9912.0,2026-04-13,186174552,2776,Dipshikha Dhitopatra Karobar Co. Pvt Ltd.,Sri Hari Securities Pvt. Ltd.,2026-04-13 12:46:52.332455,Radhi Bidyut Company Ltd
2026041304012165,RADHI,48,56,500,825.6,412800.0,2026-04-13,186174554,2776,Trishakti Securities Public Limited,Sri Hari Securities Pvt. Ltd.,2026-04-13 12:46:52.332509,Radhi Bidyut Company Ltd
2026041304012166,RADHI,74,56,722,825.5,596011.0,2026-04-13,186174555,2776,KALASH STOCK MARKET PVT. LTD.,Sri Hari Securities Pvt. Ltd.,2026-04-13 12:46:52.332569,Radhi Bidyut Company Ltd
2026041304012168,RADHI,74,34,278,825.5,229489.0,2026-04-13,186174562,2776,KALASH STOCK MARKET PVT. LTD.,Vision Securities Pvt. Ltd,2026-04-13 12:46:53.470097,Radhi Bidyut Company Ltd
2026041304012169,RADHI,7,34,500,825.2,412600.0,2026-04-13,186174564,2776,J.F. Securites (PVT) Ltd.,Vision Securities Pvt. Ltd,2026-04-13 12:46:53.470268,Radhi Bidyut Company Ltd
2026041304012170,RADHI,1,34,10,825.1,8251.0,2026-04-13,186174566,2776,Kumari Securities Private Limited,Vision Securities Pvt. Ltd,2026-04-13 12:46:53.470343,Radhi Bidyut Company Ltd
2026041304012171,RADHI,81,34,113,825.0,93225.0,2026-04-13,186174568,2776,Aakashbhairab Securities Ltd.,Vision Securities Pvt. Ltd,2026-04-13 12:46:53.470420,Radhi Bidyut Company Ltd
2026041304012172,RADHI,58,34,150,825.0,123750.0,2026-04-13,186174570,2776,Naasa Securities Co. Ltd.,Vision Securities Pvt. Ltd,2026-04-13 12:46:53.470483,Radhi Bidyut Company Ltd
2026041304012173,RADHI,14,34,200,825.0,165000.0,2026-04-13,186174572,2776,Nepal Stock House (PVT) Ltd.,Vision Securities Pvt. Ltd,2026-04-13 12:46:53.470537,Radhi Bidyut Company Ltd
2026041304012174,RADHI,69,34,40,825.0,33000.0,2026-04-13,186174574,2776,INDEX SECURITIES LIMITED,Vision Securities Pvt. Ltd,2026-04-13 12:46:53.470591,Radhi Bidyut Company Ltd
2026041304012175,RADHI,32,34,500,825.0,412500.0,2026-04-13,186174576,2776,Premier Securities Company Ltd.,Vision Securities Pvt. Ltd,2026-04-13 12:46:53.470645,Radhi Bidyut Company Ltd
2026041304012176,RADHI,40,34,500,825.0,412500.0,2026-04-13,186174578,2776,Creative Securities Pvt Ltd,Vision Securities Pvt. Ltd,2026-04-13 12:46:53.470698,Radhi Bidyut Company Ltd
2026041304012177,RADHI,14,34,1000,825.0,825000.0,2026-04-13,186174580,2776,Nepal Stock House (PVT) Ltd.,Vision Securities Pvt. Ltd,2026-04-13 12:46:53.470752,Radhi Bidyut Company Ltd
2026041304012208,RADHI,75,34,4909,825.0,4049925.0,2026-04-13,186174845,2776,N.I.M.B. Stock Markets Limited,Vision Securities Pvt. Ltd,2026-04-13 12:47:17.467968,Radhi Bidyut Company Ltd
2026041304012209,RADHI,75,26,1991,825.0,1642575.0,2026-04-13,186174848,2776,N.I.M.B. Stock Markets Limited,Asian Securities Private Ltd.,2026-04-13 12:47:17.468198,Radhi Bidyut Company Ltd
2026041304012316,RADHI,42,26,19,825.0,15675.0,2026-04-13,186175643,2776,Sani Securities Company Ltd.,Asian Securities Private Ltd.,2026-04-13 12:48:20.231782,Radhi Bidyut Company Ltd
2026041304012345,RADHI,42,75,12,825.0,9900.0,2026-04-13,186175795,2776,Sani Securities Company Ltd.,N.I.M.B. Stock Markets Limited,2026-04-13 12:48:32.530052,Radhi Bidyut Company Ltd
2026041304012860,RADHI,42,81,58,825.0,47850.0,2026-04-13,186179323,2776,Sani Securities Company Ltd.,Aakashbhairab Securities Ltd.,2026-04-13 12:53:54.939791,Radhi Bidyut Company Ltd
2026041304013132,RADHI,42,65,11,825.0,9075.0,2026-04-13,186181780,2776,Sani Securities Company Ltd.,Sharepro Securities Private Limited,2026-04-13 12:57:07.272906,Radhi Bidyut Company Ltd
2026041304013133,RADHI,26,65,10,825.0,8250.0,2026-04-13,186181782,2776,Asian Securities Private Ltd.,Sharepro Securities Private Limited,2026-04-13 12:57:07.273069,Radhi Bidyut Company Ltd
2026041304013134,RADHI,41,65,50,825.0,41250.0,2026-04-13,186181784,2776,Linch Stock Market Ltd.,Sharepro Securities Private Limited,2026-04-13 12:57:07.273132,Radhi Bidyut Company Ltd
2026041304013135,RADHI,58,65,50,823.0,41150.0,2026-04-13,186181786,2776,Naasa Securities Co. Ltd.,Sharepro Securities Private Limited,2026-04-13 12:57:07.273196,Radhi Bidyut Company Ltd
2026041304013136,RADHI,34,65,179,823.0,147317.0,2026-04-13,186181787,2776,Vision Securities Pvt. Ltd,Sharepro Securities Private Limited,2026-04-13 12:57:07.273254,Radhi Bidyut Company Ltd
2026041304013180,RADHI,34,50,1821,823.0,1498683.0,2026-04-13,186182130,2776,Vision Securities Pvt. Ltd,Cristal Kanchanjanga Securites Pvt. Ltd.,2026-04-13 12:57:42.586548,Radhi Bidyut Company Ltd
2026041304013215,RADHI,61,50,179,823.0,147317.0,2026-04-13,186182357,2776,BHOLE GANESH SECURITIES LTD,Cristal Kanchanjanga Securites Pvt. Ltd.,2026-04-13 12:58:01.938585,Radhi Bidyut Company Ltd
2026041304013981,RADHI,34,65,490,823.2,403368.0,2026-04-13,186187445,2776,Vision Securities Pvt. Ltd,Sharepro Securities Private Limited,2026-04-13 13:05:48.134970,Radhi Bidyut Company Ltd
2026041304014130,RADHI,32,26,60,823.3,49398.0,2026-04-13,186188114,2776,Premier Securities Company Ltd.,Asian Securities Private Ltd.,2026-04-13 13:06:48.309842,Radhi Bidyut Company Ltd
2026041304014131,RADHI,34,26,930,823.2,765576.0,2026-04-13,186188115,2776,Vision Securities Pvt. Ltd,Asian Securities Private Ltd.,2026-04-13 13:06:48.310007,Radhi Bidyut Company Ltd
2026041304014227,RADHI,34,60,580,823.2,477456.0,2026-04-13,186188462,2776,Vision Securities Pvt. Ltd,Nagarik Stock Dealer ,2026-04-13 13:07:06.411586,Radhi Bidyut Company Ltd
2026041304014228,RADHI,61,60,420,823.1,345702.0,2026-04-13,186188463,2776,BHOLE GANESH SECURITIES LTD,Nagarik Stock Dealer ,2026-04-13 13:07:06.411875,Radhi Bidyut Company Ltd
2026041304014351,RADHI,61,10,90,823.1,74079.0,2026-04-13,186189337,2776,BHOLE GANESH SECURITIES LTD,Pragyan Securities (PVT) Ltd.,2026-04-13 13:08:23.256038,Radhi Bidyut Company Ltd
2026041304014556,RADHI,61,69,203,823.1,167089.3,2026-04-13,186190551,2776,BHOLE GANESH SECURITIES LTD,INDEX SECURITIES LIMITED,2026-04-13 13:10:17.812816,Radhi Bidyut Company Ltd
2026041304015124,RADHI,95,45,100,824.1,82410.0,2026-04-13,186193954,2776,Magnet Securities and Investment Company Private Limited,Imperial Securities Company Pvt. Ltd.,2026-04-13 13:15:08.090122,Radhi Bidyut Company Ltd
2026041304015125,RADHI,58,45,140,824.0,115360.0,2026-04-13,186193955,2776,Naasa Securities Co. Ltd.,Imperial Securities Company Pvt. Ltd.,2026-04-13 13:15:08.090418,Radhi Bidyut Company Ltd
2026041304015457,RADHI,58,58,200,824.0,164800.0,2026-04-13,186196363,2776,Naasa Securities Co. Ltd.,Naasa Securities Co. Ltd.,2026-04-13 13:18:42.963423,Radhi Bidyut Company Ltd
2026041304015726,RADHI,58,60,50,826.0,41300.0,2026-04-13,186198707,2776,Naasa Securities Co. Ltd.,Nagarik Stock Dealer ,2026-04-13 13:21:50.471737,Radhi Bidyut Company Ltd
2026041304015727,RADHI,58,41,200,826.9,165380.0,2026-04-13,186198709,2776,Naasa Securities Co. Ltd.,Linch Stock Market Ltd.,2026-04-13 13:21:50.472059,Radhi Bidyut Company Ltd
2026041304015728,RADHI,58,57,89,828.0,73692.0,2026-04-13,186198711,2776,Naasa Securities Co. Ltd.,Aryatara Investment & Securities,2026-04-13 13:21:50.472239,Radhi Bidyut Company Ltd
2026041304015729,RADHI,58,40,300,828.0,248400.0,2026-04-13,186198713,2776,Naasa Securities Co. Ltd.,Creative Securities Pvt Ltd,2026-04-13 13:21:50.472429,Radhi Bidyut Company Ltd
2026041304015730,RADHI,58,74,100,828.8,82880.0,2026-04-13,186198715,2776,Naasa Securities Co. Ltd.,KALASH STOCK MARKET PVT. LTD.,2026-04-13 13:21:50.472607,Radhi Bidyut Company Ltd
2026041304015731,RADHI,58,75,261,829.0,216369.0,2026-04-13,186198718,2776,Naasa Securities Co. Ltd.,N.I.M.B. Stock Markets Limited,2026-04-13 13:21:50.472774,Radhi Bidyut Company Ltd
2026041304015767,RADHI,58,75,239,829.0,198131.0,2026-04-13,186198863,2776,Naasa Securities Co. Ltd.,N.I.M.B. Stock Markets Limited,2026-04-13 13:22:02.691711,Radhi Bidyut Company Ltd
2026041304015768,RADHI,58,25,100,829.9,82990.0,2026-04-13,186198865,2776,Naasa Securities Co. Ltd.,Sweta Securities Private Limited,2026-04-13 13:22:02.691880,Radhi Bidyut Company Ltd
2026041304015769,RADHI,58,58,150,830.0,124500.0,2026-04-13,186198867,2776,Naasa Securities Co. Ltd.,Naasa Securities Co. Ltd.,2026-04-13 13:22:02.691953,Radhi Bidyut Company Ltd
2026041304015770,RADHI,58,62,85,830.0,70550.0,2026-04-13,186198869,2776,Naasa Securities Co. Ltd.,Capital Max Securities Ltd,2026-04-13 13:22:02.692009,Radhi Bidyut Company Ltd
2026041304015771,RADHI,58,58,500,830.0,415000.0,2026-04-13,186198871,2776,Naasa Securities Co. Ltd.,Naasa Securities Co. Ltd.,2026-04-13 13:22:02.692063,Radhi Bidyut Company Ltd
2026041304015772,RADHI,58,58,200,830.0,166000.0,2026-04-13,186198873,2776,Naasa Securities Co. Ltd.,Naasa Securities Co. Ltd.,2026-04-13 13:22:02.692117,Radhi Bidyut Company Ltd
2026041304015773,RADHI,58,65,1200,830.0,996000.0,2026-04-13,186198875,2776,Naasa Securities Co. Ltd.,Sharepro Securities Private Limited,2026-04-13 13:22:02.692171,Radhi Bidyut Company Ltd
2026041304015774,RADHI,58,100,526,830.0,436580.0,2026-04-13,186198878,2776,Naasa Securities Co. Ltd.,Sunrise Securities Limited,2026-04-13 13:22:02.692223,Radhi Bidyut Company Ltd
2026041304016057,RADHI,44,26,500,829.9,414950.0,2026-04-13,186200606,2776,Dynamic Money Managers Securities Pvt. Ltd.,Asian Securities Private Ltd.,2026-04-13 13:23:53.095508,Radhi Bidyut Company Ltd
2026041304016134,RADHI,75,100,474,830.0,393420.0,2026-04-13,186200915,2776,N.I.M.B. Stock Markets Limited,Sunrise Securities Limited,2026-04-13 13:24:18.786180,Radhi Bidyut Company Ltd
2026041304016135,RADHI,75,14,400,830.0,332000.0,2026-04-13,186200917,2776,N.I.M.B. Stock Markets Limited,Nepal Stock House (PVT) Ltd.,2026-04-13 13:24:18.786469,Radhi Bidyut Company Ltd
2026041304016136,RADHI,75,58,200,830.0,166000.0,2026-04-13,186200919,2776,N.I.M.B. Stock Markets Limited,Naasa Securities Co. Ltd.,2026-04-13 13:24:18.786633,Radhi Bidyut Company Ltd
2026041304016137,RADHI,75,14,926,831.0,769506.0,2026-04-13,186200922,2776,N.I.M.B. Stock Markets Limited,Nepal Stock House (PVT) Ltd.,2026-04-13 13:24:18.786789,Radhi Bidyut Company Ltd
2026041304017106,RADHI,58,26,2000,830.0,1660000.0,2026-04-13,186207490,2776,Naasa Securities Co. Ltd.,Asian Securities Private Ltd.,2026-04-13 13:35:56.756962,Radhi Bidyut Company Ltd
2026041304017145,RADHI,81,6,28,826.0,23128.0,2026-04-13,186207775,2776,Aakashbhairab Securities Ltd.,Agrawal Securities (PVT) Ltd.,2026-04-13 13:36:24.539324,Radhi Bidyut Company Ltd
2026041304017537,RADHI,81,53,12,826.0,9912.0,2026-04-13,186210355,2776,Aakashbhairab Securities Ltd.,Investment Management Nepal Pvt. Ltd.,2026-04-13 13:41:38.247489,Radhi Bidyut Company Ltd
2026041304017906,RADHI,58,1,30,830.0,24900.0,2026-04-13,186212361,2776,Naasa Securities Co. Ltd.,Kumari Securities Private Limited,2026-04-13 13:44:57.854983,Radhi Bidyut Company Ltd
2026041304017907,RADHI,58,14,200,830.0,166000.0,2026-04-13,186212364,2776,Naasa Securities Co. Ltd.,Nepal Stock House (PVT) Ltd.,2026-04-13 13:44:57.855297,Radhi Bidyut Company Ltd
2026041304018052,RADHI,81,19,145,826.0,119770.0,2026-04-13,186213408,2776,Aakashbhairab Securities Ltd.,Nepal Investment And Securities Trading Private Limited,2026-04-13 13:46:48.484885,Radhi Bidyut Company Ltd
2026041304018053,RADHI,58,19,255,825.5,210502.5,2026-04-13,186213409,2776,Naasa Securities Co. Ltd.,Nepal Investment And Securities Trading Private Limited,2026-04-13 13:46:48.485046,Radhi Bidyut Company Ltd
2026041304018096,RADHI,38,66,66,830.0,54780.0,2026-04-13,186213686,2776,Dipshikha Dhitopatra Karobar Co. Pvt Ltd.,Miyo Securities Pvt Ltd,2026-04-13 13:47:19.524297,Radhi Bidyut Company Ltd
2026041304018116,RADHI,58,19,400,825.5,330200.0,2026-04-13,186213837,2776,Naasa Securities Co. Ltd.,Nepal Investment And Securities Trading Private Limited,2026-04-13 13:47:37.787495,Radhi Bidyut Company Ltd
2026041304018258,RADHI,58,84,100,825.5,82550.0,2026-04-13,186215055,2776,Naasa Securities Co. Ltd.,MILKY WAY SHARE BROKER COMPANY LTD ,2026-04-13 13:50:03.441372,Radhi Bidyut Company Ltd
2026041304018306,RADHI,58,60,245,825.5,202247.5,2026-04-13,186215380,2776,Naasa Securities Co. Ltd.,Nagarik Stock Dealer ,2026-04-13 13:50:41.939388,Radhi Bidyut Company Ltd
2026041304018307,RADHI,57,60,100,824.6,82460.0,2026-04-13,186215382,2776,Aryatara Investment & Securities,Nagarik Stock Dealer ,2026-04-13 13:50:41.939733,Radhi Bidyut Company Ltd
2026041304018308,RADHI,74,60,300,824.6,247380.0,2026-04-13,186215384,2776,KALASH STOCK MARKET PVT. LTD.,Nagarik Stock Dealer ,2026-04-13 13:50:41.939916,Radhi Bidyut Company Ltd
2026041304018309,RADHI,32,60,438,824.5,361131.0,2026-04-13,186215385,2776,Premier Securities Company Ltd.,Nagarik Stock Dealer ,2026-04-13 13:50:41.940108,Radhi Bidyut Company Ltd
2026041304018322,RADHI,58,22,17,826.0,14042.0,2026-04-13,186215453,2776,Naasa Securities Co. Ltd.,Siprabi Securities Pvt. Ltd.,2026-04-13 13:50:52.239023,Radhi Bidyut Company Ltd
2026041304018583,RADHI,74,60,302,825.1,249180.2,2026-04-13,186216975,2776,KALASH STOCK MARKET PVT. LTD.,Nagarik Stock Dealer ,2026-04-13 13:53:33.864752,Radhi Bidyut Company Ltd
2026041304018584,RADHI,58,60,198,825.0,163350.0,2026-04-13,186216976,2776,Naasa Securities Co. Ltd.,Nagarik Stock Dealer ,2026-04-13 13:53:33.864948,Radhi Bidyut Company Ltd
2026041304018944,RADHI,58,66,434,829.5,360003.0,2026-04-13,186219593,2776,Naasa Securities Co. Ltd.,Miyo Securities Pvt Ltd,2026-04-13 13:58:04.628027,Radhi Bidyut Company Ltd
2026041304018945,RADHI,58,38,66,830.0,54780.0,2026-04-13,186219596,2776,Naasa Securities Co. Ltd.,Dipshikha Dhitopatra Karobar Co. Pvt Ltd.,2026-04-13 13:58:04.628330,Radhi Bidyut Company Ltd
2026041304019624,RADHI,37,42,500,826.0,413000.0,2026-04-13,186224890,2776,Swarna Laxmi Securities Pvt. Ltd.,Sani Securities Company Ltd.,2026-04-13 14:07:54.655664,Radhi Bidyut Company Ltd
2026041304019625,RADHI,34,42,10,825.5,8255.0,2026-04-13,186224892,2776,Vision Securities Pvt. Ltd,Sani Securities Company Ltd.,2026-04-13 14:07:54.655842,Radhi Bidyut Company Ltd
2026041304019626,RADHI,58,42,490,825.4,404446.0,2026-04-13,186224893,2776,Naasa Securities Co. Ltd.,Sani Securities Company Ltd.,2026-04-13 14:07:54.655925,Radhi Bidyut Company Ltd
2026041304019640,RADHI,58,60,50,825.4,41270.0,2026-04-13,186225031,2776,Naasa Securities Co. Ltd.,Nagarik Stock Dealer ,2026-04-13 14:08:04.460191,Radhi Bidyut Company Ltd
2026041304019663,RADHI,58,67,1175,825.4,969845.0,2026-04-13,186225130,2776,Naasa Securities Co. Ltd.,Property Wiard Limited,2026-04-13 14:08:13.119362,Radhi Bidyut Company Ltd
2026041304019664,RADHI,34,67,1825,825.3,1506172.5,2026-04-13,186225131,2776,Vision Securities Pvt. Ltd,Property Wiard Limited,2026-04-13 14:08:13.119675,Radhi Bidyut Company Ltd
2026041304019683,RADHI,34,67,285,825.3,235210.5,2026-04-13,186225252,2776,Vision Securities Pvt. Ltd,Property Wiard Limited,2026-04-13 14:08:23.304817,Radhi Bidyut Company Ltd
2026041304019684,RADHI,49,67,30,825.2,24756.0,2026-04-13,186225254,2776,Online Securities Pvt. Ltd.,Property Wiard Limited,2026-04-13 14:08:23.305124,Radhi Bidyut Company Ltd
2026041304019685,RADHI,52,67,25,825.0,20625.0,2026-04-13,186225256,2776,Sundhara Securities Limited,Property Wiard Limited,2026-04-13 14:08:23.305349,Radhi Bidyut Company Ltd
2026041304019686,RADHI,58,67,30,825.0,24750.0,2026-04-13,186225258,2776,Naasa Securities Co. Ltd.,Property Wiard Limited,2026-04-13 14:08:23.305544,Radhi Bidyut Company Ltd
2026041304019687,RADHI,35,67,25,824.6,20615.0,2026-04-13,186225260,2776,Kohinoor Investment & Securities Pvt. Ltd.,Property Wiard Limited,2026-04-13 14:08:23.305731,Radhi Bidyut Company Ltd
2026041304019688,RADHI,32,67,62,824.5,51119.0,2026-04-13,186225262,2776,Premier Securities Company Ltd.,Property Wiard Limited,2026-04-13 14:08:23.305917,Radhi Bidyut Company Ltd
2026041304019689,RADHI,94,67,500,824.3,412150.0,2026-04-13,186225264,2776,K.B.L. Securities Limited ,Property Wiard Limited,2026-04-13 14:08:23.306106,Radhi Bidyut Company Ltd
2026041304019690,RADHI,16,67,43,824.0,35432.0,2026-04-13,186225265,2776,Primo Securities (PVT) Ltd.,Property Wiard Limited,2026-04-13 14:08:23.306291,Radhi Bidyut Company Ltd
2026041304019844,RADHI,39,45,100,824.1,82410.0,2026-04-13,186226277,2776,Sumeru Securities Pvt. Ltd.,Imperial Securities Company Pvt. Ltd.,2026-04-13 14:09:56.545552,Radhi Bidyut Company Ltd
2026041304019894,RADHI,42,67,190,825.0,156750.0,2026-04-13,186226814,2776,Sani Securities Company Ltd.,Property Wiard Limited,2026-04-13 14:10:36.039160,Radhi Bidyut Company Ltd
2026041304020095,RADHI,52,77,25,824.0,20600.0,2026-04-13,186228027,2776,Sundhara Securities Limited,Nabil Stock Dealer Ltd.,2026-04-13 14:12:09.440636,Radhi Bidyut Company Ltd
2026041304020096,RADHI,45,77,100,823.3,82330.0,2026-04-13,186228029,2776,Imperial Securities Company Pvt. Ltd.,Nabil Stock Dealer Ltd.,2026-04-13 14:12:09.441046,Radhi Bidyut Company Ltd
2026041304020097,RADHI,32,77,300,823.2,246960.0,2026-04-13,186228031,2776,Premier Securities Company Ltd.,Nabil Stock Dealer Ltd.,2026-04-13 14:12:09.441259,Radhi Bidyut Company Ltd
2026041304020098,RADHI,61,77,108,823.1,88894.8,2026-04-13,186228033,2776,BHOLE GANESH SECURITIES LTD,Nabil Stock Dealer Ltd.,2026-04-13 14:12:09.441483,Radhi Bidyut Company Ltd
2026041304020099,RADHI,16,77,57,823.0,46911.0,2026-04-13,186228035,2776,Primo Securities (PVT) Ltd.,Nabil Stock Dealer Ltd.,2026-04-13 14:12:09.441679,Radhi Bidyut Company Ltd
2026041304020100,RADHI,39,77,50,823.0,41150.0,2026-04-13,186228037,2776,Sumeru Securities Pvt. Ltd.,Nabil Stock Dealer Ltd.,2026-04-13 14:12:09.441863,Radhi Bidyut Company Ltd
2026041304020101,RADHI,61,77,1000,822.1,822100.0,2026-04-13,186228039,2776,BHOLE GANESH SECURITIES LTD,Nabil Stock Dealer Ltd.,2026-04-13 14:12:09.442041,Radhi Bidyut Company Ltd
2026041304020102,RADHI,34,77,2000,821.0,1642000.0,2026-04-13,186228041,2776,Vision Securities Pvt. Ltd,Nabil Stock Dealer Ltd.,2026-04-13 14:12:09.442227,Radhi Bidyut Company Ltd
2026041304020103,RADHI,58,77,1000,820.1,820100.0,2026-04-13,186228043,2776,Naasa Securities Co. Ltd.,Nabil Stock Dealer Ltd.,2026-04-13 14:12:09.442423,Radhi Bidyut Company Ltd
2026041304020104,RADHI,18,77,600,820.0,492000.0,2026-04-13,186228045,2776,Sagarmatha Securities Private Limited,Nabil Stock Dealer Ltd.,2026-04-13 14:12:09.442602,Radhi Bidyut Company Ltd
2026041304020105,RADHI,16,77,1100,820.0,902000.0,2026-04-13,186228047,2776,Primo Securities (PVT) Ltd.,Nabil Stock Dealer Ltd.,2026-04-13 14:12:09.442779,Radhi Bidyut Company Ltd
2026041304020106,RADHI,64,77,50,820.0,41000.0,2026-04-13,186228049,2776,SUN SECURITIES PVT LTD,Nabil Stock Dealer Ltd.,2026-04-13 14:12:09.442954,Radhi Bidyut Company Ltd
2026041304020107,RADHI,32,77,1000,820.0,820000.0,2026-04-13,186228051,2776,Premier Securities Company Ltd.,Nabil Stock Dealer Ltd.,2026-04-13 14:12:09.443131,Radhi Bidyut Company Ltd
2026041304020108,RADHI,32,77,1000,820.0,820000.0,2026-04-13,186228053,2776,Premier Securities Company Ltd.,Nabil Stock Dealer Ltd.,2026-04-13 14:12:09.443297,Radhi Bidyut Company Ltd
2026041304020109,RADHI,101,77,20,820.0,16400.0,2026-04-13,186228055,2776,APPLE SECURITIES PRIVATE LIMITED,Nabil Stock Dealer Ltd.,2026-04-13 14:12:09.443484,Radhi Bidyut Company Ltd
2026041304020110,RADHI,38,77,50,820.0,41000.0,2026-04-13,186228009,2776,Dipshikha Dhitopatra Karobar Co. Pvt Ltd.,Nabil Stock Dealer Ltd.,2026-04-13 14:12:09.443656,Radhi Bidyut Company Ltd
2026041304020111,RADHI,16,77,1540,820.0,1262800.0,2026-04-13,186228010,2776,Primo Securities (PVT) Ltd.,Nabil Stock Dealer Ltd.,2026-04-13 14:12:09.443841,Radhi Bidyut Company Ltd
2026041304020193,RADHI,51,59,12,820.1,9841.2,2026-04-13,186228745,2776,Oxford Securities Pvt. Ltd.,Deevyaa Securities & Stock House Pvt. Ltd,2026-04-13 14:13:14.935362,Radhi Bidyut Company Ltd
2026041304020482,RADHI,51,38,88,820.1,72168.8,2026-04-13,186230558,2776,Oxford Securities Pvt. Ltd.,Dipshikha Dhitopatra Karobar Co. Pvt Ltd.,2026-04-13 14:15:41.974322,Radhi Bidyut Company Ltd
2026041304020483,RADHI,39,38,50,820.1,41005.0,2026-04-13,186230560,2776,Sumeru Securities Pvt. Ltd.,Dipshikha Dhitopatra Karobar Co. Pvt Ltd.,2026-04-13 14:15:41.974474,Radhi Bidyut Company Ltd
2026041304020484,RADHI,45,38,50,820.1,41005.0,2026-04-13,186230562,2776,Imperial Securities Company Pvt. Ltd.,Dipshikha Dhitopatra Karobar Co. Pvt Ltd.,2026-04-13 14:15:41.974536,Radhi Bidyut Company Ltd
2026041304020485,RADHI,45,38,50,820.1,41005.0,2026-04-13,186230564,2776,Imperial Securities Company Pvt. Ltd.,Dipshikha Dhitopatra Karobar Co. Pvt Ltd.,2026-04-13 14:15:41.974611,Radhi Bidyut Company Ltd
2026041304020486,RADHI,16,38,281,820.0,230420.0,2026-04-13,186230565,2776,Primo Securities (PVT) Ltd.,Dipshikha Dhitopatra Karobar Co. Pvt Ltd.,2026-04-13 14:15:41.974670,Radhi Bidyut Company Ltd
2026041304020874,RADHI,45,29,10,820.1,8201.0,2026-04-13,186233502,2776,Imperial Securities Company Pvt. Ltd.,Trisul Securities & Invt. Ltd.,2026-04-13 14:19:59.693024,Radhi Bidyut Company Ltd
2026041304020875,RADHI,6,29,16,820.1,13121.6,2026-04-13,186233504,2776,Agrawal Securities (PVT) Ltd.,Trisul Securities & Invt. Ltd.,2026-04-13 14:19:59.693240,Radhi Bidyut Company Ltd
2026041304020876,RADHI,45,29,10,820.1,8201.0,2026-04-13,186233506,2776,Imperial Securities Company Pvt. Ltd.,Trisul Securities & Invt. Ltd.,2026-04-13 14:19:59.693301,Radhi Bidyut Company Ltd
2026041304020877,RADHI,16,29,179,820.0,146780.0,2026-04-13,186233508,2776,Primo Securities (PVT) Ltd.,Trisul Securities & Invt. Ltd.,2026-04-13 14:19:59.693374,Radhi Bidyut Company Ltd
2026041304020878,RADHI,58,29,70,820.0,57400.0,2026-04-13,186233510,2776,Naasa Securities Co. Ltd.,Trisul Securities & Invt. Ltd.,2026-04-13 14:19:59.693432,Radhi Bidyut Company Ltd
2026041304020879,RADHI,32,29,29,820.0,23780.0,2026-04-13,186233512,2776,Premier Securities Company Ltd.,Trisul Securities & Invt. Ltd.,2026-04-13 14:19:59.693488,Radhi Bidyut Company Ltd
2026041304020880,RADHI,58,29,50,820.0,41000.0,2026-04-13,186233514,2776,Naasa Securities Co. Ltd.,Trisul Securities & Invt. Ltd.,2026-04-13 14:19:59.693545,Radhi Bidyut Company Ltd
2026041304020881,RADHI,84,29,136,820.0,111520.0,2026-04-13,186233515,2776,MILKY WAY SHARE BROKER COMPANY LTD ,Trisul Securities & Invt. Ltd.,2026-04-13 14:19:59.693603,Radhi Bidyut Company Ltd
2026041304021696,RADHI,56,66,500,823.5,411750.0,2026-04-13,186240752,2776,Sri Hari Securities Pvt. Ltd.,Miyo Securities Pvt Ltd,2026-04-13 14:26:13.899631,Radhi Bidyut Company Ltd
2026041304021781,RADHI,17,26,200,824.0,164800.0,2026-04-13,186241100,2776,ABC Securities Private Limited,Asian Securities Private Ltd.,2026-04-13 14:26:37.450820,Radhi Bidyut Company Ltd
2026041304022114,RADHI,36,64,10,821.4,8214.0,2026-04-13,186242661,2776,Secured Securities Ltd.,SUN SECURITIES PVT LTD,2026-04-13 14:28:37.356902,Radhi Bidyut Company Ltd
2026041304022230,RADHI,34,66,100,821.4,82140.0,2026-04-13,186243226,2776,Vision Securities Pvt. Ltd,Miyo Securities Pvt Ltd,2026-04-13 14:29:21.596335,Radhi Bidyut Company Ltd
2026041304022231,RADHI,32,66,50,821.3,41065.0,2026-04-13,186243228,2776,Premier Securities Company Ltd.,Miyo Securities Pvt Ltd,2026-04-13 14:29:21.596646,Radhi Bidyut Company Ltd
2026041304022232,RADHI,57,66,50,821.3,41065.0,2026-04-13,186243230,2776,Aryatara Investment & Securities,Miyo Securities Pvt Ltd,2026-04-13 14:29:21.596895,Radhi Bidyut Company Ltd
2026041304022233,RADHI,32,66,200,821.1,164220.0,2026-04-13,186243232,2776,Premier Securities Company Ltd.,Miyo Securities Pvt Ltd,2026-04-13 14:29:21.597276,Radhi Bidyut Company Ltd
2026041304022234,RADHI,34,66,100,820.2,82020.0,2026-04-13,186243233,2776,Vision Securities Pvt. Ltd,Miyo Securities Pvt Ltd,2026-04-13 14:29:21.597537,Radhi Bidyut Company Ltd
2026041304022733,RADHI,42,58,300,822.0,246600.0,2026-04-13,186246056,2776,Sani Securities Company Ltd.,Naasa Securities Co. Ltd.,2026-04-13 14:33:04.398742,Radhi Bidyut Company Ltd
2026041304022828,RADHI,34,48,50,821.0,41050.0,2026-04-13,186246599,2776,Vision Securities Pvt. Ltd,Trishakti Securities Public Limited,2026-04-13 14:33:42.742212,Radhi Bidyut Company Ltd
2026041304022959,RADHI,34,66,400,821.0,328400.0,2026-04-13,186247466,2776,Vision Securities Pvt. Ltd,Miyo Securities Pvt Ltd,2026-04-13 14:34:51.024405,Radhi Bidyut Company Ltd
2026041304022984,RADHI,17,66,100,821.0,82100.0,2026-04-13,186247770,2776,ABC Securities Private Limited,Miyo Securities Pvt Ltd,2026-04-13 14:35:12.627270,Radhi Bidyut Company Ltd
2026041304023541,RADHI,42,57,100,823.0,82300.0,2026-04-13,186251762,2776,Sani Securities Company Ltd.,Aryatara Investment & Securities,2026-04-13 14:39:21.312456,Radhi Bidyut Company Ltd
2026041304024015,RADHI,42,59,25,822.0,20550.0,2026-04-13,186254866,2776,Sani Securities Company Ltd.,Deevyaa Securities & Stock House Pvt. Ltd,2026-04-13 14:42:51.858296,Radhi Bidyut Company Ltd
2026041304024229,RADHI,74,58,100,820.1,82010.0,2026-04-13,186256080,2776,KALASH STOCK MARKET PVT. LTD.,Naasa Securities Co. Ltd.,2026-04-13 14:44:08.121221,Radhi Bidyut Company Ltd
2026041304024230,RADHI,84,58,64,820.0,52480.0,2026-04-13,186256082,2776,MILKY WAY SHARE BROKER COMPANY LTD ,Naasa Securities Co. Ltd.,2026-04-13 14:44:08.121593,Radhi Bidyut Company Ltd
2026041304024231,RADHI,40,58,100,820.0,82000.0,2026-04-13,186256084,2776,Creative Securities Pvt Ltd,Naasa Securities Co. Ltd.,2026-04-13 14:44:08.121788,Radhi Bidyut Company Ltd
2026041304024249,RADHI,17,58,100,820.0,82000.0,2026-04-13,186256248,2776,ABC Securities Private Limited,Naasa Securities Co. Ltd.,2026-04-13 14:44:19.309932,Radhi Bidyut Company Ltd
2026041304024727,RADHI,62,67,50,819.0,40950.0,2026-04-13,186259658,2776,Capital Max Securities Ltd,Property Wiard Limited,2026-04-13 14:46:54.931767,Radhi Bidyut Company Ltd
2026041304024728,RADHI,57,67,50,818.5,40925.0,2026-04-13,186259660,2776,Aryatara Investment & Securities,Property Wiard Limited,2026-04-13 14:46:54.932098,Radhi Bidyut Company Ltd
2026041304024729,RADHI,45,67,10,818.5,8185.0,2026-04-13,186259662,2776,Imperial Securities Company Pvt. Ltd.,Property Wiard Limited,2026-04-13 14:46:54.932294,Radhi Bidyut Company Ltd
2026041304024730,RADHI,18,67,250,818.4,204600.0,2026-04-13,186259664,2776,Sagarmatha Securities Private Limited,Property Wiard Limited,2026-04-13 14:46:54.932505,Radhi Bidyut Company Ltd
2026041304024731,RADHI,32,67,200,818.3,163660.0,2026-04-13,186259666,2776,Premier Securities Company Ltd.,Property Wiard Limited,2026-04-13 14:46:54.932694,Radhi Bidyut Company Ltd
2026041304024732,RADHI,45,67,10,818.2,8182.0,2026-04-13,186259668,2776,Imperial Securities Company Pvt. Ltd.,Property Wiard Limited,2026-04-13 14:46:54.932882,Radhi Bidyut Company Ltd
2026041304024733,RADHI,45,67,20,818.2,16364.0,2026-04-13,186259670,2776,Imperial Securities Company Pvt. Ltd.,Property Wiard Limited,2026-04-13 14:46:54.933062,Radhi Bidyut Company Ltd
2026041304024734,RADHI,39,67,25,818.2,20455.0,2026-04-13,186259672,2776,Sumeru Securities Pvt. Ltd.,Property Wiard Limited,2026-04-13 14:46:54.933239,Radhi Bidyut Company Ltd
2026041304024735,RADHI,3,67,100,818.2,81820.0,2026-04-13,186259674,2776,Arun Securities (PVT) Ltd.,Property Wiard Limited,2026-04-13 14:46:54.933434,Radhi Bidyut Company Ltd
2026041304024736,RADHI,81,67,500,818.1,409050.0,2026-04-13,186259676,2776,Aakashbhairab Securities Ltd.,Property Wiard Limited,2026-04-13 14:46:54.933615,Radhi Bidyut Company Ltd
2026041304024737,RADHI,16,67,595,818.0,486710.0,2026-04-13,186259677,2776,Primo Securities (PVT) Ltd.,Property Wiard Limited,2026-04-13 14:46:54.933789,Radhi Bidyut Company Ltd
2026041304024764,RADHI,16,67,505,818.0,413090.0,2026-04-13,186259866,2776,Primo Securities (PVT) Ltd.,Property Wiard Limited,2026-04-13 14:47:05.373348,Radhi Bidyut Company Ltd
2026041304024765,RADHI,74,67,495,818.0,404910.0,2026-04-13,186259867,2776,KALASH STOCK MARKET PVT. LTD.,Property Wiard Limited,2026-04-13 14:47:05.373527,Radhi Bidyut Company Ltd
2026041304024957,RADHI,44,56,250,818.0,204500.0,2026-04-13,186261480,2776,Dynamic Money Managers Securities Pvt. Ltd.,Sri Hari Securities Pvt. Ltd.,2026-04-13 14:48:23.205492,Radhi Bidyut Company Ltd
2026041304025383,RADHI,56,67,1000,818.0,818000.0,2026-04-13,186264406,2776,Sri Hari Securities Pvt. Ltd.,Property Wiard Limited,2026-04-13 14:50:38.165288,Radhi Bidyut Company Ltd
2026041304025487,RADHI,58,58,10,818.0,8180.0,2026-04-13,186265040,2776,Naasa Securities Co. Ltd.,Naasa Securities Co. Ltd.,2026-04-13 14:51:13.441081,Radhi Bidyut Company Ltd
2026041304025488,RADHI,49,58,100,818.0,81800.0,2026-04-13,186265042,2776,Online Securities Pvt. Ltd.,Naasa Securities Co. Ltd.,2026-04-13 14:51:13.441175,Radhi Bidyut Company Ltd
2026041304025489,RADHI,45,58,10,817.2,8172.0,2026-04-13,186265044,2776,Imperial Securities Company Pvt. Ltd.,Naasa Securities Co. Ltd.,2026-04-13 14:51:13.441253,Radhi Bidyut Company Ltd
2026041304025490,RADHI,45,58,10,817.1,8171.0,2026-04-13,186265046,2776,Imperial Securities Company Pvt. Ltd.,Naasa Securities Co. Ltd.,2026-04-13 14:51:13.441345,Radhi Bidyut Company Ltd
2026041304025491,RADHI,32,58,70,817.1,57197.0,2026-04-13,186265047,2776,Premier Securities Company Ltd.,Naasa Securities Co. Ltd.,2026-04-13 14:51:13.441418,Radhi Bidyut Company Ltd
2026041304025544,RADHI,32,38,230,817.1,187933.0,2026-04-13,186265296,2776,Premier Securities Company Ltd.,Dipshikha Dhitopatra Karobar Co. Pvt Ltd.,2026-04-13 14:51:23.567696,Radhi Bidyut Company Ltd
2026041304025568,RADHI,16,38,20,817.0,16340.0,2026-04-13,186265441,2776,Primo Securities (PVT) Ltd.,Dipshikha Dhitopatra Karobar Co. Pvt Ltd.,2026-04-13 14:51:34.372096,Radhi Bidyut Company Ltd
2026041304025660,RADHI,34,67,10,818.0,8180.0,2026-04-13,186265914,2776,Vision Securities Pvt. Ltd,Property Wiard Limited,2026-04-13 14:51:54.484409,Radhi Bidyut Company Ltd
2026041304025661,RADHI,42,67,500,818.0,409000.0,2026-04-13,186265916,2776,Sani Securities Company Ltd.,Property Wiard Limited,2026-04-13 14:51:54.541367,Radhi Bidyut Company Ltd
2026041304025668,RADHI,75,67,490,818.0,400820.0,2026-04-13,186265941,2776,N.I.M.B. Stock Markets Limited,Property Wiard Limited,2026-04-13 14:51:56.260399,Radhi Bidyut Company Ltd
2026041304025669,RADHI,75,58,636,820.0,521520.0,2026-04-13,186265943,2776,N.I.M.B. Stock Markets Limited,Naasa Securities Co. Ltd.,2026-04-13 14:51:56.260721,Radhi Bidyut Company Ltd
2026041304025670,RADHI,75,75,3874,820.0,3176680.0,2026-04-13,186265946,2776,N.I.M.B. Stock Markets Limited,N.I.M.B. Stock Markets Limited,2026-04-13 14:51:56.261018,Radhi Bidyut Company Ltd
2026041304025881,RADHI,42,75,200,820.0,164000.0,2026-04-13,186267552,2776,Sani Securities Company Ltd.,N.I.M.B. Stock Markets Limited,2026-04-13 14:52:59.742806,Radhi Bidyut Company Ltd
2026041304025979,RADHI,34,67,120,819.0,98280.0,2026-04-13,186268152,2776,Vision Securities Pvt. Ltd,Property Wiard Limited,2026-04-13 14:53:28.851258,Radhi Bidyut Company Ltd
2026041304026057,RADHI,57,86,100,818.0,81800.0,2026-04-13,186268762,2776,Aryatara Investment & Securities,Stoxkarts Securities Limited,2026-04-13 14:53:49.123366,Radhi Bidyut Company Ltd
2026041304026058,RADHI,32,86,200,817.2,163440.0,2026-04-13,186268764,2776,Premier Securities Company Ltd.,Stoxkarts Securities Limited,2026-04-13 14:53:49.123667,Radhi Bidyut Company Ltd
2026041304026059,RADHI,45,86,10,817.1,8171.0,2026-04-13,186268766,2776,Imperial Securities Company Pvt. Ltd.,Stoxkarts Securities Limited,2026-04-13 14:53:49.123894,Radhi Bidyut Company Ltd
2026041304026060,RADHI,36,86,20,817.1,16342.0,2026-04-13,186268768,2776,Secured Securities Ltd.,Stoxkarts Securities Limited,2026-04-13 14:53:49.124167,Radhi Bidyut Company Ltd
2026041304026061,RADHI,45,86,170,817.1,138907.0,2026-04-13,186268769,2776,Imperial Securities Company Pvt. Ltd.,Stoxkarts Securities Limited,2026-04-13 14:53:49.124430,Radhi Bidyut Company Ltd
2026041304026125,RADHI,39,67,880,819.0,720720.0,2026-04-13,186269216,2776,Sumeru Securities Pvt. Ltd.,Property Wiard Limited,2026-04-13 14:54:10.251191,Radhi Bidyut Company Ltd
2026041304026190,RADHI,74,6,50,818.0,40900.0,2026-04-13,186269597,2776,KALASH STOCK MARKET PVT. LTD.,Agrawal Securities (PVT) Ltd.,2026-04-13 14:54:24.239815,Radhi Bidyut Company Ltd
2026041304026191,RADHI,74,75,100,820.0,82000.0,2026-04-13,186269600,2776,KALASH STOCK MARKET PVT. LTD.,N.I.M.B. Stock Markets Limited,2026-04-13 14:54:24.239858,Radhi Bidyut Company Ltd
2026041304026261,RADHI,7,75,26,820.0,21320.0,2026-04-13,186270002,2776,J.F. Securites (PVT) Ltd.,N.I.M.B. Stock Markets Limited,2026-04-13 14:54:36.763809,Radhi Bidyut Company Ltd
2026041304026285,RADHI,74,59,500,817.3,408650.0,2026-04-13,186270217,2776,KALASH STOCK MARKET PVT. LTD.,Deevyaa Securities & Stock House Pvt. Ltd,2026-04-13 14:54:46.865079,Radhi Bidyut Company Ltd
2026041304026503,RADHI,75,67,2000,820.0,1640000.0,2026-04-13,186271455,2776,N.I.M.B. Stock Markets Limited,Property Wiard Limited,2026-04-13 14:55:34.505390,Radhi Bidyut Company Ltd
2026041304026504,RADHI,75,74,100,821.0,82100.0,2026-04-13,186271457,2776,N.I.M.B. Stock Markets Limited,KALASH STOCK MARKET PVT. LTD.,2026-04-13 14:55:34.505699,Radhi Bidyut Company Ltd
2026041304026505,RADHI,75,58,1000,821.0,821000.0,2026-04-13,186271460,2776,N.I.M.B. Stock Markets Limited,Naasa Securities Co. Ltd.,2026-04-13 14:55:34.505911,Radhi Bidyut Company Ltd
2026041304026656,RADHI,43,56,10,819.9,8199.0,2026-04-13,186272434,2776,South Asian Bulls Pvt. Ltd.,Sri Hari Securities Pvt. Ltd.,2026-04-13 14:56:10.059070,Radhi Bidyut Company Ltd
2026041304026771,RADHI,42,56,94,819.9,77070.6,2026-04-13,186273328,2776,Sani Securities Company Ltd.,Sri Hari Securities Pvt. Ltd.,2026-04-13 14:56:34.284093,Radhi Bidyut Company Ltd
2026041304026894,RADHI,62,67,10,818.0,8180.0,2026-04-13,186274262,2776,Capital Max Securities Ltd,Property Wiard Limited,2026-04-13 14:57:03.012014,Radhi Bidyut Company Ltd
2026041304026895,RADHI,74,67,50,818.0,40900.0,2026-04-13,186274264,2776,KALASH STOCK MARKET PVT. LTD.,Property Wiard Limited,2026-04-13 14:57:03.012304,Radhi Bidyut Company Ltd
2026041304026997,RADHI,81,67,700,818.0,572600.0,2026-04-13,186274878,2776,Aakashbhairab Securities Ltd.,Property Wiard Limited,2026-04-13 14:57:24.656474,Radhi Bidyut Company Ltd
2026041304027028,RADHI,56,81,387,817.6,316411.2,2026-04-13,186275012,2776,Sri Hari Securities Pvt. Ltd.,Aakashbhairab Securities Ltd.,2026-04-13 14:57:28.286619,Radhi Bidyut Company Ltd
2026041304027029,RADHI,81,81,613,817.5,501127.5,2026-04-13,186275013,2776,Aakashbhairab Securities Ltd.,Aakashbhairab Securities Ltd.,2026-04-13 14:57:28.286767,Radhi Bidyut Company Ltd
2026041304027089,RADHI,81,65,27,817.5,22072.5,2026-04-13,186275398,2776,Aakashbhairab Securities Ltd.,Sharepro Securities Private Limited,2026-04-13 14:57:40.725501,Radhi Bidyut Company Ltd
2026041304027090,RADHI,62,65,10,817.4,8174.0,2026-04-13,186275400,2776,Capital Max Securities Ltd,Sharepro Securities Private Limited,2026-04-13 14:57:40.725561,Radhi Bidyut Company Ltd
2026041304027091,RADHI,51,65,50,817.4,40870.0,2026-04-13,186275402,2776,Oxford Securities Pvt. Ltd.,Sharepro Securities Private Limited,2026-04-13 14:57:40.725597,Radhi Bidyut Company Ltd
2026041304027092,RADHI,34,65,100,817.3,81730.0,2026-04-13,186275404,2776,Vision Securities Pvt. Ltd,Sharepro Securities Private Limited,2026-04-13 14:57:40.725628,Radhi Bidyut Company Ltd
2026041304027093,RADHI,7,65,74,817.3,60480.2,2026-04-13,186275406,2776,J.F. Securites (PVT) Ltd.,Sharepro Securities Private Limited,2026-04-13 14:57:40.725661,Radhi Bidyut Company Ltd
2026041304027094,RADHI,45,65,30,817.1,24513.0,2026-04-13,186275408,2776,Imperial Securities Company Pvt. Ltd.,Sharepro Securities Private Limited,2026-04-13 14:57:40.725710,Radhi Bidyut Company Ltd
2026041304027095,RADHI,16,65,209,817.0,170753.0,2026-04-13,186275409,2776,Primo Securities (PVT) Ltd.,Sharepro Securities Private Limited,2026-04-13 14:57:40.725741,Radhi Bidyut Company Ltd
2026041304027131,RADHI,16,56,46,817.0,37582.0,2026-04-13,186275609,2776,Primo Securities (PVT) Ltd.,Sri Hari Securities Pvt. Ltd.,2026-04-13 14:57:47.406005,Radhi Bidyut Company Ltd
2026041304027222,RADHI,62,81,10,817.8,8178.0,2026-04-13,186276064,2776,Capital Max Securities Ltd,Aakashbhairab Securities Ltd.,2026-04-13 14:57:59.700911,Radhi Bidyut Company Ltd
2026041304027223,RADHI,16,81,25,817.0,20425.0,2026-04-13,186276066,2776,Primo Securities (PVT) Ltd.,Aakashbhairab Securities Ltd.,2026-04-13 14:57:59.701074,Radhi Bidyut Company Ltd
2026041304027224,RADHI,81,81,500,817.0,408500.0,2026-04-13,186276068,2776,Aakashbhairab Securities Ltd.,Aakashbhairab Securities Ltd.,2026-04-13 14:57:59.701154,Radhi Bidyut Company Ltd
2026041304027225,RADHI,21,81,100,817.0,81700.0,2026-04-13,186276070,2776,Midas Stock Broking Company Private Limited,Aakashbhairab Securities Ltd.,2026-04-13 14:57:59.701224,Radhi Bidyut Company Ltd
2026041304027226,RADHI,42,81,50,817.0,40850.0,2026-04-13,186276072,2776,Sani Securities Company Ltd.,Aakashbhairab Securities Ltd.,2026-04-13 14:57:59.701295,Radhi Bidyut Company Ltd
2026041304027227,RADHI,62,81,10,817.0,8170.0,2026-04-13,186276074,2776,Capital Max Securities Ltd,Aakashbhairab Securities Ltd.,2026-04-13 14:57:59.701432,Radhi Bidyut Company Ltd
2026041304027228,RADHI,18,81,100,817.0,81700.0,2026-04-13,186276076,2776,Sagarmatha Securities Private Limited,Aakashbhairab Securities Ltd.,2026-04-13 14:57:59.701505,Radhi Bidyut Company Ltd
2026041304027320,RADHI,49,81,60,817.0,49020.0,2026-04-13,186276598,2776,Online Securities Pvt. Ltd.,Aakashbhairab Securities Ltd.,2026-04-13 14:58:12.262372,Radhi Bidyut Company Ltd
2026041304027321,RADHI,62,81,145,817.0,118465.0,2026-04-13,186276599,2776,Capital Max Securities Ltd,Aakashbhairab Securities Ltd.,2026-04-13 14:58:12.398709,Radhi Bidyut Company Ltd
2026041304027322,RADHI,62,67,855,818.0,699390.0,2026-04-13,186276602,2776,Capital Max Securities Ltd,Property Wiard Limited,2026-04-13 14:58:12.398808,Radhi Bidyut Company Ltd
2026041304027346,RADHI,1,67,15,818.0,12270.0,2026-04-13,186276894,2776,Kumari Securities Private Limited,Property Wiard Limited,2026-04-13 14:58:17.550031,Radhi Bidyut Company Ltd
2026041304027422,RADHI,81,44,800,816.6,653280.0,2026-04-13,186277414,2776,Aakashbhairab Securities Ltd.,Dynamic Money Managers Securities Pvt. Ltd.,2026-04-13 14:58:30.120298,Radhi Bidyut Company Ltd
2026041304027423,RADHI,39,44,25,816.5,20412.5,2026-04-13,186277416,2776,Sumeru Securities Pvt. Ltd.,Dynamic Money Managers Securities Pvt. Ltd.,2026-04-13 14:58:30.120496,Radhi Bidyut Company Ltd
2026041304027424,RADHI,49,44,675,816.5,551137.5,2026-04-13,186277417,2776,Online Securities Pvt. Ltd.,Dynamic Money Managers Securities Pvt. Ltd.,2026-04-13 14:58:30.120565,Radhi Bidyut Company Ltd
2026041304027751,RADHI,45,101,10,816.7,8167.0,2026-04-13,186279132,2776,Imperial Securities Company Pvt. Ltd.,APPLE SECURITIES PRIVATE LIMITED,2026-04-13 14:59:04.942832,Radhi Bidyut Company Ltd
2026041304027752,RADHI,49,101,490,816.5,400085.0,2026-04-13,186279133,2776,Online Securities Pvt. Ltd.,APPLE SECURITIES PRIVATE LIMITED,2026-04-13 14:59:04.942883,Radhi Bidyut Company Ltd
2026041304027771,RADHI,7,10,100,817.0,81700.0,2026-04-13,186279298,2776,J.F. Securites (PVT) Ltd.,Pragyan Securities (PVT) Ltd.,2026-04-13 14:59:08.224254,Radhi Bidyut Company Ltd
2026041304027835,RADHI,1,67,200,817.8,163560.0,2026-04-13,186279598,2776,Kumari Securities Private Limited,Property Wiard Limited,2026-04-13 14:59:14.979772,Radhi Bidyut Company Ltd
2026041304027836,RADHI,49,67,835,816.5,681777.5,2026-04-13,186279600,2776,Online Securities Pvt. Ltd.,Property Wiard Limited,2026-04-13 14:59:14.980025,Radhi Bidyut Company Ltd
2026041304027837,RADHI,39,67,20,816.5,16330.0,2026-04-13,186279602,2776,Sumeru Securities Pvt. Ltd.,Property Wiard Limited,2026-04-13 14:59:14.980199,Radhi Bidyut Company Ltd
2026041304027838,RADHI,16,67,2000,816.4,1632800.0,2026-04-13,186279604,2776,Primo Securities (PVT) Ltd.,Property Wiard Limited,2026-04-13 14:59:14.980394,Radhi Bidyut Company Ltd
2026041304027839,RADHI,32,67,110,816.0,89760.0,2026-04-13,186279606,2776,Premier Securities Company Ltd.,Property Wiard Limited,2026-04-13 14:59:14.980567,Radhi Bidyut Company Ltd
2026041304027840,RADHI,50,67,500,816.0,408000.0,2026-04-13,186279608,2776,Cristal Kanchanjanga Securites Pvt. Ltd.,Property Wiard Limited,2026-04-13 14:59:14.980735,Radhi Bidyut Company Ltd
2026041304027841,RADHI,16,67,1100,816.0,897600.0,2026-04-13,186279610,2776,Primo Securities (PVT) Ltd.,Property Wiard Limited,2026-04-13 14:59:14.980900,Radhi Bidyut Company Ltd
2026041304027842,RADHI,61,67,1000,816.0,816000.0,2026-04-13,186279612,2776,BHOLE GANESH SECURITIES LTD,Property Wiard Limited,2026-04-13 14:59:14.981063,Radhi Bidyut Company Ltd
2026041304027843,RADHI,46,67,10,816.0,8160.0,2026-04-13,186279614,2776,Kalika Securities Pvt. Ltd.,Property Wiard Limited,2026-04-13 14:59:14.981227,Radhi Bidyut Company Ltd
2026041304027844,RADHI,62,67,10,816.0,8160.0,2026-04-13,186279616,2776,Capital Max Securities Ltd,Property Wiard Limited,2026-04-13 14:59:14.981400,Radhi Bidyut Company Ltd
2026041304027845,RADHI,32,67,500,816.0,408000.0,2026-04-13,186279618,2776,Premier Securities Company Ltd.,Property Wiard Limited,2026-04-13 14:59:14.981564,Radhi Bidyut Company Ltd
2026041304027846,RADHI,81,67,2000,815.1,1630200.0,2026-04-13,186279620,2776,Aakashbhairab Securities Ltd.,Property Wiard Limited,2026-04-13 14:59:14.981718,Radhi Bidyut Company Ltd
2026041304027847,RADHI,16,67,100,815.0,81500.0,2026-04-13,186279622,2776,Primo Securities (PVT) Ltd.,Property Wiard Limited,2026-04-13 14:59:14.981886,Radhi Bidyut Company Ltd
2026041304027848,RADHI,50,67,100,815.0,81500.0,2026-04-13,186279624,2776,Cristal Kanchanjanga Securites Pvt. Ltd.,Property Wiard Limited,2026-04-13 14:59:14.982071,Radhi Bidyut Company Ltd
2026041304027849,RADHI,1,67,500,815.0,407500.0,2026-04-13,186279628,2776,Kumari Securities Private Limited,Property Wiard Limited,2026-04-13 14:59:14.982234,Radhi Bidyut Company Ltd
2026041304027850,RADHI,39,67,5000,815.0,4075000.0,2026-04-13,186279630,2776,Sumeru Securities Pvt. Ltd.,Property Wiard Limited,2026-04-13 14:59:14.982399,Radhi Bidyut Company Ltd
2026041304027851,RADHI,34,67,10,815.0,8150.0,2026-04-13,186279632,2776,Vision Securities Pvt. Ltd,Property Wiard Limited,2026-04-13 14:59:14.982550,Radhi Bidyut Company Ltd
2026041304027852,RADHI,101,67,30,815.0,24450.0,2026-04-13,186279634,2776,APPLE SECURITIES PRIVATE LIMITED,Property Wiard Limited,2026-04-13 14:59:14.982712,Radhi Bidyut Company Ltd
2026041304027853,RADHI,1,67,15,815.0,12225.0,2026-04-13,186279636,2776,Kumari Securities Private Limited,Property Wiard Limited,2026-04-13 14:59:14.982871,Radhi Bidyut Company Ltd
2026041304027854,RADHI,34,67,470,815.0,383050.0,2026-04-13,186279638,2776,Vision Securities Pvt. Ltd,Property Wiard Limited,2026-04-13 14:59:14.983028,Radhi Bidyut Company Ltd
2026041304027855,RADHI,64,67,50,815.0,40750.0,2026-04-13,186279640,2776,SUN SECURITIES PVT LTD,Property Wiard Limited,2026-04-13 14:59:14.983197,Radhi Bidyut Company Ltd
2026041304028049,RADHI,62,67,10,815.0,8150.0,2026-04-13,186280934,2776,Capital Max Securities Ltd,Property Wiard Limited,2026-04-13 14:59:28.629602,Radhi Bidyut Company Ltd
2026041304028095,RADHI,81,67,700,815.0,570500.0,2026-04-13,186281230,2776,Aakashbhairab Securities Ltd.,Property Wiard Limited,2026-04-13 14:59:32.763386,Radhi Bidyut Company Ltd
2026041304028278,RADHI,45,67,20,814.0,16280.0,2026-04-13,186282244,2776,Imperial Securities Company Pvt. Ltd.,Property Wiard Limited,2026-04-13 14:59:45.655291,Radhi Bidyut Company Ltd
2026041304028279,RADHI,62,67,10,814.0,8140.0,2026-04-13,186282246,2776,Capital Max Securities Ltd,Property Wiard Limited,2026-04-13 14:59:45.655412,Radhi Bidyut Company Ltd
2026041304028280,RADHI,38,67,50,813.4,40670.0,2026-04-13,186282248,2776,Dipshikha Dhitopatra Karobar Co. Pvt Ltd.,Property Wiard Limited,2026-04-13 14:59:45.655470,Radhi Bidyut Company Ltd
2026041304028281,RADHI,51,67,50,813.4,40670.0,2026-04-13,186282250,2776,Oxford Securities Pvt. Ltd.,Property Wiard Limited,2026-04-13 14:59:45.655525,Radhi Bidyut Company Ltd
2026041304028282,RADHI,7,67,500,813.0,406500.0,2026-04-13,186282252,2776,J.F. Securites (PVT) Ltd.,Property Wiard Limited,2026-04-13 14:59:45.655578,Radhi Bidyut Company Ltd
2026041304028283,RADHI,7,67,12,813.0,9756.0,2026-04-13,186282254,2776,J.F. Securites (PVT) Ltd.,Property Wiard Limited,2026-04-13 14:59:45.655630,Radhi Bidyut Company Ltd
2026041304028284,RADHI,81,67,2000,813.0,1626000.0,2026-04-13,186282256,2776,Aakashbhairab Securities Ltd.,Property Wiard Limited,2026-04-13 14:59:45.655682,Radhi Bidyut Company Ltd
2026041304028285,RADHI,45,67,300,813.0,243900.0,2026-04-13,186282258,2776,Imperial Securities Company Pvt. Ltd.,Property Wiard Limited,2026-04-13 14:59:45.655732,Radhi Bidyut Company Ltd
2026041304028361,RADHI,11,67,62,813.0,50406.0,2026-04-13,186282569,2776,Malla & Malla Stock Broking Company Pvt. Limited,Property Wiard Limited,2026-04-13 14:59:48.191034,Radhi Bidyut Company Ltd
2026041304028476,RADHI,11,63,100,816.0,81600.0,2026-04-13,186283438,2776,Malla & Malla Stock Broking Company Pvt. Limited,Himalayan Brokerage Company Limited,2026-04-13 14:59:55.704090,Radhi Bidyut Company Ltd
2026041304028483,RADHI,11,82,138,816.0,112608.0,2026-04-13,186283484,2776,Malla & Malla Stock Broking Company Pvt. Limited,N.M.B. SECURITIES LIMITED,2026-04-13 14:59:56.293689,Radhi Bidyut Company Ltd
2026041304028484,RADHI,81,82,2000,812.2,1624400.0,2026-04-13,186283489,2776,Aakashbhairab Securities Ltd.,N.M.B. SECURITIES LIMITED,2026-04-13 14:59:56.293961,Radhi Bidyut Company Ltd
2026041304028497,RADHI,40,82,30,812.0,24360.0,2026-04-13,186283792,2776,Creative Securities Pvt Ltd,N.M.B. SECURITIES LIMITED,2026-04-13 14:59:56.730681,Radhi Bidyut Company Ltd
