contract_id,symbol,buyer_member_id,seller_member_id,volume,price,amount,buyer_broker,seller_broker,transaction_time
2026041301001422,SBI,17,41,14,403.0,5642.0,ABC Securities Private Limited,Linch Stock Market Ltd.,2026-04-13 11:03:48.550240
2026041301002563,SBI,17,29,10,403.0,4030.0,ABC Securities Private Limited,Trisul Securities & Invt. Ltd.,2026-04-13 11:06:38.400233
2026041301006584,SBI,5,52,15,410.5,6157.5,Market Securities & Exchange (PVT) Ltd.,Sundhara Securities Limited,2026-04-13 11:16:51.587848
2026041301007658,SBI,57,52,20,410.5,8210.0,Aryatara Investment & Securities,Sundhara Securities Limited,2026-04-13 11:21:09.989758
2026041301015117,SBI,17,57,24,408.0,9792.0,ABC Securities Private Limited,Aryatara Investment & Securities,2026-04-13 11:57:40.005640
2026041301015118,SBI,17,57,24,408.0,9792.0,ABC Securities Private Limited,Aryatara Investment & Securities,2026-04-13 11:57:40.005746
2026041301015282,SBI,86,50,400,407.0,162800.0,Stoxkarts Securities Limited,Cristal Kanchanjanga Securites Pvt. Ltd.,2026-04-13 11:58:45.404287
2026041301015392,SBI,58,48,60,405.0,24300.0,Naasa Securities Co. Ltd.,Trishakti Securities Public Limited,2026-04-13 11:59:21.321589
2026041301015397,SBI,58,57,50,405.0,20250.0,Naasa Securities Co. Ltd.,Aryatara Investment & Securities,2026-04-13 11:59:24.287077
2026041301015935,SBI,58,16,20,405.0,8100.0,Naasa Securities Co. Ltd.,Primo Securities (PVT) Ltd.,2026-04-13 12:03:45.102549
2026041301015936,SBI,49,16,28,405.0,11340.0,Online Securities Pvt. Ltd.,Primo Securities (PVT) Ltd.,2026-04-13 12:03:45.102794
2026041301015937,SBI,57,16,20,403.2,8064.0,Aryatara Investment & Securities,Primo Securities (PVT) Ltd.,2026-04-13 12:03:45.102953
2026041301015938,SBI,47,16,20,403.2,8064.0,Neev Securities Pvt. Ltd.,Primo Securities (PVT) Ltd.,2026-04-13 12:03:45.103133
2026041301015939,SBI,29,16,25,403.2,10080.0,Trisul Securities & Invt. Ltd.,Primo Securities (PVT) Ltd.,2026-04-13 12:03:45.103282
2026041301015940,SBI,35,16,500,403.1,201550.0,Kohinoor Investment & Securities Pvt. Ltd.,Primo Securities (PVT) Ltd.,2026-04-13 12:03:45.103433
2026041301015941,SBI,21,16,587,403.1,236619.7,Midas Stock Broking Company Private Limited,Primo Securities (PVT) Ltd.,2026-04-13 12:03:45.103600
2026041301016732,SBI,34,39,19,403.3,7662.7,Vision Securities Pvt. Ltd,Sumeru Securities Pvt. Ltd.,2026-04-13 12:08:50.013449
2026041301017454,SBI,34,47,28,403.6,11300.8,Vision Securities Pvt. Ltd,Neev Securities Pvt. Ltd.,2026-04-13 12:13:56.710203
2026041301018319,SBI,44,45,41,403.7,16551.7,Dynamic Money Managers Securities Pvt. Ltd.,Imperial Securities Company Pvt. Ltd.,2026-04-13 12:21:38.649646
2026041301018560,SBI,44,57,28,403.7,11303.6,Dynamic Money Managers Securities Pvt. Ltd.,Aryatara Investment & Securities,2026-04-13 12:23:37.945718
2026041301019201,SBI,42,58,500,404.0,202000.0,Sani Securities Company Ltd.,Naasa Securities Co. Ltd.,2026-04-13 12:28:49.435546
2026041301019202,SBI,44,58,31,403.7,12514.7,Dynamic Money Managers Securities Pvt. Ltd.,Naasa Securities Co. Ltd.,2026-04-13 12:28:49.435704
2026041301019203,SBI,34,58,123,403.6,49642.8,Vision Securities Pvt. Ltd,Naasa Securities Co. Ltd.,2026-04-13 12:28:49.435764
2026041301019204,SBI,35,58,500,403.6,201800.0,Kohinoor Investment & Securities Pvt. Ltd.,Naasa Securities Co. Ltd.,2026-04-13 12:28:49.435821
2026041301019205,SBI,43,58,555,403.5,223942.5,South Asian Bulls Pvt. Ltd.,Naasa Securities Co. Ltd.,2026-04-13 12:28:49.435878
2026041301019206,SBI,64,58,131,403.5,52858.5,SUN SECURITIES PVT LTD,Naasa Securities Co. Ltd.,2026-04-13 12:28:49.435934
2026041301019207,SBI,45,58,970,403.4,391298.0,Imperial Securities Company Pvt. Ltd.,Naasa Securities Co. Ltd.,2026-04-13 12:28:49.435988
2026041301019208,SBI,45,58,190,403.4,76646.0,Imperial Securities Company Pvt. Ltd.,Naasa Securities Co. Ltd.,2026-04-13 12:28:49.436045
2026041301019790,SBI,54,49,150,405.0,60750.0,Sewa Securities Pvt. Ltd.,Online Securities Pvt. Ltd.,2026-04-13 12:33:20.630343
2026041301019791,SBI,54,80,10,405.0,4050.0,Sewa Securities Pvt. Ltd.,Indira securities pvt. ltd,2026-04-13 12:33:20.630515
2026041301019792,SBI,54,36,40,405.0,16200.0,Sewa Securities Pvt. Ltd.,Secured Securities Ltd.,2026-04-13 12:33:20.630569
2026041301020012,SBI,59,91,15,403.5,6052.5,Deevyaa Securities & Stock House Pvt. Ltd,Citizens Share Broker Limited,2026-04-13 12:35:18.365585
2026041301020645,SBI,59,16,10,403.5,4035.0,Deevyaa Securities & Stock House Pvt. Ltd,Primo Securities (PVT) Ltd.,2026-04-13 12:40:22.923010
2026041301020646,SBI,45,16,95,403.4,38323.0,Imperial Securities Company Pvt. Ltd.,Primo Securities (PVT) Ltd.,2026-04-13 12:40:22.923296
2026041301020945,SBI,45,42,300,403.4,121020.0,Imperial Securities Company Pvt. Ltd.,Sani Securities Company Ltd.,2026-04-13 12:42:39.365315
2026041301025343,SBI,58,16,500,404.0,202000.0,Naasa Securities Co. Ltd.,Primo Securities (PVT) Ltd.,2026-04-13 13:12:28.920686
2026041301025417,SBI,45,58,12,403.6,4843.2,Imperial Securities Company Pvt. Ltd.,Naasa Securities Co. Ltd.,2026-04-13 13:12:55.582252
2026041301025455,SBI,45,54,10,407.0,4070.0,Imperial Securities Company Pvt. Ltd.,Sewa Securities Pvt. Ltd.,2026-04-13 13:13:05.899078
2026041301025838,SBI,45,41,15,403.6,6054.0,Imperial Securities Company Pvt. Ltd.,Linch Stock Market Ltd.,2026-04-13 13:15:52.530634
2026041301027884,SBI,59,33,31,403.8,12517.8,Deevyaa Securities & Stock House Pvt. Ltd,Dakshinkali Investment & Securities Pvt. Ltd.,2026-04-13 13:27:57.609770
2026041301028166,SBI,52,6,10,405.0,4050.0,Sundhara Securities Limited,Agrawal Securities (PVT) Ltd.,2026-04-13 13:30:11.444044
2026041301028284,SBI,52,50,19,405.0,7695.0,Sundhara Securities Limited,Cristal Kanchanjanga Securites Pvt. Ltd.,2026-04-13 13:31:11.735030
2026041301028818,SBI,52,17,379,405.0,153495.0,Sundhara Securities Limited,ABC Securities Private Limited,2026-04-13 13:35:41.843121
2026041301028977,SBI,75,17,2531,405.0,1025055.0,N.I.M.B. Stock Markets Limited,ABC Securities Private Limited,2026-04-13 13:37:18.829816
2026041301029198,SBI,59,45,10,403.8,4038.0,Deevyaa Securities & Stock House Pvt. Ltd,Imperial Securities Company Pvt. Ltd.,2026-04-13 13:39:58.189379
2026041301029629,SBI,59,16,59,403.8,23824.2,Deevyaa Securities & Stock House Pvt. Ltd,Primo Securities (PVT) Ltd.,2026-04-13 13:44:10.649466
2026041301029630,SBI,96,16,25,403.7,10092.5,Himalayan Securities Limited,Primo Securities (PVT) Ltd.,2026-04-13 13:44:10.649757
2026041301029631,SBI,45,16,16,403.6,6457.6,Imperial Securities Company Pvt. Ltd.,Primo Securities (PVT) Ltd.,2026-04-13 13:44:10.649928
2026041301030957,SBI,14,16,20,403.7,8074.0,Nepal Stock House (PVT) Ltd.,Primo Securities (PVT) Ltd.,2026-04-13 13:56:59.741636
2026041301030958,SBI,17,16,18,403.7,7266.6,ABC Securities Private Limited,Primo Securities (PVT) Ltd.,2026-04-13 13:56:59.741806
2026041301030959,SBI,45,16,457,403.6,184445.2,Imperial Securities Company Pvt. Ltd.,Primo Securities (PVT) Ltd.,2026-04-13 13:56:59.741867
2026041301030960,SBI,45,16,105,403.6,42378.0,Imperial Securities Company Pvt. Ltd.,Primo Securities (PVT) Ltd.,2026-04-13 13:56:59.741939
2026041301031412,SBI,45,17,10,405.0,4050.0,Imperial Securities Company Pvt. Ltd.,ABC Securities Private Limited,2026-04-13 14:00:40.092175
2026041301031446,SBI,45,19,47,403.6,18969.2,Imperial Securities Company Pvt. Ltd.,Nepal Investment And Securities Trading Private Limited,2026-04-13 14:01:09.782318
2026041301031813,SBI,32,17,90,405.0,36450.0,Premier Securities Company Ltd.,ABC Securities Private Limited,2026-04-13 14:04:19.054341
2026041301031814,SBI,32,17,100,405.0,40500.0,Premier Securities Company Ltd.,ABC Securities Private Limited,2026-04-13 14:04:19.054546
2026041301031815,SBI,32,58,60,405.0,24300.0,Premier Securities Company Ltd.,Naasa Securities Co. Ltd.,2026-04-13 14:04:19.054608
2026041301033980,SBI,41,19,30,404.0,12120.0,Linch Stock Market Ltd.,Nepal Investment And Securities Trading Private Limited,2026-04-13 14:19:45.964234
2026041301034850,SBI,42,58,10,405.0,4050.0,Sani Securities Company Ltd.,Naasa Securities Co. Ltd.,2026-04-13 14:24:34.822368
2026041301036242,SBI,67,58,3,400.0,1200.0,Property Wiard Limited,Naasa Securities Co. Ltd.,2026-04-13 14:27:12.647017
2026041301036395,SBI,67,58,1,400.0,400.0,Property Wiard Limited,Naasa Securities Co. Ltd.,2026-04-13 14:28:25.486434
2026041301036680,SBI,52,58,76,405.0,30780.0,Sundhara Securities Limited,Naasa Securities Co. Ltd.,2026-04-13 14:30:58.486113
2026041301036681,SBI,52,52,164,405.0,66420.0,Sundhara Securities Limited,Sundhara Securities Limited,2026-04-13 14:30:58.486282
2026041301037779,SBI,19,43,20,404.0,8080.0,Nepal Investment And Securities Trading Private Limited,South Asian Bulls Pvt. Ltd.,2026-04-13 14:37:45.401535
2026041301039833,SBI,26,75,10,404.0,4040.0,Asian Securities Private Ltd.,N.I.M.B. Stock Markets Limited,2026-04-13 14:48:23.712289
2026041301039834,SBI,56,75,80,404.0,32320.0,Sri Hari Securities Pvt. Ltd.,N.I.M.B. Stock Markets Limited,2026-04-13 14:48:23.712424
2026041301039835,SBI,45,75,415,404.0,167660.0,Imperial Securities Company Pvt. Ltd.,N.I.M.B. Stock Markets Limited,2026-04-13 14:48:23.712478
2026041301039836,SBI,45,75,300,403.6,121080.0,Imperial Securities Company Pvt. Ltd.,N.I.M.B. Stock Markets Limited,2026-04-13 14:48:23.712541
2026041301039895,SBI,71,5,45,404.9,18220.5,SHUBHAKAMANA SECURITIES PVT. LTD,Market Securities & Exchange (PVT) Ltd.,2026-04-13 14:48:44.069233
2026041301041156,SBI,14,49,244,404.8,98771.2,Nepal Stock House (PVT) Ltd.,Online Securities Pvt. Ltd.,2026-04-13 14:54:39.765611
2026041301041157,SBI,14,5,105,404.9,42514.5,Nepal Stock House (PVT) Ltd.,Market Securities & Exchange (PVT) Ltd.,2026-04-13 14:54:39.765789
2026041301041158,SBI,14,52,51,405.0,20655.0,Nepal Stock House (PVT) Ltd.,Sundhara Securities Limited,2026-04-13 14:54:39.765848
2026041301041825,SBI,17,38,80,403.8,32304.0,ABC Securities Private Limited,Dipshikha Dhitopatra Karobar Co. Pvt Ltd.,2026-04-13 14:57:01.364466
2026041301041904,SBI,17,57,120,403.8,48456.0,ABC Securities Private Limited,Aryatara Investment & Securities,2026-04-13 14:57:15.433260
2026041301041905,SBI,45,57,28,403.7,11303.6,Imperial Securities Company Pvt. Ltd.,Aryatara Investment & Securities,2026-04-13 14:57:15.433537
2026041301041906,SBI,45,57,48,403.6,19372.8,Imperial Securities Company Pvt. Ltd.,Aryatara Investment & Securities,2026-04-13 14:57:15.433709
2026041301041907,SBI,11,57,100,403.6,40360.0,Malla & Malla Stock Broking Company Pvt. Limited,Aryatara Investment & Securities,2026-04-13 14:57:15.433878
2026041301041908,SBI,58,57,50,403.3,20165.0,Naasa Securities Co. Ltd.,Aryatara Investment & Securities,2026-04-13 14:57:15.434066
2026041301041909,SBI,14,57,154,403.3,62108.2,Nepal Stock House (PVT) Ltd.,Aryatara Investment & Securities,2026-04-13 14:57:15.434210
2026041301042320,SBI,52,52,100,405.0,40500.0,Sundhara Securities Limited,Sundhara Securities Limited,2026-04-13 14:58:34.093566
2026041301042350,SBI,14,56,246,403.3,99211.8,Nepal Stock House (PVT) Ltd.,Sri Hari Securities Pvt. Ltd.,2026-04-13 14:58:40.178122
2026041301042351,SBI,96,56,50,403.3,20165.0,Himalayan Securities Limited,Sri Hari Securities Pvt. Ltd.,2026-04-13 14:58:40.178314
2026041301042352,SBI,21,56,413,403.1,166480.3,Midas Stock Broking Company Private Limited,Sri Hari Securities Pvt. Ltd.,2026-04-13 14:58:40.178378
2026041301042353,SBI,75,56,791,403.1,318852.1,N.I.M.B. Stock Markets Limited,Sri Hari Securities Pvt. Ltd.,2026-04-13 14:58:40.178432
2026041301042987,SBI,42,52,10,405.0,4050.0,Sani Securities Company Ltd.,Sundhara Securities Limited,2026-04-13 14:59:51.287392
