contract_id,symbol,buyer_member_id,seller_member_id,volume,price,amount,buyer_broker,seller_broker,transaction_time
2026041304000099,SHEL,74,14,25,325.1,8127.5,KALASH STOCK MARKET PVT. LTD.,Nepal Stock House (PVT) Ltd.,2026-04-13 11:01:05.937492
2026041304000332,SHEL,90,49,50,328.0,16400.0,Sajilo Broker Limited,Online Securities Pvt. Ltd.,2026-04-13 11:04:04.779146
2026041304000333,SHEL,58,49,350,326.0,114100.0,Naasa Securities Co. Ltd.,Online Securities Pvt. Ltd.,2026-04-13 11:04:04.779347
2026041304000334,SHEL,49,49,200,326.0,65200.0,Online Securities Pvt. Ltd.,Online Securities Pvt. Ltd.,2026-04-13 11:04:05.013962
2026041304000450,SHEL,19,49,500,326.2,163100.0,Nepal Investment And Securities Trading Private Limited,Online Securities Pvt. Ltd.,2026-04-13 11:05:25.031856
2026041304000451,SHEL,40,49,200,326.1,65220.0,Creative Securities Pvt Ltd,Online Securities Pvt. Ltd.,2026-04-13 11:05:25.031941
2026041304000501,SHEL,8,54,500,327.0,163500.0,Brilliant Securities Pvt. Ltd.,Sewa Securities Pvt. Ltd.,2026-04-13 11:05:38.621183
2026041304000552,SHEL,46,54,300,326.2,97860.0,Kalika Securities Pvt. Ltd.,Sewa Securities Pvt. Ltd.,2026-04-13 11:06:39.634555
2026041304000585,SHEL,49,54,104,327.0,34008.0,Online Securities Pvt. Ltd.,Sewa Securities Pvt. Ltd.,2026-04-13 11:06:56.125231
2026041304000586,SHEL,49,33,50,327.0,16350.0,Online Securities Pvt. Ltd.,Dakshinkali Investment & Securities Pvt. Ltd.,2026-04-13 11:06:56.125375
2026041304000587,SHEL,49,66,246,327.9,80663.4,Online Securities Pvt. Ltd.,Miyo Securities Pvt Ltd,2026-04-13 11:06:56.125427
2026041304000764,SHEL,94,57,20,328.3,6566.0,K.B.L. Securities Limited ,Aryatara Investment & Securities,2026-04-13 11:08:55.375640
2026041304000916,SHEL,49,22,269,330.3,88850.7,Online Securities Pvt. Ltd.,Siprabi Securities Pvt. Ltd.,2026-04-13 11:09:53.618382
2026041304000917,SHEL,49,41,1031,330.3,340539.3,Online Securities Pvt. Ltd.,Linch Stock Market Ltd.,2026-04-13 11:09:53.618607
2026041304000932,SHEL,94,41,21,328.3,6894.3,K.B.L. Securities Limited ,Linch Stock Market Ltd.,2026-04-13 11:10:11.183461
2026041304001000,SHEL,49,41,789,330.3,260606.7,Online Securities Pvt. Ltd.,Linch Stock Market Ltd.,2026-04-13 11:10:49.452654
2026041304001001,SHEL,49,52,211,331.0,69841.0,Online Securities Pvt. Ltd.,Sundhara Securities Limited,2026-04-13 11:10:49.452786
2026041304001058,SHEL,34,52,789,331.0,261159.0,Vision Securities Pvt. Ltd,Sundhara Securities Limited,2026-04-13 11:11:25.213537
2026041304001073,SHEL,57,96,93,331.0,30783.0,Aryatara Investment & Securities,Himalayan Securities Limited,2026-04-13 11:11:39.312885
2026041304001075,SHEL,57,44,10,331.0,3310.0,Aryatara Investment & Securities,Dynamic Money Managers Securities Pvt. Ltd.,2026-04-13 11:11:40.317167
2026041304001083,SHEL,57,48,10,331.0,3310.0,Aryatara Investment & Securities,Trishakti Securities Public Limited,2026-04-13 11:11:48.629765
2026041304001087,SHEL,57,52,21,331.0,6951.0,Aryatara Investment & Securities,Sundhara Securities Limited,2026-04-13 11:11:56.150368
2026041304001088,SHEL,45,57,500,331.6,165800.0,Imperial Securities Company Pvt. Ltd.,Aryatara Investment & Securities,2026-04-13 11:12:00.382112
2026041304001162,SHEL,57,62,16,331.0,5296.0,Aryatara Investment & Securities,Capital Max Securities Ltd,2026-04-13 11:12:58.965402
2026041304001218,SHEL,57,33,50,331.0,16550.0,Aryatara Investment & Securities,Dakshinkali Investment & Securities Pvt. Ltd.,2026-04-13 11:13:44.160819
2026041304001279,SHEL,45,14,34,330.0,11220.0,Imperial Securities Company Pvt. Ltd.,Nepal Stock House (PVT) Ltd.,2026-04-13 11:14:32.972181
2026041304001280,SHEL,17,43,70,331.8,23226.0,ABC Securities Private Limited,South Asian Bulls Pvt. Ltd.,2026-04-13 11:14:34.035715
2026041304001568,SHEL,34,43,60,331.6,19896.0,Vision Securities Pvt. Ltd,South Asian Bulls Pvt. Ltd.,2026-04-13 11:17:08.449380
2026041304001641,SHEL,45,59,16,330.0,5280.0,Imperial Securities Company Pvt. Ltd.,Deevyaa Securities & Stock House Pvt. Ltd,2026-04-13 11:17:46.207258
2026041304001642,SHEL,58,59,404,330.0,133320.0,Naasa Securities Co. Ltd.,Deevyaa Securities & Stock House Pvt. Ltd,2026-04-13 11:17:46.207446
2026041304001909,SHEL,18,43,2870,331.6,951692.0,Sagarmatha Securities Private Limited,South Asian Bulls Pvt. Ltd.,2026-04-13 11:19:36.007122
2026041304001910,SHEL,18,66,400,331.7,132680.0,Sagarmatha Securities Private Limited,Miyo Securities Pvt Ltd,2026-04-13 11:19:36.007219
2026041304001911,SHEL,18,85,730,331.7,242141.0,Sagarmatha Securities Private Limited,Capital Hub P. Ltd,2026-04-13 11:19:36.007303
2026041304001917,SHEL,58,18,10,331.0,3310.0,Naasa Securities Co. Ltd.,Sagarmatha Securities Private Limited,2026-04-13 11:19:41.112713
2026041304001931,SHEL,58,66,20,331.0,6620.0,Naasa Securities Co. Ltd.,Miyo Securities Pvt Ltd,2026-04-13 11:19:50.328303
2026041304002013,SHEL,17,66,84,331.0,27804.0,ABC Securities Private Limited,Miyo Securities Pvt Ltd,2026-04-13 11:20:18.078903
2026041304002062,SHEL,17,16,46,331.0,15226.0,ABC Securities Private Limited,Primo Securities (PVT) Ltd.,2026-04-13 11:20:49.390931
2026041304002236,SHEL,58,69,96,330.0,31680.0,Naasa Securities Co. Ltd.,INDEX SECURITIES LIMITED,2026-04-13 11:22:26.563989
2026041304002237,SHEL,36,69,50,330.0,16500.0,Secured Securities Ltd.,INDEX SECURITIES LIMITED,2026-04-13 11:22:26.564293
2026041304002238,SHEL,58,69,194,330.0,64020.0,Naasa Securities Co. Ltd.,INDEX SECURITIES LIMITED,2026-04-13 11:22:26.564506
2026041304002339,SHEL,17,74,500,330.0,165000.0,ABC Securities Private Limited,KALASH STOCK MARKET PVT. LTD.,2026-04-13 11:23:30.358631
2026041304002435,SHEL,58,16,20,330.0,6600.0,Naasa Securities Co. Ltd.,Primo Securities (PVT) Ltd.,2026-04-13 11:24:22.811061
2026041304002455,SHEL,1,21,100,329.1,32910.0,Kumari Securities Private Limited,Midas Stock Broking Company Private Limited,2026-04-13 11:24:32.517550
2026041304002456,SHEL,57,21,100,329.0,32900.0,Aryatara Investment & Securities,Midas Stock Broking Company Private Limited,2026-04-13 11:24:32.517736
2026041304002457,SHEL,38,21,100,329.0,32900.0,Dipshikha Dhitopatra Karobar Co. Pvt Ltd.,Midas Stock Broking Company Private Limited,2026-04-13 11:24:32.517811
2026041304002458,SHEL,29,21,500,329.0,164500.0,Trisul Securities & Invt. Ltd.,Midas Stock Broking Company Private Limited,2026-04-13 11:24:32.517889
2026041304002459,SHEL,51,21,200,329.0,65800.0,Oxford Securities Pvt. Ltd.,Midas Stock Broking Company Private Limited,2026-04-13 11:24:32.517960
2026041304002495,SHEL,51,58,10,329.0,3290.0,Oxford Securities Pvt. Ltd.,Naasa Securities Co. Ltd.,2026-04-13 11:25:00.202695
2026041304002497,SHEL,51,58,400,329.0,131600.0,Oxford Securities Pvt. Ltd.,Naasa Securities Co. Ltd.,2026-04-13 11:25:03.038922
2026041304002503,SHEL,51,22,390,329.0,128310.0,Oxford Securities Pvt. Ltd.,Siprabi Securities Pvt. Ltd.,2026-04-13 11:25:08.191823
2026041304002523,SHEL,6,22,100,329.0,32900.0,Agrawal Securities (PVT) Ltd.,Siprabi Securities Pvt. Ltd.,2026-04-13 11:25:19.708815
2026041304002524,SHEL,17,10,100,328.8,32880.0,ABC Securities Private Limited,Pragyan Securities (PVT) Ltd.,2026-04-13 11:25:20.700550
2026041304002539,SHEL,17,41,10,328.8,3288.0,ABC Securities Private Limited,Linch Stock Market Ltd.,2026-04-13 11:25:29.068366
2026041304002540,SHEL,58,56,2,330.0,660.0,Naasa Securities Co. Ltd.,Sri Hari Securities Pvt. Ltd.,2026-04-13 11:25:29.416817
2026041304002541,SHEL,17,72,390,328.8,128232.0,ABC Securities Private Limited,Hatemalo Financial Services Private Limited,2026-04-13 11:25:29.488767
2026041304002542,SHEL,56,72,110,328.7,36157.0,Sri Hari Securities Pvt. Ltd.,Hatemalo Financial Services Private Limited,2026-04-13 11:25:29.488953
2026041304002547,SHEL,17,91,25,328.9,8222.5,ABC Securities Private Limited,Citizens Share Broker Limited,2026-04-13 11:25:35.472371
2026041304002549,SHEL,17,22,310,328.9,101959.0,ABC Securities Private Limited,Siprabi Securities Pvt. Ltd.,2026-04-13 11:25:36.151669
2026041304002648,SHEL,17,44,21,328.9,6906.9,ABC Securities Private Limited,Dynamic Money Managers Securities Pvt. Ltd.,2026-04-13 11:26:18.905574
2026041304002812,SHEL,10,22,500,329.0,164500.0,Pragyan Securities (PVT) Ltd.,Siprabi Securities Pvt. Ltd.,2026-04-13 11:27:28.825445
2026041304002930,SHEL,17,16,100,328.9,32890.0,ABC Securities Private Limited,Primo Securities (PVT) Ltd.,2026-04-13 11:28:49.315410
2026041304002953,SHEL,17,14,25,328.9,8222.5,ABC Securities Private Limited,Nepal Stock House (PVT) Ltd.,2026-04-13 11:29:04.193657
2026041304003004,SHEL,17,33,19,328.9,6249.1,ABC Securities Private Limited,Dakshinkali Investment & Securities Pvt. Ltd.,2026-04-13 11:29:30.016028
2026041304003005,SHEL,45,33,100,328.9,32890.0,Imperial Securities Company Pvt. Ltd.,Dakshinkali Investment & Securities Pvt. Ltd.,2026-04-13 11:29:30.016247
2026041304003147,SHEL,45,34,100,328.8,32880.0,Imperial Securities Company Pvt. Ltd.,Vision Securities Pvt. Ltd,2026-04-13 11:31:07.283241
2026041304003148,SHEL,56,34,500,328.6,164300.0,Sri Hari Securities Pvt. Ltd.,Vision Securities Pvt. Ltd,2026-04-13 11:31:07.283365
2026041304003149,SHEL,56,34,390,328.6,128154.0,Sri Hari Securities Pvt. Ltd.,Vision Securities Pvt. Ltd,2026-04-13 11:31:07.283463
2026041304003150,SHEL,1,34,200,328.4,65680.0,Kumari Securities Private Limited,Vision Securities Pvt. Ltd,2026-04-13 11:31:07.283542
2026041304003151,SHEL,40,34,260,328.4,85384.0,Creative Securities Pvt Ltd,Vision Securities Pvt. Ltd,2026-04-13 11:31:07.283617
2026041304003624,SHEL,43,41,21,328.5,6898.5,South Asian Bulls Pvt. Ltd.,Linch Stock Market Ltd.,2026-04-13 11:36:20.078038
2026041304003724,SHEL,19,72,200,328.6,65720.0,Nepal Investment And Securities Trading Private Limited,Hatemalo Financial Services Private Limited,2026-04-13 11:37:52.989558
2026041304003725,SHEL,43,72,79,328.5,25951.5,South Asian Bulls Pvt. Ltd.,Hatemalo Financial Services Private Limited,2026-04-13 11:37:52.989982
2026041304003726,SHEL,53,72,221,328.5,72598.5,Investment Management Nepal Pvt. Ltd.,Hatemalo Financial Services Private Limited,2026-04-13 11:37:52.990254
2026041304003770,SHEL,53,47,10,328.5,3285.0,Investment Management Nepal Pvt. Ltd.,Neev Securities Pvt. Ltd.,2026-04-13 11:38:20.421897
2026041304003816,SHEL,53,47,11,328.5,3613.5,Investment Management Nepal Pvt. Ltd.,Neev Securities Pvt. Ltd.,2026-04-13 11:39:07.309718
2026041304003881,SHEL,49,35,10,329.0,3290.0,Online Securities Pvt. Ltd.,Kohinoor Investment & Securities Pvt. Ltd.,2026-04-13 11:40:00.335976
2026041304004096,SHEL,65,6,21,328.6,6900.6,Sharepro Securities Private Limited,Agrawal Securities (PVT) Ltd.,2026-04-13 11:41:18.153691
2026041304004115,SHEL,65,33,21,328.6,6900.6,Sharepro Securities Private Limited,Dakshinkali Investment & Securities Pvt. Ltd.,2026-04-13 11:41:36.296438
2026041304004216,SHEL,40,69,500,328.9,164450.0,Creative Securities Pvt Ltd,INDEX SECURITIES LIMITED,2026-04-13 11:42:51.154597
2026041304004236,SHEL,40,69,40,328.9,13156.0,Creative Securities Pvt Ltd,INDEX SECURITIES LIMITED,2026-04-13 11:43:07.373246
2026041304004247,SHEL,40,69,460,328.8,151248.0,Creative Securities Pvt Ltd,INDEX SECURITIES LIMITED,2026-04-13 11:43:12.176017
2026041304004248,SHEL,40,35,32,329.0,10528.0,Creative Securities Pvt Ltd,Kohinoor Investment & Securities Pvt. Ltd.,2026-04-13 11:43:12.176488
2026041304004262,SHEL,14,66,500,329.0,164500.0,Nepal Stock House (PVT) Ltd.,Miyo Securities Pvt Ltd,2026-04-13 11:43:15.759080
2026041304004322,SHEL,65,53,10,328.6,3286.0,Sharepro Securities Private Limited,Investment Management Nepal Pvt. Ltd.,2026-04-13 11:43:54.931261
2026041304004335,SHEL,50,69,500,328.7,164350.0,Cristal Kanchanjanga Securites Pvt. Ltd.,INDEX SECURITIES LIMITED,2026-04-13 11:44:03.378948
2026041304004377,SHEL,40,53,15,328.9,4933.5,Creative Securities Pvt Ltd,Investment Management Nepal Pvt. Ltd.,2026-04-13 11:44:34.816510
2026041304004400,SHEL,40,60,25,328.9,8222.5,Creative Securities Pvt Ltd,Nagarik Stock Dealer ,2026-04-13 11:44:44.679434
2026041304004426,SHEL,17,66,28,329.0,9212.0,ABC Securities Private Limited,Miyo Securities Pvt Ltd,2026-04-13 11:45:07.521047
2026041304004427,SHEL,44,33,500,329.7,164850.0,Dynamic Money Managers Securities Pvt. Ltd.,Dakshinkali Investment & Securities Pvt. Ltd.,2026-04-13 11:45:08.127864
2026041304004486,SHEL,50,37,300,329.8,98940.0,Cristal Kanchanjanga Securites Pvt. Ltd.,Swarna Laxmi Securities Pvt. Ltd.,2026-04-13 11:45:30.566896
2026041304004487,SHEL,50,45,200,329.9,65980.0,Cristal Kanchanjanga Securites Pvt. Ltd.,Imperial Securities Company Pvt. Ltd.,2026-04-13 11:45:30.567145
2026041304004501,SHEL,17,45,310,329.9,102269.0,ABC Securities Private Limited,Imperial Securities Company Pvt. Ltd.,2026-04-13 11:45:46.741903
2026041304004502,SHEL,17,45,10,329.9,3299.0,ABC Securities Private Limited,Imperial Securities Company Pvt. Ltd.,2026-04-13 11:45:46.742185
2026041304004503,SHEL,17,16,80,330.0,26400.0,ABC Securities Private Limited,Primo Securities (PVT) Ltd.,2026-04-13 11:45:46.742290
2026041304004504,SHEL,17,34,25,330.0,8250.0,ABC Securities Private Limited,Vision Securities Pvt. Ltd,2026-04-13 11:45:46.742394
2026041304004505,SHEL,17,38,575,330.0,189750.0,ABC Securities Private Limited,Dipshikha Dhitopatra Karobar Co. Pvt Ltd.,2026-04-13 11:45:46.742493
2026041304004506,SHEL,17,29,500,330.0,165000.0,ABC Securities Private Limited,Trisul Securities & Invt. Ltd.,2026-04-13 11:45:46.742691
2026041304004507,SHEL,17,42,21,330.0,6930.0,ABC Securities Private Limited,Sani Securities Company Ltd.,2026-04-13 11:45:46.742842
2026041304004538,SHEL,17,58,10,330.0,3300.0,ABC Securities Private Limited,Naasa Securities Co. Ltd.,2026-04-13 11:46:08.886564
2026041304004587,SHEL,17,47,25,330.0,8250.0,ABC Securities Private Limited,Neev Securities Pvt. Ltd.,2026-04-13 11:46:41.361150
2026041304004728,SHEL,40,80,75,330.9,24817.5,Creative Securities Pvt Ltd,Indira securities pvt. ltd,2026-04-13 11:47:55.158774
2026041304004729,SHEL,40,16,104,331.0,34424.0,Creative Securities Pvt Ltd,Primo Securities (PVT) Ltd.,2026-04-13 11:47:55.159191
2026041304004730,SHEL,40,94,50,331.0,16550.0,Creative Securities Pvt Ltd,K.B.L. Securities Limited ,2026-04-13 11:47:55.159472
2026041304004731,SHEL,40,49,21,331.0,6951.0,Creative Securities Pvt Ltd,Online Securities Pvt. Ltd.,2026-04-13 11:47:55.159749
2026041304004732,SHEL,40,51,33,331.0,10923.0,Creative Securities Pvt Ltd,Oxford Securities Pvt. Ltd.,2026-04-13 11:47:55.160040
2026041304004934,SHEL,40,18,177,331.0,58587.0,Creative Securities Pvt Ltd,Sagarmatha Securities Private Limited,2026-04-13 11:49:18.486913
2026041304005053,SHEL,94,19,180,330.1,59418.0,K.B.L. Securities Limited ,Nepal Investment And Securities Trading Private Limited,2026-04-13 11:50:15.684901
2026041304005209,SHEL,10,44,13,331.0,4303.0,Pragyan Securities (PVT) Ltd.,Dynamic Money Managers Securities Pvt. Ltd.,2026-04-13 11:51:55.914790
2026041304005210,SHEL,62,44,37,331.0,12247.0,Capital Max Securities Ltd,Dynamic Money Managers Securities Pvt. Ltd.,2026-04-13 11:51:56.179502
2026041304005309,SHEL,62,13,200,331.5,66300.0,Capital Max Securities Ltd,Thrive Brokerage House Pvt. Ltd,2026-04-13 11:52:53.809150
2026041304005381,SHEL,57,10,100,331.7,33170.0,Aryatara Investment & Securities,Pragyan Securities (PVT) Ltd.,2026-04-13 11:53:37.272945
2026041304005382,SHEL,57,65,100,331.8,33180.0,Aryatara Investment & Securities,Sharepro Securities Private Limited,2026-04-13 11:53:37.273044
2026041304005383,SHEL,57,85,300,331.9,99570.0,Aryatara Investment & Securities,Capital Hub P. Ltd,2026-04-13 11:53:37.273122
2026041304005406,SHEL,62,85,63,331.9,20909.7,Capital Max Securities Ltd,Capital Hub P. Ltd,2026-04-13 11:53:56.511254
2026041304005427,SHEL,26,85,407,331.9,135083.3,Asian Securities Private Ltd.,Capital Hub P. Ltd,2026-04-13 11:54:15.629251
2026041304005428,SHEL,26,3,93,331.9,30866.7,Asian Securities Private Ltd.,Arun Securities (PVT) Ltd.,2026-04-13 11:54:15.629389
2026041304005578,SHEL,94,60,400,330.1,132040.0,K.B.L. Securities Limited ,Nagarik Stock Dealer ,2026-04-13 11:55:53.650443
2026041304005612,SHEL,94,26,200,330.1,66020.0,K.B.L. Securities Limited ,Asian Securities Private Ltd.,2026-04-13 11:56:08.985428
2026041304005839,SHEL,94,57,400,330.1,132040.0,K.B.L. Securities Limited ,Aryatara Investment & Securities,2026-04-13 11:58:02.840454
2026041304005892,SHEL,94,57,21,330.1,6932.1,K.B.L. Securities Limited ,Aryatara Investment & Securities,2026-04-13 11:58:30.525250
2026041304005899,SHEL,94,14,10,330.1,3301.0,K.B.L. Securities Limited ,Nepal Stock House (PVT) Ltd.,2026-04-13 11:58:36.601952
2026041304005977,SHEL,60,58,30,331.0,9930.0,Nagarik Stock Dealer ,Naasa Securities Co. Ltd.,2026-04-13 11:59:08.029806
2026041304006114,SHEL,94,6,115,330.1,37961.5,K.B.L. Securities Limited ,Agrawal Securities (PVT) Ltd.,2026-04-13 11:59:57.637474
2026041304006145,SHEL,94,19,133,330.1,43903.3,K.B.L. Securities Limited ,Nepal Investment And Securities Trading Private Limited,2026-04-13 12:00:24.700022
2026041304006146,SHEL,18,19,367,330.1,121146.7,Sagarmatha Securities Private Limited,Nepal Investment And Securities Trading Private Limited,2026-04-13 12:00:24.700318
2026041304006147,SHEL,18,50,150,330.1,49515.0,Sagarmatha Securities Private Limited,Cristal Kanchanjanga Securites Pvt. Ltd.,2026-04-13 12:00:25.321329
2026041304006480,SHEL,21,19,50,330.5,16525.0,Midas Stock Broking Company Private Limited,Nepal Investment And Securities Trading Private Limited,2026-04-13 12:01:28.926104
2026041304006481,SHEL,1,19,100,330.2,33020.0,Kumari Securities Private Limited,Nepal Investment And Securities Trading Private Limited,2026-04-13 12:01:28.926404
2026041304006593,SHEL,18,19,700,330.1,231070.0,Sagarmatha Securities Private Limited,Nepal Investment And Securities Trading Private Limited,2026-04-13 12:01:59.193648
2026041304006671,SHEL,18,32,3134,330.1,1034533.4,Sagarmatha Securities Private Limited,Premier Securities Company Ltd.,2026-04-13 12:02:37.635850
2026041304006706,SHEL,18,75,55,330.1,18155.5,Sagarmatha Securities Private Limited,N.I.M.B. Stock Markets Limited,2026-04-13 12:02:44.655933
2026041304006731,SHEL,18,19,590,330.1,194759.0,Sagarmatha Securities Private Limited,Nepal Investment And Securities Trading Private Limited,2026-04-13 12:02:56.850646
2026041304006813,SHEL,17,25,18,330.0,5940.0,ABC Securities Private Limited,Sweta Securities Private Limited,2026-04-13 12:03:40.372941
2026041304006863,SHEL,17,58,92,330.0,30360.0,ABC Securities Private Limited,Naasa Securities Co. Ltd.,2026-04-13 12:04:07.363004
2026041304006869,SHEL,94,58,365,330.1,120486.5,K.B.L. Securities Limited ,Naasa Securities Co. Ltd.,2026-04-13 12:04:13.059249
2026041304006963,SHEL,48,45,10,330.5,3305.0,Trishakti Securities Public Limited,Imperial Securities Company Pvt. Ltd.,2026-04-13 12:04:47.770047
2026041304006964,SHEL,48,58,35,331.0,11585.0,Trishakti Securities Public Limited,Naasa Securities Co. Ltd.,2026-04-13 12:04:47.770578
2026041304006965,SHEL,48,41,20,331.0,6620.0,Trishakti Securities Public Limited,Linch Stock Market Ltd.,2026-04-13 12:04:47.770907
2026041304006966,SHEL,48,60,435,331.0,143985.0,Trishakti Securities Public Limited,Nagarik Stock Dealer ,2026-04-13 12:04:47.771218
2026041304006995,SHEL,58,60,21,331.0,6951.0,Naasa Securities Co. Ltd.,Nagarik Stock Dealer ,2026-04-13 12:05:04.372747
2026041304007335,SHEL,42,60,40,331.0,13240.0,Sani Securities Company Ltd.,Nagarik Stock Dealer ,2026-04-13 12:08:26.176448
2026041304007442,SHEL,50,34,33,331.7,10946.1,Cristal Kanchanjanga Securites Pvt. Ltd.,Vision Securities Pvt. Ltd,2026-04-13 12:09:32.016275
2026041304007443,SHEL,50,19,600,331.8,199080.0,Cristal Kanchanjanga Securites Pvt. Ltd.,Nepal Investment And Securities Trading Private Limited,2026-04-13 12:09:32.016815
2026041304007444,SHEL,50,3,367,331.9,121807.3,Cristal Kanchanjanga Securites Pvt. Ltd.,Arun Securities (PVT) Ltd.,2026-04-13 12:09:32.017149
2026041304007601,SHEL,50,3,540,331.9,179226.0,Cristal Kanchanjanga Securites Pvt. Ltd.,Arun Securities (PVT) Ltd.,2026-04-13 12:10:49.740161
2026041304007602,SHEL,50,74,100,331.9,33190.0,Cristal Kanchanjanga Securites Pvt. Ltd.,KALASH STOCK MARKET PVT. LTD.,2026-04-13 12:10:49.740452
2026041304007603,SHEL,50,34,360,331.9,119484.0,Cristal Kanchanjanga Securites Pvt. Ltd.,Vision Securities Pvt. Ltd,2026-04-13 12:10:49.740561
2026041304007771,SHEL,33,52,45,331.0,14895.0,Dakshinkali Investment & Securities Pvt. Ltd.,Sundhara Securities Limited,2026-04-13 12:12:24.888270
2026041304007788,SHEL,54,34,640,331.9,212416.0,Sewa Securities Pvt. Ltd.,Vision Securities Pvt. Ltd,2026-04-13 12:12:33.036878
2026041304007789,SHEL,54,25,360,332.0,119520.0,Sewa Securities Pvt. Ltd.,Sweta Securities Private Limited,2026-04-13 12:12:33.037148
2026041304007810,SHEL,33,74,40,331.0,13240.0,Dakshinkali Investment & Securities Pvt. Ltd.,KALASH STOCK MARKET PVT. LTD.,2026-04-13 12:12:41.207611
2026041304007862,SHEL,33,33,1000,331.0,331000.0,Dakshinkali Investment & Securities Pvt. Ltd.,Dakshinkali Investment & Securities Pvt. Ltd.,2026-04-13 12:12:58.091534
2026041304007871,SHEL,40,25,140,332.0,46480.0,Creative Securities Pvt Ltd,Sweta Securities Private Limited,2026-04-13 12:13:08.268456
2026041304007872,SHEL,40,77,200,332.0,66400.0,Creative Securities Pvt Ltd,Nabil Stock Dealer Ltd.,2026-04-13 12:13:08.268786
2026041304007873,SHEL,40,7,100,332.0,33200.0,Creative Securities Pvt Ltd,J.F. Securites (PVT) Ltd.,2026-04-13 12:13:08.268907
2026041304007874,SHEL,40,39,1060,332.0,351920.0,Creative Securities Pvt Ltd,Sumeru Securities Pvt. Ltd.,2026-04-13 12:13:08.269018
2026041304007884,SHEL,40,39,1500,332.0,498000.0,Creative Securities Pvt Ltd,Sumeru Securities Pvt. Ltd.,2026-04-13 12:13:19.418427
2026041304007896,SHEL,40,39,440,332.0,146080.0,Creative Securities Pvt Ltd,Sumeru Securities Pvt. Ltd.,2026-04-13 12:13:25.685889
2026041304007897,SHEL,40,41,100,332.0,33200.0,Creative Securities Pvt Ltd,Linch Stock Market Ltd.,2026-04-13 12:13:25.686410
2026041304007898,SHEL,40,19,500,332.0,166000.0,Creative Securities Pvt Ltd,Nepal Investment And Securities Trading Private Limited,2026-04-13 12:13:25.686759
2026041304007899,SHEL,40,94,10,332.0,3320.0,Creative Securities Pvt Ltd,K.B.L. Securities Limited ,2026-04-13 12:13:25.687063
2026041304007900,SHEL,40,48,450,332.0,149400.0,Creative Securities Pvt Ltd,Trishakti Securities Public Limited,2026-04-13 12:13:25.687424
2026041304007934,SHEL,38,48,500,332.0,166000.0,Dipshikha Dhitopatra Karobar Co. Pvt Ltd.,Trishakti Securities Public Limited,2026-04-13 12:13:37.865753
2026041304007935,SHEL,40,48,50,332.0,16600.0,Creative Securities Pvt Ltd,Trishakti Securities Public Limited,2026-04-13 12:13:38.436458
2026041304007936,SHEL,40,17,70,332.0,23240.0,Creative Securities Pvt Ltd,ABC Securities Private Limited,2026-04-13 12:13:38.437020
2026041304007937,SHEL,40,57,200,332.0,66400.0,Creative Securities Pvt Ltd,Aryatara Investment & Securities,2026-04-13 12:13:38.437546
2026041304007938,SHEL,40,58,10,332.0,3320.0,Creative Securities Pvt Ltd,Naasa Securities Co. Ltd.,2026-04-13 12:13:38.438019
2026041304007939,SHEL,40,34,10,332.0,3320.0,Creative Securities Pvt Ltd,Vision Securities Pvt. Ltd,2026-04-13 12:13:38.438540
2026041304007940,SHEL,40,36,460,332.0,152720.0,Creative Securities Pvt Ltd,Secured Securities Ltd.,2026-04-13 12:13:38.439036
2026041304008495,SHEL,58,36,10,332.0,3320.0,Naasa Securities Co. Ltd.,Secured Securities Ltd.,2026-04-13 12:17:06.099278
2026041304008547,SHEL,50,36,530,332.0,175960.0,Cristal Kanchanjanga Securites Pvt. Ltd.,Secured Securities Ltd.,2026-04-13 12:17:19.581389
2026041304008548,SHEL,50,29,25,332.0,8300.0,Cristal Kanchanjanga Securites Pvt. Ltd.,Trisul Securities & Invt. Ltd.,2026-04-13 12:17:19.581651
2026041304008549,SHEL,50,58,21,332.0,6972.0,Cristal Kanchanjanga Securites Pvt. Ltd.,Naasa Securities Co. Ltd.,2026-04-13 12:17:19.581765
2026041304008550,SHEL,50,43,1248,332.0,414336.0,Cristal Kanchanjanga Securites Pvt. Ltd.,South Asian Bulls Pvt. Ltd.,2026-04-13 12:17:19.581877
2026041304008616,SHEL,50,45,10,332.0,3320.0,Cristal Kanchanjanga Securites Pvt. Ltd.,Imperial Securities Company Pvt. Ltd.,2026-04-13 12:17:36.585576
2026041304008631,SHEL,50,22,1000,332.0,332000.0,Cristal Kanchanjanga Securites Pvt. Ltd.,Siprabi Securities Pvt. Ltd.,2026-04-13 12:17:43.795064
2026041304008649,SHEL,50,48,292,332.0,96944.0,Cristal Kanchanjanga Securites Pvt. Ltd.,Trishakti Securities Public Limited,2026-04-13 12:17:54.629117
2026041304008670,SHEL,50,11,275,332.0,91300.0,Cristal Kanchanjanga Securites Pvt. Ltd.,Malla & Malla Stock Broking Company Pvt. Limited,2026-04-13 12:18:03.357432
2026041304008727,SHEL,34,33,1000,332.5,332500.0,Vision Securities Pvt. Ltd,Dakshinkali Investment & Securities Pvt. Ltd.,2026-04-13 12:18:37.952303
2026041304008813,SHEL,50,59,250,332.9,83225.0,Cristal Kanchanjanga Securites Pvt. Ltd.,Deevyaa Securities & Stock House Pvt. Ltd,2026-04-13 12:19:07.238596
2026041304008814,SHEL,50,19,300,332.9,99870.0,Cristal Kanchanjanga Securites Pvt. Ltd.,Nepal Investment And Securities Trading Private Limited,2026-04-13 12:19:07.239118
2026041304008815,SHEL,50,21,500,333.0,166500.0,Cristal Kanchanjanga Securites Pvt. Ltd.,Midas Stock Broking Company Private Limited,2026-04-13 12:19:07.239489
2026041304008816,SHEL,50,35,500,333.0,166500.0,Cristal Kanchanjanga Securites Pvt. Ltd.,Kohinoor Investment & Securities Pvt. Ltd.,2026-04-13 12:19:07.239829
2026041304008817,SHEL,50,45,20,333.0,6660.0,Cristal Kanchanjanga Securites Pvt. Ltd.,Imperial Securities Company Pvt. Ltd.,2026-04-13 12:19:07.240163
2026041304008818,SHEL,50,48,29,333.0,9657.0,Cristal Kanchanjanga Securites Pvt. Ltd.,Trishakti Securities Public Limited,2026-04-13 12:19:07.240516
2026041304009008,SHEL,58,48,210,333.0,69930.0,Naasa Securities Co. Ltd.,Trishakti Securities Public Limited,2026-04-13 12:19:38.113452
2026041304009223,SHEL,45,58,6,328.0,1968.0,Imperial Securities Company Pvt. Ltd.,Naasa Securities Co. Ltd.,2026-04-13 12:21:15.784478
2026041304009240,SHEL,45,34,2,328.0,656.0,Imperial Securities Company Pvt. Ltd.,Vision Securities Pvt. Ltd,2026-04-13 12:21:32.778456
2026041304009510,SHEL,17,38,200,332.0,66400.0,ABC Securities Private Limited,Dipshikha Dhitopatra Karobar Co. Pvt Ltd.,2026-04-13 12:23:42.332407
2026041304009641,SHEL,45,35,200,332.1,66420.0,Imperial Securities Company Pvt. Ltd.,Kohinoor Investment & Securities Pvt. Ltd.,2026-04-13 12:24:39.328202
2026041304009738,SHEL,50,43,40,332.6,13304.0,Cristal Kanchanjanga Securites Pvt. Ltd.,South Asian Bulls Pvt. Ltd.,2026-04-13 12:25:34.001230
2026041304009739,SHEL,50,34,960,332.6,319296.0,Cristal Kanchanjanga Securites Pvt. Ltd.,Vision Securities Pvt. Ltd,2026-04-13 12:25:34.001856
2026041304009753,SHEL,51,34,500,332.6,166300.0,Oxford Securities Pvt. Ltd.,Vision Securities Pvt. Ltd,2026-04-13 12:25:44.544490
2026041304009863,SHEL,19,58,100,332.5,33250.0,Nepal Investment And Securities Trading Private Limited,Naasa Securities Co. Ltd.,2026-04-13 12:26:35.945118
2026041304009892,SHEL,45,34,8,330.1,2640.8,Imperial Securities Company Pvt. Ltd.,Vision Securities Pvt. Ltd,2026-04-13 12:26:44.958986
2026041304009893,SHEL,19,58,279,332.5,92767.5,Nepal Investment And Securities Trading Private Limited,Naasa Securities Co. Ltd.,2026-04-13 12:26:45.984953
2026041304009894,SHEL,19,34,221,332.6,73504.6,Nepal Investment And Securities Trading Private Limited,Vision Securities Pvt. Ltd,2026-04-13 12:26:45.985303
2026041304009914,SHEL,45,8,2,330.0,660.0,Imperial Securities Company Pvt. Ltd.,Brilliant Securities Pvt. Ltd.,2026-04-13 12:26:58.982120
2026041304009917,SHEL,52,34,319,332.6,106099.4,Sundhara Securities Limited,Vision Securities Pvt. Ltd,2026-04-13 12:27:00.429210
2026041304009918,SHEL,52,49,281,332.7,93488.7,Sundhara Securities Limited,Online Securities Pvt. Ltd.,2026-04-13 12:27:00.429567
2026041304009944,SHEL,40,49,219,332.7,72861.3,Creative Securities Pvt Ltd,Online Securities Pvt. Ltd.,2026-04-13 12:27:17.025081
2026041304009945,SHEL,40,3,781,332.7,259838.7,Creative Securities Pvt Ltd,Arun Securities (PVT) Ltd.,2026-04-13 12:27:17.025468
2026041304009960,SHEL,51,3,150,332.7,49905.0,Oxford Securities Pvt. Ltd.,Arun Securities (PVT) Ltd.,2026-04-13 12:27:24.960653
2026041304009961,SHEL,17,3,800,332.7,266160.0,ABC Securities Private Limited,Arun Securities (PVT) Ltd.,2026-04-13 12:27:25.697059
2026041304009970,SHEL,74,3,100,332.7,33270.0,KALASH STOCK MARKET PVT. LTD.,Arun Securities (PVT) Ltd.,2026-04-13 12:27:32.429144
2026041304010026,SHEL,45,91,10,332.1,3321.0,Imperial Securities Company Pvt. Ltd.,Citizens Share Broker Limited,2026-04-13 12:28:01.134683
2026041304010130,SHEL,39,3,169,332.7,56226.3,Sumeru Securities Pvt. Ltd.,Arun Securities (PVT) Ltd.,2026-04-13 12:28:36.666595
2026041304010148,SHEL,45,38,300,332.1,99630.0,Imperial Securities Company Pvt. Ltd.,Dipshikha Dhitopatra Karobar Co. Pvt Ltd.,2026-04-13 12:28:43.809909
2026041304010175,SHEL,39,48,200,333.0,66600.0,Sumeru Securities Pvt. Ltd.,Trishakti Securities Public Limited,2026-04-13 12:28:56.760647
2026041304010343,SHEL,76,48,150,333.0,49950.0,Machhapuchchhre Securities Limited,Trishakti Securities Public Limited,2026-04-13 12:30:20.628591
2026041304010442,SHEL,45,39,10,332.1,3321.0,Imperial Securities Company Pvt. Ltd.,Sumeru Securities Pvt. Ltd.,2026-04-13 12:30:54.824727
2026041304010516,SHEL,52,65,30,332.8,9984.0,Sundhara Securities Limited,Sharepro Securities Private Limited,2026-04-13 12:31:52.134457
2026041304010590,SHEL,58,65,70,332.8,23296.0,Naasa Securities Co. Ltd.,Sharepro Securities Private Limited,2026-04-13 12:32:50.398680
2026041304010647,SHEL,58,26,85,332.9,28296.5,Naasa Securities Co. Ltd.,Asian Securities Private Ltd.,2026-04-13 12:33:10.051418
2026041304010675,SHEL,45,69,310,332.1,102951.0,Imperial Securities Company Pvt. Ltd.,INDEX SECURITIES LIMITED,2026-04-13 12:33:32.872196
2026041304010689,SHEL,101,47,21,332.2,6976.2,APPLE SECURITIES PRIVATE LIMITED,Neev Securities Pvt. Ltd.,2026-04-13 12:33:37.546345
2026041304010878,SHEL,58,26,115,332.9,38283.5,Naasa Securities Co. Ltd.,Asian Securities Private Ltd.,2026-04-13 12:34:48.870710
2026041304010879,SHEL,58,48,100,332.9,33290.0,Naasa Securities Co. Ltd.,Trishakti Securities Public Limited,2026-04-13 12:34:48.871346
2026041304010880,SHEL,58,74,100,332.9,33290.0,Naasa Securities Co. Ltd.,KALASH STOCK MARKET PVT. LTD.,2026-04-13 12:34:48.871771
2026041304010881,SHEL,58,56,200,332.9,66580.0,Naasa Securities Co. Ltd.,Sri Hari Securities Pvt. Ltd.,2026-04-13 12:34:48.872170
2026041304010882,SHEL,58,21,130,332.9,43277.0,Naasa Securities Co. Ltd.,Midas Stock Broking Company Private Limited,2026-04-13 12:34:48.872604
2026041304010915,SHEL,101,3,979,332.2,325223.8,APPLE SECURITIES PRIVATE LIMITED,Arun Securities (PVT) Ltd.,2026-04-13 12:35:01.182956
2026041304010916,SHEL,48,3,21,332.2,6976.2,Trishakti Securities Public Limited,Arun Securities (PVT) Ltd.,2026-04-13 12:35:01.183591
2026041304010926,SHEL,45,41,4,327.0,1308.0,Imperial Securities Company Pvt. Ltd.,Linch Stock Market Ltd.,2026-04-13 12:35:07.405702
2026041304011019,SHEL,44,19,500,332.8,166400.0,Dynamic Money Managers Securities Pvt. Ltd.,Nepal Investment And Securities Trading Private Limited,2026-04-13 12:36:38.122673
2026041304011139,SHEL,94,14,1000,332.2,332200.0,K.B.L. Securities Limited ,Nepal Stock House (PVT) Ltd.,2026-04-13 12:37:39.054592
2026041304011151,SHEL,94,59,500,332.2,166100.0,K.B.L. Securities Limited ,Deevyaa Securities & Stock House Pvt. Ltd,2026-04-13 12:37:45.491155
2026041304011152,SHEL,45,59,96,332.1,31881.6,Imperial Securities Company Pvt. Ltd.,Deevyaa Securities & Stock House Pvt. Ltd,2026-04-13 12:37:45.491513
2026041304011171,SHEL,60,19,20,332.8,6656.0,Nagarik Stock Dealer ,Nepal Investment And Securities Trading Private Limited,2026-04-13 12:38:00.002770
2026041304011232,SHEL,45,1,74,332.1,24575.4,Imperial Securities Company Pvt. Ltd.,Kumari Securities Private Limited,2026-04-13 12:38:42.558290
2026041304011233,SHEL,38,1,203,332.0,67396.0,Dipshikha Dhitopatra Karobar Co. Pvt Ltd.,Kumari Securities Private Limited,2026-04-13 12:38:42.558952
2026041304011234,SHEL,33,1,150,332.0,49800.0,Dakshinkali Investment & Securities Pvt. Ltd.,Kumari Securities Private Limited,2026-04-13 12:38:42.559375
2026041304011235,SHEL,47,1,73,332.0,24236.0,Neev Securities Pvt. Ltd.,Kumari Securities Private Limited,2026-04-13 12:38:42.559775
2026041304011298,SHEL,47,1,107,332.0,35524.0,Neev Securities Pvt. Ltd.,Kumari Securities Private Limited,2026-04-13 12:39:13.225896
2026041304011299,SHEL,51,1,393,332.0,130476.0,Oxford Securities Pvt. Ltd.,Kumari Securities Private Limited,2026-04-13 12:39:13.226234
2026041304011384,SHEL,60,22,20,332.5,6650.0,Nagarik Stock Dealer ,Siprabi Securities Pvt. Ltd.,2026-04-13 12:39:52.595863
2026041304011396,SHEL,51,60,57,332.0,18924.0,Oxford Securities Pvt. Ltd.,Nagarik Stock Dealer ,2026-04-13 12:39:57.085516
2026041304011402,SHEL,17,91,15,331.3,4969.5,ABC Securities Private Limited,Citizens Share Broker Limited,2026-04-13 12:40:01.991978
2026041304011507,SHEL,25,60,50,332.0,16600.0,Sweta Securities Private Limited,Nagarik Stock Dealer ,2026-04-13 12:40:50.160936
2026041304011524,SHEL,53,45,493,331.4,163380.2,Investment Management Nepal Pvt. Ltd.,Imperial Securities Company Pvt. Ltd.,2026-04-13 12:41:13.773488
2026041304011535,SHEL,53,3,265,331.4,87821.0,Investment Management Nepal Pvt. Ltd.,Arun Securities (PVT) Ltd.,2026-04-13 12:41:22.618679
2026041304011541,SHEL,17,20,485,331.3,160680.5,ABC Securities Private Limited,Sipla Securities Private Limited,2026-04-13 12:41:31.621240
2026041304011542,SHEL,58,20,300,331.2,99360.0,Naasa Securities Co. Ltd.,Sipla Securities Private Limited,2026-04-13 12:41:31.621681
2026041304011543,SHEL,34,20,1500,331.1,496650.0,Vision Securities Pvt. Ltd,Sipla Securities Private Limited,2026-04-13 12:41:31.621836
2026041304011544,SHEL,33,20,15,331.0,4965.0,Dakshinkali Investment & Securities Pvt. Ltd.,Sipla Securities Private Limited,2026-04-13 12:41:31.621976
2026041304011545,SHEL,37,20,1000,331.0,331000.0,Swarna Laxmi Securities Pvt. Ltd.,Sipla Securities Private Limited,2026-04-13 12:41:31.622121
2026041304011550,SHEL,45,4,5,325.0,1625.0,Imperial Securities Company Pvt. Ltd.,Opal Securities Investment (PVT) Ltd.,2026-04-13 12:41:33.368511
2026041304011560,SHEL,51,45,500,330.6,165300.0,Oxford Securities Pvt. Ltd.,Imperial Securities Company Pvt. Ltd.,2026-04-13 12:41:49.974292
2026041304011602,SHEL,82,45,1000,330.5,330500.0,N.M.B. SECURITIES LIMITED,Imperial Securities Company Pvt. Ltd.,2026-04-13 12:42:06.243651
2026041304011661,SHEL,38,45,500,330.6,165300.0,Dipshikha Dhitopatra Karobar Co. Pvt Ltd.,Imperial Securities Company Pvt. Ltd.,2026-04-13 12:42:31.217344
2026041304011805,SHEL,69,38,75,330.1,24757.5,INDEX SECURITIES LIMITED,Dipshikha Dhitopatra Karobar Co. Pvt Ltd.,2026-04-13 12:44:00.256742
2026041304011940,SHEL,69,3,25,330.1,8252.5,INDEX SECURITIES LIMITED,Arun Securities (PVT) Ltd.,2026-04-13 12:45:14.636503
2026041304011941,SHEL,33,3,500,330.0,165000.0,Dakshinkali Investment & Securities Pvt. Ltd.,Arun Securities (PVT) Ltd.,2026-04-13 12:45:14.636851
2026041304011942,SHEL,26,3,100,330.0,33000.0,Asian Securities Private Ltd.,Arun Securities (PVT) Ltd.,2026-04-13 12:45:14.637048
2026041304011943,SHEL,22,3,50,330.0,16500.0,Siprabi Securities Pvt. Ltd.,Arun Securities (PVT) Ltd.,2026-04-13 12:45:14.637193
2026041304011944,SHEL,45,3,60,330.0,19800.0,Imperial Securities Company Pvt. Ltd.,Arun Securities (PVT) Ltd.,2026-04-13 12:45:14.637346
2026041304011963,SHEL,45,48,40,330.0,13200.0,Imperial Securities Company Pvt. Ltd.,Trishakti Securities Public Limited,2026-04-13 12:45:22.785047
2026041304011964,SHEL,16,48,195,330.0,64350.0,Primo Securities (PVT) Ltd.,Trishakti Securities Public Limited,2026-04-13 12:45:22.785393
2026041304011965,SHEL,59,48,10,330.0,3300.0,Deevyaa Securities & Stock House Pvt. Ltd,Trishakti Securities Public Limited,2026-04-13 12:45:22.785534
2026041304011966,SHEL,36,48,100,330.0,33000.0,Secured Securities Ltd.,Trishakti Securities Public Limited,2026-04-13 12:45:22.785673
2026041304011967,SHEL,1,48,55,330.0,18150.0,Kumari Securities Private Limited,Trishakti Securities Public Limited,2026-04-13 12:45:22.785811
2026041304011985,SHEL,1,57,195,330.0,64350.0,Kumari Securities Private Limited,Aryatara Investment & Securities,2026-04-13 12:45:28.725695
2026041304011986,SHEL,1,57,55,330.0,18150.0,Kumari Securities Private Limited,Aryatara Investment & Securities,2026-04-13 12:45:28.726276
2026041304012146,SHEL,41,85,250,330.1,82525.0,Linch Stock Market Ltd.,Capital Hub P. Ltd,2026-04-13 12:46:46.291373
2026041304012147,SHEL,1,85,385,330.0,127050.0,Kumari Securities Private Limited,Capital Hub P. Ltd,2026-04-13 12:46:46.291713
2026041304012218,SHEL,59,10,10,329.9,3299.0,Deevyaa Securities & Stock House Pvt. Ltd,Pragyan Securities (PVT) Ltd.,2026-04-13 12:47:25.714084
2026041304012219,SHEL,59,10,10,329.8,3298.0,Deevyaa Securities & Stock House Pvt. Ltd,Pragyan Securities (PVT) Ltd.,2026-04-13 12:47:25.714462
2026041304012220,SHEL,59,10,10,329.7,3297.0,Deevyaa Securities & Stock House Pvt. Ltd,Pragyan Securities (PVT) Ltd.,2026-04-13 12:47:25.714606
2026041304012221,SHEL,59,10,10,329.6,3296.0,Deevyaa Securities & Stock House Pvt. Ltd,Pragyan Securities (PVT) Ltd.,2026-04-13 12:47:25.714746
2026041304012222,SHEL,59,10,10,329.5,3295.0,Deevyaa Securities & Stock House Pvt. Ltd,Pragyan Securities (PVT) Ltd.,2026-04-13 12:47:25.714880
2026041304012260,SHEL,59,47,10,329.4,3294.0,Deevyaa Securities & Stock House Pvt. Ltd,Neev Securities Pvt. Ltd.,2026-04-13 12:47:51.212978
2026041304012283,SHEL,59,48,10,329.3,3293.0,Deevyaa Securities & Stock House Pvt. Ltd,Trishakti Securities Public Limited,2026-04-13 12:48:07.358783
2026041304012284,SHEL,1,48,11,329.3,3622.3,Kumari Securities Private Limited,Trishakti Securities Public Limited,2026-04-13 12:48:07.359129
2026041304012516,SHEL,1,57,39,329.3,12842.7,Kumari Securities Private Limited,Aryatara Investment & Securities,2026-04-13 12:50:47.243954
2026041304012517,SHEL,59,57,10,329.2,3292.0,Deevyaa Securities & Stock House Pvt. Ltd,Aryatara Investment & Securities,2026-04-13 12:50:47.244592
2026041304012518,SHEL,59,57,10,329.1,3291.0,Deevyaa Securities & Stock House Pvt. Ltd,Aryatara Investment & Securities,2026-04-13 12:50:47.244996
2026041304012519,SHEL,38,57,450,329.1,148095.0,Dipshikha Dhitopatra Karobar Co. Pvt Ltd.,Aryatara Investment & Securities,2026-04-13 12:50:47.245426
2026041304012520,SHEL,58,57,150,329.0,49350.0,Naasa Securities Co. Ltd.,Aryatara Investment & Securities,2026-04-13 12:50:47.245850
2026041304012521,SHEL,11,57,341,329.0,112189.0,Malla & Malla Stock Broking Company Pvt. Limited,Aryatara Investment & Securities,2026-04-13 12:50:47.246267
2026041304012561,SHEL,11,14,259,329.0,85211.0,Malla & Malla Stock Broking Company Pvt. Limited,Nepal Stock House (PVT) Ltd.,2026-04-13 12:51:14.630593
2026041304012562,SHEL,59,14,10,329.0,3290.0,Deevyaa Securities & Stock House Pvt. Ltd,Nepal Stock House (PVT) Ltd.,2026-04-13 12:51:14.630983
2026041304012652,SHEL,59,4,10,328.9,3289.0,Deevyaa Securities & Stock House Pvt. Ltd,Opal Securities Investment (PVT) Ltd.,2026-04-13 12:52:03.898992
2026041304012653,SHEL,51,4,100,328.8,32880.0,Oxford Securities Pvt. Ltd.,Opal Securities Investment (PVT) Ltd.,2026-04-13 12:52:03.899357
2026041304012654,SHEL,59,4,10,328.8,3288.0,Deevyaa Securities & Stock House Pvt. Ltd,Opal Securities Investment (PVT) Ltd.,2026-04-13 12:52:03.899501
2026041304012655,SHEL,59,4,10,328.7,3287.0,Deevyaa Securities & Stock House Pvt. Ltd,Opal Securities Investment (PVT) Ltd.,2026-04-13 12:52:03.899636
2026041304012656,SHEL,43,4,100,328.6,32860.0,South Asian Bulls Pvt. Ltd.,Opal Securities Investment (PVT) Ltd.,2026-04-13 12:52:03.899772
2026041304012657,SHEL,59,4,10,328.6,3286.0,Deevyaa Securities & Stock House Pvt. Ltd,Opal Securities Investment (PVT) Ltd.,2026-04-13 12:52:03.899911
2026041304012658,SHEL,59,4,10,328.5,3285.0,Deevyaa Securities & Stock House Pvt. Ltd,Opal Securities Investment (PVT) Ltd.,2026-04-13 12:52:03.900049
2026041304012659,SHEL,65,4,175,328.5,57487.5,Sharepro Securities Private Limited,Opal Securities Investment (PVT) Ltd.,2026-04-13 12:52:03.900180
2026041304012681,SHEL,65,4,21,328.5,6898.5,Sharepro Securities Private Limited,Opal Securities Investment (PVT) Ltd.,2026-04-13 12:52:20.189035
2026041304012796,SHEL,59,17,10,328.4,3284.0,Deevyaa Securities & Stock House Pvt. Ltd,ABC Securities Private Limited,2026-04-13 12:53:12.792458
2026041304012816,SHEL,59,57,10,328.3,3283.0,Deevyaa Securities & Stock House Pvt. Ltd,Aryatara Investment & Securities,2026-04-13 12:53:26.261504
2026041304012829,SHEL,34,42,10,328.3,3283.0,Vision Securities Pvt. Ltd,Sani Securities Company Ltd.,2026-04-13 12:53:36.316962
2026041304012922,SHEL,37,63,25,328.4,8210.0,Swarna Laxmi Securities Pvt. Ltd.,Himalayan Brokerage Company Limited,2026-04-13 12:54:48.102196
2026041304013118,SHEL,37,57,10,328.4,3284.0,Swarna Laxmi Securities Pvt. Ltd.,Aryatara Investment & Securities,2026-04-13 12:56:52.770867
2026041304013145,SHEL,37,25,50,328.4,16420.0,Swarna Laxmi Securities Pvt. Ltd.,Sweta Securities Private Limited,2026-04-13 12:57:16.616013
2026041304013199,SHEL,37,91,10,328.4,3284.0,Swarna Laxmi Securities Pvt. Ltd.,Citizens Share Broker Limited,2026-04-13 12:57:52.822975
2026041304013615,SHEL,37,57,158,328.6,51918.8,Swarna Laxmi Securities Pvt. Ltd.,Aryatara Investment & Securities,2026-04-13 13:01:54.647687
2026041304013616,SHEL,54,57,200,328.5,65700.0,Sewa Securities Pvt. Ltd.,Aryatara Investment & Securities,2026-04-13 13:01:54.648355
2026041304013617,SHEL,1,57,50,328.5,16425.0,Kumari Securities Private Limited,Aryatara Investment & Securities,2026-04-13 13:01:54.648780
2026041304013618,SHEL,40,57,1000,328.3,328300.0,Creative Securities Pvt Ltd,Aryatara Investment & Securities,2026-04-13 13:01:54.649195
2026041304013619,SHEL,48,57,1000,328.2,328200.0,Trishakti Securities Public Limited,Aryatara Investment & Securities,2026-04-13 13:01:54.649620
2026041304013620,SHEL,59,57,10,328.2,3282.0,Deevyaa Securities & Stock House Pvt. Ltd,Aryatara Investment & Securities,2026-04-13 13:01:54.650032
2026041304013621,SHEL,34,57,10,328.2,3282.0,Vision Securities Pvt. Ltd,Aryatara Investment & Securities,2026-04-13 13:01:54.650453
2026041304013622,SHEL,59,57,10,328.1,3281.0,Deevyaa Securities & Stock House Pvt. Ltd,Aryatara Investment & Securities,2026-04-13 13:01:54.650864
2026041304013623,SHEL,34,57,10,328.1,3281.0,Vision Securities Pvt. Ltd,Aryatara Investment & Securities,2026-04-13 13:01:54.651262
2026041304013624,SHEL,38,57,45,328.1,14764.5,Dipshikha Dhitopatra Karobar Co. Pvt Ltd.,Aryatara Investment & Securities,2026-04-13 13:01:54.651682
2026041304013625,SHEL,57,57,100,328.0,32800.0,Aryatara Investment & Securities,Aryatara Investment & Securities,2026-04-13 13:01:54.652108
2026041304013626,SHEL,17,57,100,328.0,32800.0,ABC Securities Private Limited,Aryatara Investment & Securities,2026-04-13 13:01:54.652524
2026041304013627,SHEL,37,57,400,328.0,131200.0,Swarna Laxmi Securities Pvt. Ltd.,Aryatara Investment & Securities,2026-04-13 13:01:54.652929
2026041304013628,SHEL,4,57,17,328.0,5576.0,Opal Securities Investment (PVT) Ltd.,Aryatara Investment & Securities,2026-04-13 13:01:54.653347
2026041304013703,SHEL,49,58,21,328.8,6904.8,Online Securities Pvt. Ltd.,Naasa Securities Co. Ltd.,2026-04-13 13:02:38.751988
2026041304013704,SHEL,49,35,10,328.9,3289.0,Online Securities Pvt. Ltd.,Kohinoor Investment & Securities Pvt. Ltd.,2026-04-13 13:02:38.752358
2026041304013705,SHEL,49,57,100,328.9,32890.0,Online Securities Pvt. Ltd.,Aryatara Investment & Securities,2026-04-13 13:02:38.752502
2026041304013706,SHEL,49,14,231,329.0,75999.0,Online Securities Pvt. Ltd.,Nepal Stock House (PVT) Ltd.,2026-04-13 13:02:38.752643
2026041304013710,SHEL,49,56,105,329.0,34545.0,Online Securities Pvt. Ltd.,Sri Hari Securities Pvt. Ltd.,2026-04-13 13:02:43.034565
2026041304013734,SHEL,58,1,6,330.0,1980.0,Naasa Securities Co. Ltd.,Kumari Securities Private Limited,2026-04-13 13:03:00.243691
2026041304013794,SHEL,38,45,500,328.1,164050.0,Dipshikha Dhitopatra Karobar Co. Pvt Ltd.,Imperial Securities Company Pvt. Ltd.,2026-04-13 13:03:42.585830
2026041304013795,SHEL,66,45,20,328.1,6562.0,Miyo Securities Pvt Ltd,Imperial Securities Company Pvt. Ltd.,2026-04-13 13:03:42.586164
2026041304013796,SHEL,4,45,13,328.0,4264.0,Opal Securities Investment (PVT) Ltd.,Imperial Securities Company Pvt. Ltd.,2026-04-13 13:03:42.586308
2026041304013797,SHEL,34,45,1000,328.0,328000.0,Vision Securities Pvt. Ltd,Imperial Securities Company Pvt. Ltd.,2026-04-13 13:03:42.586646
2026041304013798,SHEL,58,45,300,328.0,98400.0,Naasa Securities Co. Ltd.,Imperial Securities Company Pvt. Ltd.,2026-04-13 13:03:42.586820
2026041304013799,SHEL,44,45,100,328.0,32800.0,Dynamic Money Managers Securities Pvt. Ltd.,Imperial Securities Company Pvt. Ltd.,2026-04-13 13:03:42.586957
2026041304013822,SHEL,57,45,67,327.0,21909.0,Aryatara Investment & Securities,Imperial Securities Company Pvt. Ltd.,2026-04-13 13:03:58.000721
2026041304013843,SHEL,57,32,33,327.0,10791.0,Aryatara Investment & Securities,Premier Securities Company Ltd.,2026-04-13 13:04:12.479116
2026041304013844,SHEL,29,32,10,327.0,3270.0,Trisul Securities & Invt. Ltd.,Premier Securities Company Ltd.,2026-04-13 13:04:12.479485
2026041304013845,SHEL,29,32,15,327.0,4905.0,Trisul Securities & Invt. Ltd.,Premier Securities Company Ltd.,2026-04-13 13:04:12.479693
2026041304013846,SHEL,34,32,200,327.0,65400.0,Vision Securities Pvt. Ltd,Premier Securities Company Ltd.,2026-04-13 13:04:12.479840
2026041304013909,SHEL,38,42,200,328.0,65600.0,Dipshikha Dhitopatra Karobar Co. Pvt Ltd.,Sani Securities Company Ltd.,2026-04-13 13:04:46.335862
2026041304013970,SHEL,54,29,20,327.1,6542.0,Sewa Securities Pvt. Ltd.,Trisul Securities & Invt. Ltd.,2026-04-13 13:05:32.404202
2026041304013971,SHEL,54,41,80,327.1,26168.0,Sewa Securities Pvt. Ltd.,Linch Stock Market Ltd.,2026-04-13 13:05:34.265548
2026041304013972,SHEL,65,41,20,327.1,6542.0,Sharepro Securities Private Limited,Linch Stock Market Ltd.,2026-04-13 13:05:34.266163
2026041304014267,SHEL,65,68,37,327.1,12102.7,Sharepro Securities Private Limited,Elite Stock House Limited,2026-04-13 13:07:24.772443
2026041304014326,SHEL,65,38,43,327.1,14065.3,Sharepro Securities Private Limited,Dipshikha Dhitopatra Karobar Co. Pvt Ltd.,2026-04-13 13:08:06.222968
2026041304014327,SHEL,58,38,30,327.1,9813.0,Naasa Securities Co. Ltd.,Dipshikha Dhitopatra Karobar Co. Pvt Ltd.,2026-04-13 13:08:06.223023
2026041304014328,SHEL,29,38,10,327.0,3270.0,Trisul Securities & Invt. Ltd.,Dipshikha Dhitopatra Karobar Co. Pvt Ltd.,2026-04-13 13:08:06.223047
2026041304014329,SHEL,21,38,49,327.0,16023.0,Midas Stock Broking Company Private Limited,Dipshikha Dhitopatra Karobar Co. Pvt Ltd.,2026-04-13 13:08:06.223077
2026041304014490,SHEL,64,35,367,327.4,120155.8,SUN SECURITIES PVT LTD,Kohinoor Investment & Securities Pvt. Ltd.,2026-04-13 13:09:44.938538
2026041304014491,SHEL,64,80,500,327.5,163750.0,SUN SECURITIES PVT LTD,Indira securities pvt. ltd,2026-04-13 13:09:44.939178
2026041304014492,SHEL,64,42,420,328.0,137760.0,SUN SECURITIES PVT LTD,Sani Securities Company Ltd.,2026-04-13 13:09:44.939649
2026041304014493,SHEL,64,45,500,328.0,164000.0,SUN SECURITIES PVT LTD,Imperial Securities Company Pvt. Ltd.,2026-04-13 13:09:44.940101
2026041304014494,SHEL,64,22,100,328.0,32800.0,SUN SECURITIES PVT LTD,Siprabi Securities Pvt. Ltd.,2026-04-13 13:09:44.940601
2026041304014555,SHEL,64,16,100,328.0,32800.0,SUN SECURITIES PVT LTD,Primo Securities (PVT) Ltd.,2026-04-13 13:10:16.923880
2026041304014575,SHEL,54,51,1000,328.1,328100.0,Sewa Securities Pvt. Ltd.,Oxford Securities Pvt. Ltd.,2026-04-13 13:10:24.294935
2026041304014863,SHEL,41,49,5,333.0,1665.0,Linch Stock Market Ltd.,Online Securities Pvt. Ltd.,2026-04-13 13:13:02.546862
2026041304014905,SHEL,21,49,1,327.0,327.0,Midas Stock Broking Company Private Limited,Online Securities Pvt. Ltd.,2026-04-13 13:13:31.885034
2026041304015380,SHEL,50,47,21,328.0,6888.0,Cristal Kanchanjanga Securites Pvt. Ltd.,Neev Securities Pvt. Ltd.,2026-04-13 13:17:47.453747
2026041304015423,SHEL,45,4,5,325.0,1625.0,Imperial Securities Company Pvt. Ltd.,Opal Securities Investment (PVT) Ltd.,2026-04-13 13:18:20.607057
2026041304015513,SHEL,58,44,18,329.9,5938.2,Naasa Securities Co. Ltd.,Dynamic Money Managers Securities Pvt. Ltd.,2026-04-13 13:19:26.006759
2026041304015523,SHEL,49,8,12,329.9,3958.8,Online Securities Pvt. Ltd.,Brilliant Securities Pvt. Ltd.,2026-04-13 13:19:37.727954
2026041304015524,SHEL,49,38,53,329.9,17484.7,Online Securities Pvt. Ltd.,Dipshikha Dhitopatra Karobar Co. Pvt Ltd.,2026-04-13 13:19:37.728654
2026041304015525,SHEL,49,58,21,330.0,6930.0,Online Securities Pvt. Ltd.,Naasa Securities Co. Ltd.,2026-04-13 13:19:37.729099
2026041304015526,SHEL,49,20,2414,330.0,796620.0,Online Securities Pvt. Ltd.,Sipla Securities Private Limited,2026-04-13 13:19:37.729551
2026041304015625,SHEL,49,20,65,330.0,21450.0,Online Securities Pvt. Ltd.,Sipla Securities Private Limited,2026-04-13 13:20:48.095701
2026041304015787,SHEL,17,20,2500,330.0,825000.0,ABC Securities Private Limited,Sipla Securities Private Limited,2026-04-13 13:22:07.806578
2026041304015806,SHEL,40,48,21,329.0,6909.0,Creative Securities Pvt Ltd,Trishakti Securities Public Limited,2026-04-13 13:22:16.989607
2026041304016019,SHEL,64,57,13,329.1,4278.3,SUN SECURITIES PVT LTD,Aryatara Investment & Securities,2026-04-13 13:23:32.348707
2026041304016075,SHEL,16,20,1721,330.0,567930.0,Primo Securities (PVT) Ltd.,Sipla Securities Private Limited,2026-04-13 13:24:00.787146
2026041304016076,SHEL,16,57,10,330.0,3300.0,Primo Securities (PVT) Ltd.,Aryatara Investment & Securities,2026-04-13 13:24:00.787836
2026041304016077,SHEL,16,35,20,330.0,6600.0,Primo Securities (PVT) Ltd.,Kohinoor Investment & Securities Pvt. Ltd.,2026-04-13 13:24:00.788287
2026041304016078,SHEL,16,34,105,330.0,34650.0,Primo Securities (PVT) Ltd.,Vision Securities Pvt. Ltd,2026-04-13 13:24:00.788730
2026041304016079,SHEL,16,42,15,330.0,4950.0,Primo Securities (PVT) Ltd.,Sani Securities Company Ltd.,2026-04-13 13:24:00.789167
2026041304016080,SHEL,16,42,10,330.0,3300.0,Primo Securities (PVT) Ltd.,Sani Securities Company Ltd.,2026-04-13 13:24:00.789621
2026041304016081,SHEL,16,39,200,330.0,66000.0,Primo Securities (PVT) Ltd.,Sumeru Securities Pvt. Ltd.,2026-04-13 13:24:00.790094
2026041304016082,SHEL,16,48,20,330.0,6600.0,Primo Securities (PVT) Ltd.,Trishakti Securities Public Limited,2026-04-13 13:24:00.790538
2026041304016083,SHEL,16,74,171,330.0,56430.0,Primo Securities (PVT) Ltd.,KALASH STOCK MARKET PVT. LTD.,2026-04-13 13:24:00.790970
2026041304016164,SHEL,22,74,37,330.0,12210.0,Siprabi Securities Pvt. Ltd.,KALASH STOCK MARKET PVT. LTD.,2026-04-13 13:24:33.515777
2026041304016262,SHEL,69,16,100,329.3,32930.0,INDEX SECURITIES LIMITED,Primo Securities (PVT) Ltd.,2026-04-13 13:25:24.811777
2026041304016263,SHEL,48,16,740,329.2,243608.0,Trishakti Securities Public Limited,Primo Securities (PVT) Ltd.,2026-04-13 13:25:24.812125
2026041304016361,SHEL,4,74,92,330.0,30360.0,Opal Securities Investment (PVT) Ltd.,KALASH STOCK MARKET PVT. LTD.,2026-04-13 13:26:38.156568
2026041304016362,SHEL,4,62,140,330.0,46200.0,Opal Securities Investment (PVT) Ltd.,Capital Max Securities Ltd,2026-04-13 13:26:38.156963
2026041304016363,SHEL,4,94,998,330.0,329340.0,Opal Securities Investment (PVT) Ltd.,K.B.L. Securities Limited ,2026-04-13 13:26:38.157118
2026041304016372,SHEL,62,7,10,329.3,3293.0,Capital Max Securities Ltd,J.F. Securites (PVT) Ltd.,2026-04-13 13:26:43.971707
2026041304016669,SHEL,48,22,10,329.2,3292.0,Trishakti Securities Public Limited,Siprabi Securities Pvt. Ltd.,2026-04-13 13:30:23.448218
2026041304016726,SHEL,48,58,21,329.2,6913.2,Trishakti Securities Public Limited,Naasa Securities Co. Ltd.,2026-04-13 13:31:11.105932
2026041304016768,SHEL,48,34,200,329.2,65840.0,Trishakti Securities Public Limited,Vision Securities Pvt. Ltd,2026-04-13 13:31:47.642852
2026041304016854,SHEL,58,47,10,330.8,3308.0,Naasa Securities Co. Ltd.,Neev Securities Pvt. Ltd.,2026-04-13 13:32:52.003829
2026041304017095,SHEL,57,22,100,330.8,33080.0,Aryatara Investment & Securities,Siprabi Securities Pvt. Ltd.,2026-04-13 13:35:49.256543
2026041304017096,SHEL,57,85,365,330.9,120778.5,Aryatara Investment & Securities,Capital Hub P. Ltd,2026-04-13 13:35:49.257002
2026041304017097,SHEL,57,38,360,331.0,119160.0,Aryatara Investment & Securities,Dipshikha Dhitopatra Karobar Co. Pvt Ltd.,2026-04-13 13:35:49.257167
2026041304017102,SHEL,57,41,10,331.0,3310.0,Aryatara Investment & Securities,Linch Stock Market Ltd.,2026-04-13 13:35:55.734775
2026041304017164,SHEL,57,49,165,331.0,54615.0,Aryatara Investment & Securities,Online Securities Pvt. Ltd.,2026-04-13 13:36:47.502030
2026041304017335,SHEL,45,4,5,325.0,1625.0,Imperial Securities Company Pvt. Ltd.,Opal Securities Investment (PVT) Ltd.,2026-04-13 13:38:45.056928
2026041304017348,SHEL,45,35,1,325.0,325.0,Imperial Securities Company Pvt. Ltd.,Kohinoor Investment & Securities Pvt. Ltd.,2026-04-13 13:39:05.415369
2026041304017420,SHEL,49,49,135,331.0,44685.0,Online Securities Pvt. Ltd.,Online Securities Pvt. Ltd.,2026-04-13 13:40:04.176660
2026041304017439,SHEL,49,6,20,331.0,6620.0,Online Securities Pvt. Ltd.,Agrawal Securities (PVT) Ltd.,2026-04-13 13:40:31.119284
2026041304017618,SHEL,13,41,70,330.0,23100.0,Thrive Brokerage House Pvt. Ltd,Linch Stock Market Ltd.,2026-04-13 13:42:21.795790
2026041304017619,SHEL,52,41,200,330.0,66000.0,Sundhara Securities Limited,Linch Stock Market Ltd.,2026-04-13 13:42:21.796156
2026041304017620,SHEL,7,41,130,330.0,42900.0,J.F. Securites (PVT) Ltd.,Linch Stock Market Ltd.,2026-04-13 13:42:21.796308
2026041304017844,SHEL,7,43,10,330.0,3300.0,J.F. Securites (PVT) Ltd.,South Asian Bulls Pvt. Ltd.,2026-04-13 13:43:22.292897
2026041304017881,SHEL,7,43,10,330.0,3300.0,J.F. Securites (PVT) Ltd.,South Asian Bulls Pvt. Ltd.,2026-04-13 13:44:19.282959
2026041304017937,SHEL,7,34,14,330.0,4620.0,J.F. Securites (PVT) Ltd.,Vision Securities Pvt. Ltd,2026-04-13 13:45:19.832332
2026041304017951,SHEL,7,42,10,330.0,3300.0,J.F. Securites (PVT) Ltd.,Sani Securities Company Ltd.,2026-04-13 13:45:48.801738
2026041304017966,SHEL,45,44,3,325.0,975.0,Imperial Securities Company Pvt. Ltd.,Dynamic Money Managers Securities Pvt. Ltd.,2026-04-13 13:46:04.741154
2026041304017987,SHEL,7,19,26,330.0,8580.0,J.F. Securites (PVT) Ltd.,Nepal Investment And Securities Trading Private Limited,2026-04-13 13:46:22.194860
2026041304017988,SHEL,1,19,50,329.5,16475.0,Kumari Securities Private Limited,Nepal Investment And Securities Trading Private Limited,2026-04-13 13:46:22.195230
2026041304017989,SHEL,48,19,20,329.5,6590.0,Trishakti Securities Public Limited,Nepal Investment And Securities Trading Private Limited,2026-04-13 13:46:22.195404
2026041304017990,SHEL,63,19,104,329.5,34268.0,Himalayan Brokerage Company Limited,Nepal Investment And Securities Trading Private Limited,2026-04-13 13:46:22.195557
2026041304018037,SHEL,63,19,500,329.5,164750.0,Himalayan Brokerage Company Limited,Nepal Investment And Securities Trading Private Limited,2026-04-13 13:46:41.026291
2026041304018114,SHEL,63,19,396,329.5,130482.0,Himalayan Brokerage Company Limited,Nepal Investment And Securities Trading Private Limited,2026-04-13 13:47:32.014498
2026041304018115,SHEL,29,19,100,329.4,32940.0,Trisul Securities & Invt. Ltd.,Nepal Investment And Securities Trading Private Limited,2026-04-13 13:47:32.015229
2026041304018119,SHEL,61,42,1000,330.0,330000.0,BHOLE GANESH SECURITIES LTD,Sani Securities Company Ltd.,2026-04-13 13:47:41.421369
2026041304018150,SHEL,28,14,10,330.0,3300.0,Shree Krishna Securities Ltd.,Nepal Stock House (PVT) Ltd.,2026-04-13 13:48:09.860361
2026041304018396,SHEL,17,35,909,329.4,299424.6,ABC Securities Private Limited,Kohinoor Investment & Securities Pvt. Ltd.,2026-04-13 13:52:01.084220
2026041304018622,SHEL,17,49,91,329.4,29975.4,ABC Securities Private Limited,Online Securities Pvt. Ltd.,2026-04-13 13:53:58.168874
2026041304018678,SHEL,6,49,14,329.3,4610.2,Agrawal Securities (PVT) Ltd.,Online Securities Pvt. Ltd.,2026-04-13 13:54:30.908440
2026041304018743,SHEL,74,10,105,329.4,34587.0,KALASH STOCK MARKET PVT. LTD.,Pragyan Securities (PVT) Ltd.,2026-04-13 13:55:21.317767
2026041304018767,SHEL,14,14,10,330.0,3300.0,Nepal Stock House (PVT) Ltd.,Nepal Stock House (PVT) Ltd.,2026-04-13 13:55:42.427895
2026041304018768,SHEL,14,36,390,330.0,128700.0,Nepal Stock House (PVT) Ltd.,Secured Securities Ltd.,2026-04-13 13:55:42.428679
2026041304018918,SHEL,39,36,100,330.0,33000.0,Sumeru Securities Pvt. Ltd.,Secured Securities Ltd.,2026-04-13 13:57:38.033358
2026041304018977,SHEL,6,48,21,329.5,6919.5,Agrawal Securities (PVT) Ltd.,Trishakti Securities Public Limited,2026-04-13 13:58:20.590050
2026041304019070,SHEL,6,26,129,329.5,42505.5,Agrawal Securities (PVT) Ltd.,Asian Securities Private Ltd.,2026-04-13 13:59:40.368535
2026041304019071,SHEL,36,26,171,329.5,56344.5,Secured Securities Ltd.,Asian Securities Private Ltd.,2026-04-13 13:59:40.369277
2026041304019130,SHEL,14,36,10,330.0,3300.0,Nepal Stock House (PVT) Ltd.,Secured Securities Ltd.,2026-04-13 14:00:49.121088
2026041304019190,SHEL,14,58,60,330.0,19800.0,Nepal Stock House (PVT) Ltd.,Naasa Securities Co. Ltd.,2026-04-13 14:01:56.579081
2026041304019216,SHEL,14,38,130,330.0,42900.0,Nepal Stock House (PVT) Ltd.,Dipshikha Dhitopatra Karobar Co. Pvt Ltd.,2026-04-13 14:02:15.238121
2026041304019230,SHEL,36,62,200,329.5,65900.0,Secured Securities Ltd.,Capital Max Securities Ltd,2026-04-13 14:02:33.471747
2026041304019253,SHEL,36,62,200,329.5,65900.0,Secured Securities Ltd.,Capital Max Securities Ltd,2026-04-13 14:02:55.874231
2026041304019336,SHEL,45,32,4,327.0,1308.0,Imperial Securities Company Pvt. Ltd.,Premier Securities Company Ltd.,2026-04-13 14:03:44.172665
2026041304019370,SHEL,45,7,7,328.0,2296.0,Imperial Securities Company Pvt. Ltd.,J.F. Securites (PVT) Ltd.,2026-04-13 14:04:04.658397
2026041304019410,SHEL,45,57,5,328.3,1641.5,Imperial Securities Company Pvt. Ltd.,Aryatara Investment & Securities,2026-04-13 14:04:21.488134
2026041304019479,SHEL,59,54,20,329.6,6592.0,Deevyaa Securities & Stock House Pvt. Ltd,Sewa Securities Pvt. Ltd.,2026-04-13 14:05:08.106350
2026041304019480,SHEL,36,54,429,329.5,141355.5,Secured Securities Ltd.,Sewa Securities Pvt. Ltd.,2026-04-13 14:05:08.106767
2026041304019481,SHEL,94,54,500,329.5,164750.0,K.B.L. Securities Limited ,Sewa Securities Pvt. Ltd.,2026-04-13 14:05:08.106931
2026041304019482,SHEL,21,54,200,329.5,65900.0,Midas Stock Broking Company Private Limited,Sewa Securities Pvt. Ltd.,2026-04-13 14:05:08.107084
2026041304019483,SHEL,74,54,95,329.4,31293.0,KALASH STOCK MARKET PVT. LTD.,Sewa Securities Pvt. Ltd.,2026-04-13 14:05:08.107241
2026041304019499,SHEL,48,34,25,329.6,8240.0,Trishakti Securities Public Limited,Vision Securities Pvt. Ltd,2026-04-13 14:05:33.904391
2026041304019503,SHEL,48,45,20,329.6,6592.0,Trishakti Securities Public Limited,Imperial Securities Company Pvt. Ltd.,2026-04-13 14:05:41.776853
2026041304019602,SHEL,59,56,10,329.5,3295.0,Deevyaa Securities & Stock House Pvt. Ltd,Sri Hari Securities Pvt. Ltd.,2026-04-13 14:07:38.067545
2026041304019603,SHEL,7,56,11,329.5,3624.5,J.F. Securites (PVT) Ltd.,Sri Hari Securities Pvt. Ltd.,2026-04-13 14:07:38.067964
2026041304019668,SHEL,7,58,19,329.5,6260.5,J.F. Securites (PVT) Ltd.,Naasa Securities Co. Ltd.,2026-04-13 14:08:14.857715
2026041304019710,SHEL,7,38,21,329.5,6919.5,J.F. Securites (PVT) Ltd.,Dipshikha Dhitopatra Karobar Co. Pvt Ltd.,2026-04-13 14:08:29.600198
2026041304019719,SHEL,7,58,10,329.5,3295.0,J.F. Securites (PVT) Ltd.,Naasa Securities Co. Ltd.,2026-04-13 14:08:41.327641
2026041304019945,SHEL,7,48,39,329.5,12850.5,J.F. Securites (PVT) Ltd.,Trishakti Securities Public Limited,2026-04-13 14:10:51.818698
2026041304019946,SHEL,66,48,10,329.5,3295.0,Miyo Securities Pvt Ltd,Trishakti Securities Public Limited,2026-04-13 14:10:51.819080
2026041304020007,SHEL,59,56,10,329.5,3295.0,Deevyaa Securities & Stock House Pvt. Ltd,Sri Hari Securities Pvt. Ltd.,2026-04-13 14:11:17.257561
2026041304020008,SHEL,74,56,300,329.4,98820.0,KALASH STOCK MARKET PVT. LTD.,Sri Hari Securities Pvt. Ltd.,2026-04-13 14:11:17.258267
2026041304020009,SHEL,59,56,10,329.4,3294.0,Deevyaa Securities & Stock House Pvt. Ltd,Sri Hari Securities Pvt. Ltd.,2026-04-13 14:11:17.258742
2026041304020010,SHEL,66,56,10,329.4,3294.0,Miyo Securities Pvt Ltd,Sri Hari Securities Pvt. Ltd.,2026-04-13 14:11:17.259200
2026041304020011,SHEL,6,56,486,329.3,160039.8,Agrawal Securities (PVT) Ltd.,Sri Hari Securities Pvt. Ltd.,2026-04-13 14:11:17.259674
2026041304020012,SHEL,66,56,10,329.3,3293.0,Miyo Securities Pvt Ltd,Sri Hari Securities Pvt. Ltd.,2026-04-13 14:11:17.260138
2026041304020013,SHEL,59,56,100,329.2,32920.0,Deevyaa Securities & Stock House Pvt. Ltd,Sri Hari Securities Pvt. Ltd.,2026-04-13 14:11:17.260612
2026041304020014,SHEL,66,56,10,329.2,3292.0,Miyo Securities Pvt Ltd,Sri Hari Securities Pvt. Ltd.,2026-04-13 14:11:17.261056
2026041304020015,SHEL,8,56,414,329.1,136247.4,Brilliant Securities Pvt. Ltd.,Sri Hari Securities Pvt. Ltd.,2026-04-13 14:11:17.261520
2026041304020086,SHEL,8,74,86,329.1,28302.6,Brilliant Securities Pvt. Ltd.,KALASH STOCK MARKET PVT. LTD.,2026-04-13 14:12:06.649503
2026041304020087,SHEL,66,74,10,329.1,3291.0,Miyo Securities Pvt Ltd,KALASH STOCK MARKET PVT. LTD.,2026-04-13 14:12:06.649882
2026041304020160,SHEL,59,45,100,329.0,32900.0,Deevyaa Securities & Stock House Pvt. Ltd,Imperial Securities Company Pvt. Ltd.,2026-04-13 14:12:52.826306
2026041304020161,SHEL,58,45,10,329.0,3290.0,Naasa Securities Co. Ltd.,Imperial Securities Company Pvt. Ltd.,2026-04-13 14:12:52.827197
2026041304020162,SHEL,17,45,175,329.0,57575.0,ABC Securities Private Limited,Imperial Securities Company Pvt. Ltd.,2026-04-13 14:12:52.827949
2026041304020163,SHEL,74,45,750,329.0,246750.0,KALASH STOCK MARKET PVT. LTD.,Imperial Securities Company Pvt. Ltd.,2026-04-13 14:12:52.828663
2026041304020164,SHEL,82,45,6965,328.7,2289395.5,N.M.B. SECURITIES LIMITED,Imperial Securities Company Pvt. Ltd.,2026-04-13 14:12:52.829367
2026041304020194,SHEL,82,41,2000,328.7,657400.0,N.M.B. SECURITIES LIMITED,Linch Stock Market Ltd.,2026-04-13 14:13:15.057196
2026041304020227,SHEL,82,52,190,328.7,62453.0,N.M.B. SECURITIES LIMITED,Sundhara Securities Limited,2026-04-13 14:13:32.483233
2026041304020238,SHEL,82,37,400,328.7,131480.0,N.M.B. SECURITIES LIMITED,Swarna Laxmi Securities Pvt. Ltd.,2026-04-13 14:13:40.155640
2026041304020592,SHEL,54,57,500,329.0,164500.0,Sewa Securities Pvt. Ltd.,Aryatara Investment & Securities,2026-04-13 14:17:13.095923
2026041304021018,SHEL,59,42,12,328.9,3946.8,Deevyaa Securities & Stock House Pvt. Ltd,Sani Securities Company Ltd.,2026-04-13 14:21:27.885738
2026041304021151,SHEL,38,22,30,329.0,9870.0,Dipshikha Dhitopatra Karobar Co. Pvt Ltd.,Siprabi Securities Pvt. Ltd.,2026-04-13 14:22:35.607076
2026041304021225,SHEL,38,74,104,329.8,34299.2,Dipshikha Dhitopatra Karobar Co. Pvt Ltd.,KALASH STOCK MARKET PVT. LTD.,2026-04-13 14:23:12.511325
2026041304021289,SHEL,38,41,153,330.0,50490.0,Dipshikha Dhitopatra Karobar Co. Pvt Ltd.,Linch Stock Market Ltd.,2026-04-13 14:23:38.753616
2026041304021290,SHEL,38,44,213,330.0,70290.0,Dipshikha Dhitopatra Karobar Co. Pvt Ltd.,Dynamic Money Managers Securities Pvt. Ltd.,2026-04-13 14:23:38.754352
2026041304021307,SHEL,45,44,100,330.0,33000.0,Imperial Securities Company Pvt. Ltd.,Dynamic Money Managers Securities Pvt. Ltd.,2026-04-13 14:23:44.397394
2026041304021392,SHEL,29,44,1000,330.0,330000.0,Trisul Securities & Invt. Ltd.,Dynamic Money Managers Securities Pvt. Ltd.,2026-04-13 14:24:02.304094
2026041304021477,SHEL,58,49,21,329.9,6927.9,Naasa Securities Co. Ltd.,Online Securities Pvt. Ltd.,2026-04-13 14:24:50.507118
2026041304021478,SHEL,58,44,691,330.0,228030.0,Naasa Securities Co. Ltd.,Dynamic Money Managers Securities Pvt. Ltd.,2026-04-13 14:24:50.507859
2026041304021479,SHEL,58,34,25,330.0,8250.0,Naasa Securities Co. Ltd.,Vision Securities Pvt. Ltd,2026-04-13 14:24:50.508332
2026041304021480,SHEL,58,47,150,330.0,49500.0,Naasa Securities Co. Ltd.,Neev Securities Pvt. Ltd.,2026-04-13 14:24:50.508798
2026041304021481,SHEL,58,42,473,330.0,156090.0,Naasa Securities Co. Ltd.,Sani Securities Company Ltd.,2026-04-13 14:24:50.509239
2026041304021560,SHEL,74,42,262,330.0,86460.0,KALASH STOCK MARKET PVT. LTD.,Sani Securities Company Ltd.,2026-04-13 14:25:07.270332
2026041304021561,SHEL,74,14,238,330.0,78540.0,KALASH STOCK MARKET PVT. LTD.,Nepal Stock House (PVT) Ltd.,2026-04-13 14:25:07.270720
2026041304021563,SHEL,50,14,262,330.0,86460.0,Cristal Kanchanjanga Securites Pvt. Ltd.,Nepal Stock House (PVT) Ltd.,2026-04-13 14:25:08.976055
2026041304021564,SHEL,50,62,200,330.0,66000.0,Cristal Kanchanjanga Securites Pvt. Ltd.,Capital Max Securities Ltd,2026-04-13 14:25:08.976778
2026041304021565,SHEL,50,36,200,330.0,66000.0,Cristal Kanchanjanga Securites Pvt. Ltd.,Secured Securities Ltd.,2026-04-13 14:25:08.977251
2026041304021566,SHEL,50,43,20,330.0,6600.0,Cristal Kanchanjanga Securites Pvt. Ltd.,South Asian Bulls Pvt. Ltd.,2026-04-13 14:25:08.977734
2026041304021567,SHEL,50,22,25,330.0,8250.0,Cristal Kanchanjanga Securites Pvt. Ltd.,Siprabi Securities Pvt. Ltd.,2026-04-13 14:25:08.978196
2026041304021568,SHEL,50,89,293,330.0,96690.0,Cristal Kanchanjanga Securites Pvt. Ltd.,Global IME Securities Limited,2026-04-13 14:25:08.978683
2026041304021588,SHEL,29,89,207,330.0,68310.0,Trisul Securities & Invt. Ltd.,Global IME Securities Limited,2026-04-13 14:25:18.948753
2026041304021594,SHEL,29,89,293,330.0,96690.0,Trisul Securities & Invt. Ltd.,Global IME Securities Limited,2026-04-13 14:25:24.202941
2026041304021634,SHEL,11,89,181,330.0,59730.0,Malla & Malla Stock Broking Company Pvt. Limited,Global IME Securities Limited,2026-04-13 14:25:51.327821
2026041304021713,SHEL,38,89,26,330.0,8580.0,Dipshikha Dhitopatra Karobar Co. Pvt Ltd.,Global IME Securities Limited,2026-04-13 14:26:26.157153
2026041304021714,SHEL,38,68,24,330.0,7920.0,Dipshikha Dhitopatra Karobar Co. Pvt Ltd.,Elite Stock House Limited,2026-04-13 14:26:26.157885
2026041304021801,SHEL,7,68,176,330.0,58080.0,J.F. Securites (PVT) Ltd.,Elite Stock House Limited,2026-04-13 14:26:50.757190
2026041304021837,SHEL,62,32,10,330.5,3305.0,Capital Max Securities Ltd,Premier Securities Company Ltd.,2026-04-13 14:27:08.061509
2026041304021971,SHEL,58,89,500,330.0,165000.0,Naasa Securities Co. Ltd.,Global IME Securities Limited,2026-04-13 14:27:53.676096
2026041304021972,SHEL,58,32,40,330.5,13220.0,Naasa Securities Co. Ltd.,Premier Securities Company Ltd.,2026-04-13 14:27:53.676457
2026041304021973,SHEL,58,6,180,331.0,59580.0,Naasa Securities Co. Ltd.,Agrawal Securities (PVT) Ltd.,2026-04-13 14:27:53.676626
2026041304021974,SHEL,58,56,200,331.0,66200.0,Naasa Securities Co. Ltd.,Sri Hari Securities Pvt. Ltd.,2026-04-13 14:27:53.676798
2026041304021977,SHEL,45,17,6,328.3,1969.8,Imperial Securities Company Pvt. Ltd.,ABC Securities Private Limited,2026-04-13 14:27:55.680270
2026041304022501,SHEL,48,22,10,329.3,3293.0,Trishakti Securities Public Limited,Siprabi Securities Pvt. Ltd.,2026-04-13 14:31:23.327221
2026041304022725,SHEL,94,32,50,330.1,16505.0,K.B.L. Securities Limited ,Premier Securities Company Ltd.,2026-04-13 14:32:58.440180
2026041304022756,SHEL,94,20,585,330.1,193108.5,K.B.L. Securities Limited ,Sipla Securities Private Limited,2026-04-13 14:33:11.722758
2026041304022757,SHEL,16,20,1500,330.0,495000.0,Primo Securities (PVT) Ltd.,Sipla Securities Private Limited,2026-04-13 14:33:11.723140
2026041304022758,SHEL,25,20,100,329.5,32950.0,Sweta Securities Private Limited,Sipla Securities Private Limited,2026-04-13 14:33:11.723306
2026041304022759,SHEL,25,20,100,329.4,32940.0,Sweta Securities Private Limited,Sipla Securities Private Limited,2026-04-13 14:33:11.723479
2026041304022760,SHEL,48,20,1990,329.3,655307.0,Trishakti Securities Public Limited,Sipla Securities Private Limited,2026-04-13 14:33:11.723640
2026041304022761,SHEL,7,20,100,329.3,32930.0,J.F. Securites (PVT) Ltd.,Sipla Securities Private Limited,2026-04-13 14:33:11.723798
2026041304022762,SHEL,41,20,50,329.3,16465.0,Linch Stock Market Ltd.,Sipla Securities Private Limited,2026-04-13 14:33:11.723954
2026041304022763,SHEL,74,20,500,329.2,164600.0,KALASH STOCK MARKET PVT. LTD.,Sipla Securities Private Limited,2026-04-13 14:33:11.724114
2026041304022764,SHEL,34,20,75,329.1,24682.5,Vision Securities Pvt. Ltd,Sipla Securities Private Limited,2026-04-13 14:33:11.724277
2026041304022819,SHEL,36,26,100,329.5,32950.0,Secured Securities Ltd.,Asian Securities Private Ltd.,2026-04-13 14:33:39.389705
2026041304022820,SHEL,34,26,465,329.1,153031.5,Vision Securities Pvt. Ltd,Asian Securities Private Ltd.,2026-04-13 14:33:39.390543
2026041304022852,SHEL,34,10,15,329.1,4936.5,Vision Securities Pvt. Ltd,Pragyan Securities (PVT) Ltd.,2026-04-13 14:33:54.450793
2026041304022900,SHEL,34,7,1445,329.1,475549.5,Vision Securities Pvt. Ltd,J.F. Securites (PVT) Ltd.,2026-04-13 14:34:15.433553
2026041304022927,SHEL,36,57,200,329.0,65800.0,Secured Securities Ltd.,Aryatara Investment & Securities,2026-04-13 14:34:37.190260
2026041304022961,SHEL,36,29,50,329.0,16450.0,Secured Securities Ltd.,Trisul Securities & Invt. Ltd.,2026-04-13 14:34:54.132055
2026041304022964,SHEL,36,57,50,329.0,16450.0,Secured Securities Ltd.,Aryatara Investment & Securities,2026-04-13 14:34:56.320941
2026041304023001,SHEL,36,57,30,329.0,9870.0,Secured Securities Ltd.,Aryatara Investment & Securities,2026-04-13 14:35:20.469720
2026041304023069,SHEL,36,57,30,329.0,9870.0,Secured Securities Ltd.,Aryatara Investment & Securities,2026-04-13 14:36:01.846142
2026041304023088,SHEL,36,26,140,329.0,46060.0,Secured Securities Ltd.,Asian Securities Private Ltd.,2026-04-13 14:36:11.584491
2026041304023089,SHEL,21,26,10,329.0,3290.0,Midas Stock Broking Company Private Limited,Asian Securities Private Ltd.,2026-04-13 14:36:11.584894
2026041304023126,SHEL,21,7,1445,329.0,475405.0,Midas Stock Broking Company Private Limited,J.F. Securites (PVT) Ltd.,2026-04-13 14:36:21.848981
2026041304023232,SHEL,21,57,50,329.0,16450.0,Midas Stock Broking Company Private Limited,Aryatara Investment & Securities,2026-04-13 14:37:08.557403
2026041304023341,SHEL,21,38,495,329.0,162855.0,Midas Stock Broking Company Private Limited,Dipshikha Dhitopatra Karobar Co. Pvt Ltd.,2026-04-13 14:37:58.826936
2026041304023342,SHEL,33,38,500,329.0,164500.0,Dakshinkali Investment & Securities Pvt. Ltd.,Dipshikha Dhitopatra Karobar Co. Pvt Ltd.,2026-04-13 14:37:58.827278
2026041304023343,SHEL,74,38,100,329.0,32900.0,KALASH STOCK MARKET PVT. LTD.,Dipshikha Dhitopatra Karobar Co. Pvt Ltd.,2026-04-13 14:37:58.827475
2026041304023345,SHEL,41,38,50,329.0,16450.0,Linch Stock Market Ltd.,Dipshikha Dhitopatra Karobar Co. Pvt Ltd.,2026-04-13 14:38:00.155261
2026041304023593,SHEL,59,38,88,328.9,28943.2,Deevyaa Securities & Stock House Pvt. Ltd,Dipshikha Dhitopatra Karobar Co. Pvt Ltd.,2026-04-13 14:39:43.688196
2026041304023594,SHEL,14,38,300,328.8,98640.0,Nepal Stock House (PVT) Ltd.,Dipshikha Dhitopatra Karobar Co. Pvt Ltd.,2026-04-13 14:39:43.688614
2026041304023595,SHEL,82,38,445,328.7,146271.5,N.M.B. SECURITIES LIMITED,Dipshikha Dhitopatra Karobar Co. Pvt Ltd.,2026-04-13 14:39:43.688834
2026041304023632,SHEL,58,38,20,328.6,6572.0,Naasa Securities Co. Ltd.,Dipshikha Dhitopatra Karobar Co. Pvt Ltd.,2026-04-13 14:40:09.514168
2026041304023633,SHEL,65,38,11,328.5,3613.5,Sharepro Securities Private Limited,Dipshikha Dhitopatra Karobar Co. Pvt Ltd.,2026-04-13 14:40:09.514566
2026041304023634,SHEL,51,38,211,328.5,69313.5,Oxford Securities Pvt. Ltd.,Dipshikha Dhitopatra Karobar Co. Pvt Ltd.,2026-04-13 14:40:09.514730
2026041304023651,SHEL,51,20,1789,328.5,587686.5,Oxford Securities Pvt. Ltd.,Sipla Securities Private Limited,2026-04-13 14:40:17.840823
2026041304023652,SHEL,1,20,50,328.3,16415.0,Kumari Securities Private Limited,Sipla Securities Private Limited,2026-04-13 14:40:17.841582
2026041304023653,SHEL,17,20,100,328.2,32820.0,ABC Securities Private Limited,Sipla Securities Private Limited,2026-04-13 14:40:17.842065
2026041304023654,SHEL,1,20,50,328.1,16405.0,Kumari Securities Private Limited,Sipla Securities Private Limited,2026-04-13 14:40:17.842567
2026041304023655,SHEL,34,20,300,328.1,98430.0,Vision Securities Pvt. Ltd,Sipla Securities Private Limited,2026-04-13 14:40:17.843017
2026041304023656,SHEL,38,20,120,328.0,39360.0,Dipshikha Dhitopatra Karobar Co. Pvt Ltd.,Sipla Securities Private Limited,2026-04-13 14:40:17.843500
2026041304023657,SHEL,58,20,10,328.0,3280.0,Naasa Securities Co. Ltd.,Sipla Securities Private Limited,2026-04-13 14:40:17.843960
2026041304023658,SHEL,52,20,400,328.0,131200.0,Sundhara Securities Limited,Sipla Securities Private Limited,2026-04-13 14:40:17.844427
2026041304023659,SHEL,41,20,200,328.0,65600.0,Linch Stock Market Ltd.,Sipla Securities Private Limited,2026-04-13 14:40:17.844878
2026041304023660,SHEL,22,20,50,328.0,16400.0,Siprabi Securities Pvt. Ltd.,Sipla Securities Private Limited,2026-04-13 14:40:17.845342
2026041304023661,SHEL,58,20,100,328.0,32800.0,Naasa Securities Co. Ltd.,Sipla Securities Private Limited,2026-04-13 14:40:17.845797
2026041304023662,SHEL,52,20,500,328.0,164000.0,Sundhara Securities Limited,Sipla Securities Private Limited,2026-04-13 14:40:17.846245
2026041304023663,SHEL,34,20,1000,328.0,328000.0,Vision Securities Pvt. Ltd,Sipla Securities Private Limited,2026-04-13 14:40:17.846702
2026041304023664,SHEL,41,20,331,328.0,108568.0,Linch Stock Market Ltd.,Sipla Securities Private Limited,2026-04-13 14:40:17.847159
2026041304023678,SHEL,5,48,230,330.0,75900.0,Market Securities & Exchange (PVT) Ltd.,Trishakti Securities Public Limited,2026-04-13 14:40:26.525716
2026041304023684,SHEL,41,49,169,328.0,55432.0,Linch Stock Market Ltd.,Online Securities Pvt. Ltd.,2026-04-13 14:40:28.344423
2026041304023685,SHEL,44,49,881,328.0,288968.0,Dynamic Money Managers Securities Pvt. Ltd.,Online Securities Pvt. Ltd.,2026-04-13 14:40:28.345098
2026041304023757,SHEL,5,6,300,329.5,98850.0,Market Securities & Exchange (PVT) Ltd.,Agrawal Securities (PVT) Ltd.,2026-04-13 14:41:09.192497
2026041304023813,SHEL,97,34,15,329.1,4936.5,R.B.B. Securities Company Ltd,Vision Securities Pvt. Ltd,2026-04-13 14:41:35.167225
2026041304024011,SHEL,5,34,360,329.0,118440.0,Market Securities & Exchange (PVT) Ltd.,Vision Securities Pvt. Ltd,2026-04-13 14:42:50.691994
2026041304024126,SHEL,97,34,135,329.0,44415.0,R.B.B. Securities Company Ltd,Vision Securities Pvt. Ltd,2026-04-13 14:43:21.787859
2026041304024128,SHEL,49,34,365,329.0,120085.0,Online Securities Pvt. Ltd.,Vision Securities Pvt. Ltd,2026-04-13 14:43:23.461924
2026041304024232,SHEL,5,41,110,329.4,36234.0,Market Securities & Exchange (PVT) Ltd.,Linch Stock Market Ltd.,2026-04-13 14:44:08.365853
2026041304024440,SHEL,49,48,51,329.0,16779.0,Online Securities Pvt. Ltd.,Trishakti Securities Public Limited,2026-04-13 14:45:26.493657
2026041304024632,SHEL,39,58,20,329.1,6582.0,Sumeru Securities Pvt. Ltd.,Naasa Securities Co. Ltd.,2026-04-13 14:46:09.586882
2026041304024682,SHEL,39,95,250,329.1,82275.0,Sumeru Securities Pvt. Ltd.,Magnet Securities and Investment Company Private Limited,2026-04-13 14:46:37.065321
2026041304024692,SHEL,39,41,230,329.1,75693.0,Sumeru Securities Pvt. Ltd.,Linch Stock Market Ltd.,2026-04-13 14:46:38.954627
2026041304024693,SHEL,49,41,84,329.0,27636.0,Online Securities Pvt. Ltd.,Linch Stock Market Ltd.,2026-04-13 14:46:38.955279
2026041304024694,SHEL,74,41,100,329.0,32900.0,KALASH STOCK MARKET PVT. LTD.,Linch Stock Market Ltd.,2026-04-13 14:46:38.955764
2026041304024846,SHEL,59,67,15,328.5,4927.5,Deevyaa Securities & Stock House Pvt. Ltd,Property Wiard Limited,2026-04-13 14:47:35.486344
2026041304024864,SHEL,59,41,76,328.5,24966.0,Deevyaa Securities & Stock House Pvt. Ltd,Linch Stock Market Ltd.,2026-04-13 14:47:43.502909
2026041304024954,SHEL,58,29,20,328.3,6566.0,Naasa Securities Co. Ltd.,Trisul Securities & Invt. Ltd.,2026-04-13 14:48:20.740472
2026041304024955,SHEL,34,29,480,328.3,157584.0,Vision Securities Pvt. Ltd,Trisul Securities & Invt. Ltd.,2026-04-13 14:48:20.740829
2026041304025032,SHEL,34,38,20,328.3,6566.0,Vision Securities Pvt. Ltd,Dipshikha Dhitopatra Karobar Co. Pvt Ltd.,2026-04-13 14:48:46.242963
2026041304025153,SHEL,74,13,50,328.2,16410.0,KALASH STOCK MARKET PVT. LTD.,Thrive Brokerage House Pvt. Ltd,2026-04-13 14:49:22.122405
2026041304025154,SHEL,94,13,100,328.2,32820.0,K.B.L. Securities Limited ,Thrive Brokerage House Pvt. Ltd,2026-04-13 14:49:22.122768
2026041304025155,SHEL,14,13,350,328.1,114835.0,Nepal Stock House (PVT) Ltd.,Thrive Brokerage House Pvt. Ltd,2026-04-13 14:49:22.122932
2026041304025164,SHEL,58,7,10,328.2,3282.0,Naasa Securities Co. Ltd.,J.F. Securites (PVT) Ltd.,2026-04-13 14:49:26.795889
2026041304025169,SHEL,58,48,40,328.2,13128.0,Naasa Securities Co. Ltd.,Trishakti Securities Public Limited,2026-04-13 14:49:27.543241
2026041304025170,SHEL,14,48,150,328.1,49215.0,Nepal Stock House (PVT) Ltd.,Trishakti Securities Public Limited,2026-04-13 14:49:27.543948
2026041304025171,SHEL,74,48,124,328.1,40684.4,KALASH STOCK MARKET PVT. LTD.,Trishakti Securities Public Limited,2026-04-13 14:49:27.544416
2026041304025172,SHEL,65,48,120,328.1,39372.0,Sharepro Securities Private Limited,Trishakti Securities Public Limited,2026-04-13 14:49:27.544878
2026041304025173,SHEL,58,48,30,328.1,9843.0,Naasa Securities Co. Ltd.,Trishakti Securities Public Limited,2026-04-13 14:49:27.545373
2026041304025174,SHEL,35,48,36,328.0,11808.0,Kohinoor Investment & Securities Pvt. Ltd.,Trishakti Securities Public Limited,2026-04-13 14:49:27.545852
2026041304025216,SHEL,35,20,1964,328.0,644192.0,Kohinoor Investment & Securities Pvt. Ltd.,Sipla Securities Private Limited,2026-04-13 14:49:42.699993
2026041304025217,SHEL,40,20,1000,328.0,328000.0,Creative Securities Pvt Ltd,Sipla Securities Private Limited,2026-04-13 14:49:42.700427
2026041304025218,SHEL,58,20,10,328.0,3280.0,Naasa Securities Co. Ltd.,Sipla Securities Private Limited,2026-04-13 14:49:42.700596
2026041304025219,SHEL,45,20,10,328.0,3280.0,Imperial Securities Company Pvt. Ltd.,Sipla Securities Private Limited,2026-04-13 14:49:42.700755
2026041304025220,SHEL,36,20,1000,328.0,328000.0,Secured Securities Ltd.,Sipla Securities Private Limited,2026-04-13 14:49:42.700906
2026041304025221,SHEL,59,20,16,328.0,5248.0,Deevyaa Securities & Stock House Pvt. Ltd,Sipla Securities Private Limited,2026-04-13 14:49:42.701064
2026041304025256,SHEL,51,38,500,328.3,164150.0,Oxford Securities Pvt. Ltd.,Dipshikha Dhitopatra Karobar Co. Pvt Ltd.,2026-04-13 14:49:56.582331
2026041304025333,SHEL,36,38,80,328.3,26264.0,Secured Securities Ltd.,Dipshikha Dhitopatra Karobar Co. Pvt Ltd.,2026-04-13 14:50:23.037852
2026041304025354,SHEL,36,53,100,328.3,32830.0,Secured Securities Ltd.,Investment Management Nepal Pvt. Ltd.,2026-04-13 14:50:30.771845
2026041304025384,SHEL,51,26,10,329.0,3290.0,Oxford Securities Pvt. Ltd.,Asian Securities Private Ltd.,2026-04-13 14:50:38.454248
2026041304025385,SHEL,51,49,440,329.0,144760.0,Oxford Securities Pvt. Ltd.,Online Securities Pvt. Ltd.,2026-04-13 14:50:38.455009
2026041304025636,SHEL,44,25,10,328.3,3283.0,Dynamic Money Managers Securities Pvt. Ltd.,Sweta Securities Private Limited,2026-04-13 14:51:51.089985
2026041304025637,SHEL,44,49,510,329.0,167790.0,Dynamic Money Managers Securities Pvt. Ltd.,Online Securities Pvt. Ltd.,2026-04-13 14:51:51.090394
2026041304025638,SHEL,44,89,400,329.0,131600.0,Dynamic Money Managers Securities Pvt. Ltd.,Global IME Securities Limited,2026-04-13 14:51:51.090559
2026041304025639,SHEL,44,42,15,329.0,4935.0,Dynamic Money Managers Securities Pvt. Ltd.,Sani Securities Company Ltd.,2026-04-13 14:51:51.090713
2026041304025640,SHEL,44,38,4000,329.0,1316000.0,Dynamic Money Managers Securities Pvt. Ltd.,Dipshikha Dhitopatra Karobar Co. Pvt Ltd.,2026-04-13 14:51:51.090878
2026041304025641,SHEL,44,17,50,329.1,16455.0,Dynamic Money Managers Securities Pvt. Ltd.,ABC Securities Private Limited,2026-04-13 14:51:51.091037
2026041304025642,SHEL,44,49,3000,329.2,987600.0,Dynamic Money Managers Securities Pvt. Ltd.,Online Securities Pvt. Ltd.,2026-04-13 14:51:51.091191
2026041304025731,SHEL,62,6,15,329.5,4942.5,Capital Max Securities Ltd,Agrawal Securities (PVT) Ltd.,2026-04-13 14:52:11.734817
2026041304025732,SHEL,62,48,187,330.0,61710.0,Capital Max Securities Ltd,Trishakti Securities Public Limited,2026-04-13 14:52:11.735160
2026041304025760,SHEL,44,20,1000,329.2,329200.0,Dynamic Money Managers Securities Pvt. Ltd.,Sipla Securities Private Limited,2026-04-13 14:52:20.280071
2026041304025841,SHEL,44,21,45,329.2,14814.0,Dynamic Money Managers Securities Pvt. Ltd.,Midas Stock Broking Company Private Limited,2026-04-13 14:52:47.153412
2026041304025892,SHEL,44,48,89,329.2,29298.8,Dynamic Money Managers Securities Pvt. Ltd.,Trishakti Securities Public Limited,2026-04-13 14:53:03.955533
2026041304025893,SHEL,56,48,911,329.0,299719.0,Sri Hari Securities Pvt. Ltd.,Trishakti Securities Public Limited,2026-04-13 14:53:03.956216
2026041304025897,SHEL,40,26,1000,329.8,329800.0,Creative Securities Pvt Ltd,Asian Securities Private Ltd.,2026-04-13 14:53:04.900654
2026041304025898,SHEL,40,42,1000,329.9,329900.0,Creative Securities Pvt Ltd,Sani Securities Company Ltd.,2026-04-13 14:53:04.901020
2026041304026007,SHEL,56,61,1089,329.0,358281.0,Sri Hari Securities Pvt. Ltd.,BHOLE GANESH SECURITIES LTD,2026-04-13 14:53:33.848752
2026041304026008,SHEL,48,61,400,329.0,131600.0,Trishakti Securities Public Limited,BHOLE GANESH SECURITIES LTD,2026-04-13 14:53:33.849441
2026041304026009,SHEL,41,61,11,328.1,3609.1,Linch Stock Market Ltd.,BHOLE GANESH SECURITIES LTD,2026-04-13 14:53:33.849915
2026041304026252,SHEL,62,61,110,329.0,36190.0,Capital Max Securities Ltd,BHOLE GANESH SECURITIES LTD,2026-04-13 14:54:33.063825
2026041304026318,SHEL,33,48,500,329.0,164500.0,Dakshinkali Investment & Securities Pvt. Ltd.,Trishakti Securities Public Limited,2026-04-13 14:54:51.181370
2026041304026620,SHEL,49,42,10,329.0,3290.0,Online Securities Pvt. Ltd.,Sani Securities Company Ltd.,2026-04-13 14:56:00.539632
2026041304026722,SHEL,49,42,11,329.0,3619.0,Online Securities Pvt. Ltd.,Sani Securities Company Ltd.,2026-04-13 14:56:23.736460
2026041304026723,SHEL,49,42,10,329.9,3299.0,Online Securities Pvt. Ltd.,Sani Securities Company Ltd.,2026-04-13 14:56:23.737155
2026041304026941,SHEL,58,58,12,329.0,3948.0,Naasa Securities Co. Ltd.,Naasa Securities Co. Ltd.,2026-04-13 14:57:15.764360
2026041304026942,SHEL,29,58,23,329.0,7567.0,Trisul Securities & Invt. Ltd.,Naasa Securities Co. Ltd.,2026-04-13 14:57:15.764396
2026041304026995,SHEL,45,34,200,329.8,65960.0,Imperial Securities Company Pvt. Ltd.,Vision Securities Pvt. Ltd,2026-04-13 14:57:24.001510
2026041304027173,SHEL,29,34,125,329.0,41125.0,Trisul Securities & Invt. Ltd.,Vision Securities Pvt. Ltd,2026-04-13 14:57:51.158538
2026041304027174,SHEL,34,34,700,329.0,230300.0,Vision Securities Pvt. Ltd,Vision Securities Pvt. Ltd,2026-04-13 14:57:51.159229
2026041304027175,SHEL,62,34,575,329.0,189175.0,Capital Max Securities Ltd,Vision Securities Pvt. Ltd,2026-04-13 14:57:51.159739
2026041304027181,SHEL,1,26,25,329.7,8242.5,Kumari Securities Private Limited,Asian Securities Private Ltd.,2026-04-13 14:57:53.212243
2026041304027204,SHEL,62,42,425,329.0,139825.0,Capital Max Securities Ltd,Sani Securities Company Ltd.,2026-04-13 14:57:55.832610
2026041304027243,SHEL,66,42,100,329.0,32900.0,Miyo Securities Pvt Ltd,Sani Securities Company Ltd.,2026-04-13 14:58:01.001296
2026041304027246,SHEL,57,61,50,328.3,16415.0,Aryatara Investment & Securities,BHOLE GANESH SECURITIES LTD,2026-04-13 14:58:02.633970
2026041304027247,SHEL,6,61,30,328.2,9846.0,Agrawal Securities (PVT) Ltd.,BHOLE GANESH SECURITIES LTD,2026-04-13 14:58:02.634322
2026041304027248,SHEL,41,61,238,328.1,78087.8,Linch Stock Market Ltd.,BHOLE GANESH SECURITIES LTD,2026-04-13 14:58:02.634490
2026041304027319,SHEL,13,42,500,329.0,164500.0,Thrive Brokerage House Pvt. Ltd,Sani Securities Company Ltd.,2026-04-13 14:58:12.251827
2026041304027401,SHEL,5,42,975,329.0,320775.0,Market Securities & Exchange (PVT) Ltd.,Sani Securities Company Ltd.,2026-04-13 14:58:24.720108
2026041304027402,SHEL,5,84,25,329.0,8225.0,Market Securities & Exchange (PVT) Ltd.,MILKY WAY SHARE BROKER COMPANY LTD ,2026-04-13 14:58:24.720493
2026041304027560,SHEL,58,42,50,328.2,16410.0,Naasa Securities Co. Ltd.,Sani Securities Company Ltd.,2026-04-13 14:58:40.826668
2026041304027561,SHEL,44,42,74,328.2,24286.8,Dynamic Money Managers Securities Pvt. Ltd.,Sani Securities Company Ltd.,2026-04-13 14:58:40.826990
2026041304027681,SHEL,74,84,500,329.0,164500.0,KALASH STOCK MARKET PVT. LTD.,MILKY WAY SHARE BROKER COMPANY LTD ,2026-04-13 14:58:55.687227
2026041304027689,SHEL,44,42,146,328.2,47917.2,Dynamic Money Managers Securities Pvt. Ltd.,Sani Securities Company Ltd.,2026-04-13 14:58:55.809788
2026041304027780,SHEL,42,11,10,328.8,3288.0,Sani Securities Company Ltd.,Malla & Malla Stock Broking Company Pvt. Limited,2026-04-13 14:59:09.027631
2026041304027787,SHEL,44,52,150,328.2,49230.0,Dynamic Money Managers Securities Pvt. Ltd.,Sundhara Securities Limited,2026-04-13 14:59:09.675638
2026041304027826,SHEL,29,35,10,328.3,3283.0,Trisul Securities & Invt. Ltd.,Kohinoor Investment & Securities Pvt. Ltd.,2026-04-13 14:59:13.784084
2026041304027833,SHEL,29,1,90,328.3,29547.0,Trisul Securities & Invt. Ltd.,Kumari Securities Private Limited,2026-04-13 14:59:14.963178
2026041304027834,SHEL,44,1,410,328.2,134562.0,Dynamic Money Managers Securities Pvt. Ltd.,Kumari Securities Private Limited,2026-04-13 14:59:14.963665
2026041304027904,SHEL,82,11,240,328.8,78912.0,N.M.B. SECURITIES LIMITED,Malla & Malla Stock Broking Company Pvt. Limited,2026-04-13 14:59:17.995297
2026041304027905,SHEL,82,84,94,329.0,30926.0,N.M.B. SECURITIES LIMITED,MILKY WAY SHARE BROKER COMPANY LTD ,2026-04-13 14:59:17.995362
2026041304027906,SHEL,82,87,166,329.0,54614.0,N.M.B. SECURITIES LIMITED,S.P.S.A. Securities Limited,2026-04-13 14:59:17.995393
2026041304027930,SHEL,44,29,200,328.2,65640.0,Dynamic Money Managers Securities Pvt. Ltd.,Trisul Securities & Invt. Ltd.,2026-04-13 14:59:19.895060
2026041304027979,SHEL,59,34,43,328.7,14134.1,Deevyaa Securities & Stock House Pvt. Ltd,Vision Securities Pvt. Ltd,2026-04-13 14:59:25.503330
2026041304028081,SHEL,44,38,20,328.2,6564.0,Dynamic Money Managers Securities Pvt. Ltd.,Dipshikha Dhitopatra Karobar Co. Pvt Ltd.,2026-04-13 14:59:30.957071
2026041304028082,SHEL,11,38,10,328.2,3282.0,Malla & Malla Stock Broking Company Pvt. Limited,Dipshikha Dhitopatra Karobar Co. Pvt Ltd.,2026-04-13 14:59:30.957117
2026041304028083,SHEL,41,38,31,328.1,10171.1,Linch Stock Market Ltd.,Dipshikha Dhitopatra Karobar Co. Pvt Ltd.,2026-04-13 14:59:30.957145
2026041304028084,SHEL,29,38,50,328.1,16405.0,Trisul Securities & Invt. Ltd.,Dipshikha Dhitopatra Karobar Co. Pvt Ltd.,2026-04-13 14:59:30.957168
2026041304028085,SHEL,17,38,2000,328.1,656200.0,ABC Securities Private Limited,Dipshikha Dhitopatra Karobar Co. Pvt Ltd.,2026-04-13 14:59:30.957200
2026041304028086,SHEL,82,38,389,328.1,127630.9,N.M.B. SECURITIES LIMITED,Dipshikha Dhitopatra Karobar Co. Pvt Ltd.,2026-04-13 14:59:30.957224
2026041304028166,SHEL,1,35,132,328.5,43362.0,Kumari Securities Private Limited,Kohinoor Investment & Securities Pvt. Ltd.,2026-04-13 14:59:38.137024
2026041304028250,SHEL,1,22,100,328.5,32850.0,Kumari Securities Private Limited,Siprabi Securities Pvt. Ltd.,2026-04-13 14:59:43.333660
2026041304028288,SHEL,39,34,257,328.7,84475.9,Sumeru Securities Pvt. Ltd.,Vision Securities Pvt. Ltd,2026-04-13 14:59:45.988506
2026041304028289,SHEL,39,20,900,328.9,296010.0,Sumeru Securities Pvt. Ltd.,Sipla Securities Private Limited,2026-04-13 14:59:45.988857
2026041304028290,SHEL,39,87,334,329.0,109886.0,Sumeru Securities Pvt. Ltd.,S.P.S.A. Securities Limited,2026-04-13 14:59:45.989036
2026041304028291,SHEL,39,89,500,329.0,164500.0,Sumeru Securities Pvt. Ltd.,Global IME Securities Limited,2026-04-13 14:59:45.989186
2026041304028292,SHEL,39,89,500,329.0,164500.0,Sumeru Securities Pvt. Ltd.,Global IME Securities Limited,2026-04-13 14:59:45.989354
2026041304028293,SHEL,39,89,500,329.0,164500.0,Sumeru Securities Pvt. Ltd.,Global IME Securities Limited,2026-04-13 14:59:45.989501
2026041304028414,SHEL,39,34,1000,329.0,329000.0,Sumeru Securities Pvt. Ltd.,Vision Securities Pvt. Ltd,2026-04-13 14:59:52.916295
2026041304028594,SHEL,1,60,700,328.5,229950.0,Kumari Securities Private Limited,Nagarik Stock Dealer ,2026-04-13 14:59:57.453643
2026041304028610,SHEL,39,34,403,329.0,132587.0,Sumeru Securities Pvt. Ltd.,Vision Securities Pvt. Ltd,2026-04-13 14:59:58.361859
2026041304028611,SHEL,39,42,170,329.0,55930.0,Sumeru Securities Pvt. Ltd.,Sani Securities Company Ltd.,2026-04-13 14:59:58.362192
2026041304028612,SHEL,39,26,427,329.0,140483.0,Sumeru Securities Pvt. Ltd.,Asian Securities Private Ltd.,2026-04-13 14:59:58.362353
