contract_id,symbol,buyer_member_id,seller_member_id,volume,price,amount,buyer_broker,seller_broker,transaction_time
2026041303001741,SIFC,51,74,10,556.1,5561.0,Oxford Securities Pvt. Ltd.,KALASH STOCK MARKET PVT. LTD.,2026-04-13 12:19:20.780562
2026041303001742,SIFC,50,74,100,556.0,55600.0,Cristal Kanchanjanga Securites Pvt. Ltd.,KALASH STOCK MARKET PVT. LTD.,2026-04-13 12:19:20.780656
2026041303001743,SIFC,56,74,290,555.3,161037.0,Sri Hari Securities Pvt. Ltd.,KALASH STOCK MARKET PVT. LTD.,2026-04-13 12:19:20.780726
2026041303002799,SIFC,58,56,50,556.1,27805.0,Naasa Securities Co. Ltd.,Sri Hari Securities Pvt. Ltd.,2026-04-13 12:54:29.619917
2026041303002800,SIFC,34,56,500,556.1,278050.0,Vision Securities Pvt. Ltd,Sri Hari Securities Pvt. Ltd.,2026-04-13 12:54:29.620034
2026041303002801,SIFC,45,56,130,556.0,72280.0,Imperial Securities Company Pvt. Ltd.,Sri Hari Securities Pvt. Ltd.,2026-04-13 12:54:29.620080
2026041303002802,SIFC,36,56,97,556.0,53932.0,Secured Securities Ltd.,Sri Hari Securities Pvt. Ltd.,2026-04-13 12:54:29.620117
2026041303002803,SIFC,56,56,710,555.6,394476.0,Sri Hari Securities Pvt. Ltd.,Sri Hari Securities Pvt. Ltd.,2026-04-13 12:54:29.620148
2026041303002804,SIFC,58,56,100,555.5,55550.0,Naasa Securities Co. Ltd.,Sri Hari Securities Pvt. Ltd.,2026-04-13 12:54:29.620188
2026041303002805,SIFC,49,56,300,555.5,166650.0,Online Securities Pvt. Ltd.,Sri Hari Securities Pvt. Ltd.,2026-04-13 12:54:29.620223
2026041303002806,SIFC,58,56,500,555.3,277650.0,Naasa Securities Co. Ltd.,Sri Hari Securities Pvt. Ltd.,2026-04-13 12:54:29.620266
2026041303002807,SIFC,29,56,100,555.2,55520.0,Trisul Securities & Invt. Ltd.,Sri Hari Securities Pvt. Ltd.,2026-04-13 12:54:29.620318
2026041303002808,SIFC,7,56,100,555.1,55510.0,J.F. Securites (PVT) Ltd.,Sri Hari Securities Pvt. Ltd.,2026-04-13 12:54:29.620367
2026041303002809,SIFC,51,56,20,555.0,11100.0,Oxford Securities Pvt. Ltd.,Sri Hari Securities Pvt. Ltd.,2026-04-13 12:54:29.620419
2026041303002810,SIFC,5,56,10,555.0,5550.0,Market Securities & Exchange (PVT) Ltd.,Sri Hari Securities Pvt. Ltd.,2026-04-13 12:54:29.620466
2026041303002811,SIFC,17,56,100,555.0,55500.0,ABC Securities Private Limited,Sri Hari Securities Pvt. Ltd.,2026-04-13 12:54:29.620517
2026041303002812,SIFC,58,56,90,555.0,49950.0,Naasa Securities Co. Ltd.,Sri Hari Securities Pvt. Ltd.,2026-04-13 12:54:29.620564
2026041303002823,SIFC,10,56,100,554.1,55410.0,Pragyan Securities (PVT) Ltd.,Sri Hari Securities Pvt. Ltd.,2026-04-13 12:54:53.291193
2026041303002824,SIFC,7,56,200,554.0,110800.0,J.F. Securites (PVT) Ltd.,Sri Hari Securities Pvt. Ltd.,2026-04-13 12:54:53.291258
2026041303002825,SIFC,41,56,150,553.7,83055.0,Linch Stock Market Ltd.,Sri Hari Securities Pvt. Ltd.,2026-04-13 12:54:53.291294
2026041303002826,SIFC,6,56,50,553.7,27685.0,Agrawal Securities (PVT) Ltd.,Sri Hari Securities Pvt. Ltd.,2026-04-13 12:54:53.291324
2026041303002827,SIFC,14,56,10,550.0,5500.0,Nepal Stock House (PVT) Ltd.,Sri Hari Securities Pvt. Ltd.,2026-04-13 12:54:53.291359
2026041303002828,SIFC,58,56,483,545.3,263379.9,Naasa Securities Co. Ltd.,Sri Hari Securities Pvt. Ltd.,2026-04-13 12:54:53.291391
2026041303003498,SIFC,58,45,50,556.2,27810.0,Naasa Securities Co. Ltd.,Imperial Securities Company Pvt. Ltd.,2026-04-13 13:20:14.460291
2026041303004463,SIFC,34,34,200,556.0,111200.0,Vision Securities Pvt. Ltd,Vision Securities Pvt. Ltd,2026-04-13 14:02:54.596897
2026041303004921,SIFC,34,56,20,556.0,11120.0,Vision Securities Pvt. Ltd,Sri Hari Securities Pvt. Ltd.,2026-04-13 14:23:58.401009
2026041303005295,SIFC,19,41,100,555.0,55500.0,Nepal Investment And Securities Trading Private Limited,Linch Stock Market Ltd.,2026-04-13 14:35:46.116496
2026041303005463,SIFC,19,6,95,555.0,52725.0,Nepal Investment And Securities Trading Private Limited,Agrawal Securities (PVT) Ltd.,2026-04-13 14:39:48.295805
2026041303005804,SIFC,94,13,14,555.0,7770.0,K.B.L. Securities Limited ,Thrive Brokerage House Pvt. Ltd,2026-04-13 14:46:18.794207
2026041303005972,SIFC,94,42,16,556.0,8896.0,K.B.L. Securities Limited ,Sani Securities Company Ltd.,2026-04-13 14:49:07.072287
2026041303006328,SIFC,21,57,22,553.5,12177.0,Midas Stock Broking Company Private Limited,Aryatara Investment & Securities,2026-04-13 14:54:33.072059
2026041303006329,SIFC,38,57,50,553.0,27650.0,Dipshikha Dhitopatra Karobar Co. Pvt Ltd.,Aryatara Investment & Securities,2026-04-13 14:54:33.072151
2026041303006330,SIFC,45,57,200,553.0,110600.0,Imperial Securities Company Pvt. Ltd.,Aryatara Investment & Securities,2026-04-13 14:54:33.072208
2026041303006331,SIFC,45,57,160,552.0,88320.0,Imperial Securities Company Pvt. Ltd.,Aryatara Investment & Securities,2026-04-13 14:54:33.072251
2026041303006332,SIFC,14,57,100,551.0,55100.0,Nepal Stock House (PVT) Ltd.,Aryatara Investment & Securities,2026-04-13 14:54:33.072292
2026041303006333,SIFC,98,57,100,551.0,55100.0,Trademow Securities Private Limited,Aryatara Investment & Securities,2026-04-13 14:54:33.072335
2026041303006334,SIFC,16,57,368,551.0,202768.0,Primo Securities (PVT) Ltd.,Aryatara Investment & Securities,2026-04-13 14:54:33.072375
2026041303006406,SIFC,45,57,500,551.1,275550.0,Imperial Securities Company Pvt. Ltd.,Aryatara Investment & Securities,2026-04-13 14:55:31.478720
2026041303006776,SIFC,50,42,500,551.2,275600.0,Cristal Kanchanjanga Securites Pvt. Ltd.,Sani Securities Company Ltd.,2026-04-13 14:58:25.949976
2026041303006777,SIFC,45,42,200,551.1,110220.0,Imperial Securities Company Pvt. Ltd.,Sani Securities Company Ltd.,2026-04-13 14:58:25.950119
2026041303006778,SIFC,33,42,200,551.1,110220.0,Dakshinkali Investment & Securities Pvt. Ltd.,Sani Securities Company Ltd.,2026-04-13 14:58:25.950208
2026041303007032,SIFC,16,5,100,551.0,55100.0,Primo Securities (PVT) Ltd.,Market Securities & Exchange (PVT) Ltd.,2026-04-13 14:59:27.810289
2026041303007292,SIFC,50,42,10,556.0,5560.0,Cristal Kanchanjanga Securites Pvt. Ltd.,Sani Securities Company Ltd.,2026-04-13 14:59:56.977007
2026041303007352,SIFC,42,42,10,556.0,5560.0,Sani Securities Company Ltd.,Sani Securities Company Ltd.,2026-04-13 14:59:58.219104
