contractId,stockSymbol,buyerMemberId,sellerMemberId,quantity,rate,amount,businessDate,tradeBookId,stockId,buyerBrokerName,sellerBrokerName,transaction_time,securityName
2026041304000017,UPPER,65,26,10,213.0,2130.0,2026-04-13,186082510,2792,Sharepro Securities Private Limited,Asian Securities Private Ltd.,2026-04-13 10:46:00.045323,Upper Tamakoshi Hydropower Ltd
2026041304000018,UPPER,38,26,10,213.0,2130.0,2026-04-13,186082514,2792,Dipshikha Dhitopatra Karobar Co. Pvt Ltd.,Asian Securities Private Ltd.,2026-04-13 10:46:00.045363,Upper Tamakoshi Hydropower Ltd
2026041304000103,UPPER,58,26,20,213.0,4260.0,2026-04-13,186083544,2792,Naasa Securities Co. Ltd.,Asian Securities Private Ltd.,2026-04-13 11:01:08.520203,Upper Tamakoshi Hydropower Ltd
2026041304000134,UPPER,48,26,85,213.0,18105.0,2026-04-13,186084065,2792,Trishakti Securities Public Limited,Asian Securities Private Ltd.,2026-04-13 11:01:30.526500,Upper Tamakoshi Hydropower Ltd
2026041304000197,UPPER,48,19,15,213.0,3195.0,2026-04-13,186084945,2792,Trishakti Securities Public Limited,Nepal Investment And Securities Trading Private Limited,2026-04-13 11:02:16.764548,Upper Tamakoshi Hydropower Ltd
2026041304000202,UPPER,57,79,55,214.9,11819.5,2026-04-13,186085027,2792,Aryatara Investment & Securities,pahiinvestment,2026-04-13 11:02:24.213593,Upper Tamakoshi Hydropower Ltd
2026041304000216,UPPER,40,21,10,215.0,2150.0,2026-04-13,186085216,2792,Creative Securities Pvt Ltd,Midas Stock Broking Company Private Limited,2026-04-13 11:02:34.533949,Upper Tamakoshi Hydropower Ltd
2026041304000248,UPPER,42,21,240,215.0,51600.0,2026-04-13,186085694,2792,Sani Securities Company Ltd.,Midas Stock Broking Company Private Limited,2026-04-13 11:02:59.130637,Upper Tamakoshi Hydropower Ltd
2026041304000249,UPPER,58,19,110,214.0,23540.0,2026-04-13,186085697,2792,Naasa Securities Co. Ltd.,Nepal Investment And Securities Trading Private Limited,2026-04-13 11:02:59.860189,Upper Tamakoshi Hydropower Ltd
2026041304000277,UPPER,21,21,10,213.0,2130.0,2026-04-13,186086152,2792,Midas Stock Broking Company Private Limited,Midas Stock Broking Company Private Limited,2026-04-13 11:03:24.307686,Upper Tamakoshi Hydropower Ltd
2026041304000278,UPPER,51,21,150,212.2,31830.0,2026-04-13,186086154,2792,Oxford Securities Pvt. Ltd.,Midas Stock Broking Company Private Limited,2026-04-13 11:03:24.307841,Upper Tamakoshi Hydropower Ltd
2026041304000279,UPPER,49,21,350,212.0,74200.0,2026-04-13,186086156,2792,Online Securities Pvt. Ltd.,Midas Stock Broking Company Private Limited,2026-04-13 11:03:24.307931,Upper Tamakoshi Hydropower Ltd
2026041304000280,UPPER,16,21,100,212.0,21200.0,2026-04-13,186086170,2792,Primo Securities (PVT) Ltd.,Midas Stock Broking Company Private Limited,2026-04-13 11:03:25.531726,Upper Tamakoshi Hydropower Ltd
2026041304000301,UPPER,58,21,22,211.0,4642.0,2026-04-13,186086604,2792,Naasa Securities Co. Ltd.,Midas Stock Broking Company Private Limited,2026-04-13 11:03:44.934073,Upper Tamakoshi Hydropower Ltd
2026041304000302,UPPER,49,21,500,211.0,105500.0,2026-04-13,186086606,2792,Online Securities Pvt. Ltd.,Midas Stock Broking Company Private Limited,2026-04-13 11:03:44.934153,Upper Tamakoshi Hydropower Ltd
2026041304000323,UPPER,51,21,618,211.0,130398.0,2026-04-13,186086787,2792,Oxford Securities Pvt. Ltd.,Midas Stock Broking Company Private Limited,2026-04-13 11:03:57.654275,Upper Tamakoshi Hydropower Ltd
2026041304000336,UPPER,51,46,382,211.0,80602.0,2026-04-13,186086942,2792,Oxford Securities Pvt. Ltd.,Kalika Securities Pvt. Ltd.,2026-04-13 11:04:06.622937,Upper Tamakoshi Hydropower Ltd
2026041304000363,UPPER,49,46,23,210.3,4836.9,2026-04-13,186087316,2792,Online Securities Pvt. Ltd.,Kalika Securities Pvt. Ltd.,2026-04-13 11:04:24.575617,Upper Tamakoshi Hydropower Ltd
2026041304000364,UPPER,58,58,100,210.0,21000.0,2026-04-13,186087484,2792,Naasa Securities Co. Ltd.,Naasa Securities Co. Ltd.,2026-04-13 11:04:33.724796,Upper Tamakoshi Hydropower Ltd
2026041304000365,UPPER,38,58,180,210.0,37800.0,2026-04-13,186087486,2792,Dipshikha Dhitopatra Karobar Co. Pvt Ltd.,Naasa Securities Co. Ltd.,2026-04-13 11:04:33.724988,Upper Tamakoshi Hydropower Ltd
2026041304000366,UPPER,41,58,100,210.0,21000.0,2026-04-13,186087488,2792,Linch Stock Market Ltd.,Naasa Securities Co. Ltd.,2026-04-13 11:04:33.725135,Upper Tamakoshi Hydropower Ltd
2026041304000367,UPPER,29,58,473,210.0,99330.0,2026-04-13,186087490,2792,Trisul Securities & Invt. Ltd.,Naasa Securities Co. Ltd.,2026-04-13 11:04:33.725245,Upper Tamakoshi Hydropower Ltd
2026041304000368,UPPER,11,58,20,210.0,4200.0,2026-04-13,186087492,2792,Malla & Malla Stock Broking Company Pvt. Limited,Naasa Securities Co. Ltd.,2026-04-13 11:04:33.725359,Upper Tamakoshi Hydropower Ltd
2026041304000369,UPPER,21,58,40,210.0,8400.0,2026-04-13,186087494,2792,Midas Stock Broking Company Private Limited,Naasa Securities Co. Ltd.,2026-04-13 11:04:33.725459,Upper Tamakoshi Hydropower Ltd
2026041304000370,UPPER,41,58,250,210.0,52500.0,2026-04-13,186087496,2792,Linch Stock Market Ltd.,Naasa Securities Co. Ltd.,2026-04-13 11:04:33.725552,Upper Tamakoshi Hydropower Ltd
2026041304000371,UPPER,34,58,100,210.0,21000.0,2026-04-13,186087498,2792,Vision Securities Pvt. Ltd,Naasa Securities Co. Ltd.,2026-04-13 11:04:33.725698,Upper Tamakoshi Hydropower Ltd
2026041304000372,UPPER,58,58,10,210.0,2100.0,2026-04-13,186087500,2792,Naasa Securities Co. Ltd.,Naasa Securities Co. Ltd.,2026-04-13 11:04:33.725836,Upper Tamakoshi Hydropower Ltd
2026041304000373,UPPER,25,58,77,210.0,16170.0,2026-04-13,186087521,2792,Sweta Securities Private Limited,Naasa Securities Co. Ltd.,2026-04-13 11:04:34.817005,Upper Tamakoshi Hydropower Ltd
2026041304000374,UPPER,25,49,223,210.0,46830.0,2026-04-13,186087524,2792,Sweta Securities Private Limited,Online Securities Pvt. Ltd.,2026-04-13 11:04:34.817176,Upper Tamakoshi Hydropower Ltd
2026041304000405,UPPER,21,56,22,209.5,4609.0,2026-04-13,186087805,2792,Midas Stock Broking Company Private Limited,Sri Hari Securities Pvt. Ltd.,2026-04-13 11:04:48.297579,Upper Tamakoshi Hydropower Ltd
2026041304000412,UPPER,51,49,777,210.0,163170.0,2026-04-13,186087908,2792,Oxford Securities Pvt. Ltd.,Online Securities Pvt. Ltd.,2026-04-13 11:04:53.262508,Upper Tamakoshi Hydropower Ltd
2026041304000420,UPPER,39,79,13,209.6,2724.8,2026-04-13,186088023,2792,Sumeru Securities Pvt. Ltd.,pahiinvestment,2026-04-13 11:04:58.001268,Upper Tamakoshi Hydropower Ltd
2026041304000427,UPPER,57,13,200,210.0,42000.0,2026-04-13,186088285,2792,Aryatara Investment & Securities,Thrive Brokerage House Pvt. Ltd,2026-04-13 11:05:06.657461,Upper Tamakoshi Hydropower Ltd
2026041304000434,UPPER,57,58,42,210.0,8820.0,2026-04-13,186088399,2792,Aryatara Investment & Securities,Naasa Securities Co. Ltd.,2026-04-13 11:05:11.883358,Upper Tamakoshi Hydropower Ltd
2026041304000437,UPPER,57,58,10,210.0,2100.0,2026-04-13,186088435,2792,Aryatara Investment & Securities,Naasa Securities Co. Ltd.,2026-04-13 11:05:15.170205,Upper Tamakoshi Hydropower Ltd
2026041304000438,UPPER,57,46,1048,210.0,220080.0,2026-04-13,186088446,2792,Aryatara Investment & Securities,Kalika Securities Pvt. Ltd.,2026-04-13 11:05:16.361367,Upper Tamakoshi Hydropower Ltd
2026041304000478,UPPER,25,46,929,210.0,195090.0,2026-04-13,186088787,2792,Sweta Securities Private Limited,Kalika Securities Pvt. Ltd.,2026-04-13 11:05:35.583369,Upper Tamakoshi Hydropower Ltd
2026041304000479,UPPER,25,49,20,210.0,4200.0,2026-04-13,186088789,2792,Sweta Securities Private Limited,Online Securities Pvt. Ltd.,2026-04-13 11:05:35.583474,Upper Tamakoshi Hydropower Ltd
2026041304000503,UPPER,25,48,51,210.0,10710.0,2026-04-13,186088894,2792,Sweta Securities Private Limited,Trishakti Securities Public Limited,2026-04-13 11:05:41.089690,Upper Tamakoshi Hydropower Ltd
2026041304000517,UPPER,13,48,100,210.0,21000.0,2026-04-13,186089306,2792,Thrive Brokerage House Pvt. Ltd,Trishakti Securities Public Limited,2026-04-13 11:05:59.143916,Upper Tamakoshi Hydropower Ltd
2026041304000518,UPPER,6,48,349,210.0,73290.0,2026-04-13,186089321,2792,Agrawal Securities (PVT) Ltd.,Trishakti Securities Public Limited,2026-04-13 11:05:59.626150,Upper Tamakoshi Hydropower Ltd
2026041304000523,UPPER,6,46,118,210.0,24780.0,2026-04-13,186089401,2792,Agrawal Securities (PVT) Ltd.,Kalika Securities Pvt. Ltd.,2026-04-13 11:06:02.702173,Upper Tamakoshi Hydropower Ltd
2026041304000527,UPPER,6,19,144,210.0,30240.0,2026-04-13,186089478,2792,Agrawal Securities (PVT) Ltd.,Nepal Investment And Securities Trading Private Limited,2026-04-13 11:06:05.314595,Upper Tamakoshi Hydropower Ltd
2026041304000529,UPPER,6,18,96,210.0,20160.0,2026-04-13,186089521,2792,Agrawal Securities (PVT) Ltd.,Sagarmatha Securities Private Limited,2026-04-13 11:06:06.769148,Upper Tamakoshi Hydropower Ltd
2026041304000554,UPPER,54,41,500,212.0,106000.0,2026-04-13,186090118,2792,Sewa Securities Pvt. Ltd.,Linch Stock Market Ltd.,2026-04-13 11:06:41.353224,Upper Tamakoshi Hydropower Ltd
2026041304000621,UPPER,10,8,144,211.0,30384.0,2026-04-13,186090747,2792,Pragyan Securities (PVT) Ltd.,Brilliant Securities Pvt. Ltd.,2026-04-13 11:07:10.728719,Upper Tamakoshi Hydropower Ltd
2026041304000625,UPPER,58,41,100,212.0,21200.0,2026-04-13,186090814,2792,Naasa Securities Co. Ltd.,Linch Stock Market Ltd.,2026-04-13 11:07:15.951355,Upper Tamakoshi Hydropower Ltd
2026041304000626,UPPER,10,48,20,211.0,4220.0,2026-04-13,186090825,2792,Pragyan Securities (PVT) Ltd.,Trishakti Securities Public Limited,2026-04-13 11:07:16.757868,Upper Tamakoshi Hydropower Ltd
2026041304000633,UPPER,4,41,50,212.0,10600.0,2026-04-13,186090859,2792,Opal Securities Investment (PVT) Ltd.,Linch Stock Market Ltd.,2026-04-13 11:07:21.132564,Upper Tamakoshi Hydropower Ltd
2026041304000642,UPPER,49,41,10,212.0,2120.0,2026-04-13,186091106,2792,Online Securities Pvt. Ltd.,Linch Stock Market Ltd.,2026-04-13 11:07:32.783127,Upper Tamakoshi Hydropower Ltd
2026041304000656,UPPER,11,41,100,212.0,21200.0,2026-04-13,186091314,2792,Malla & Malla Stock Broking Company Pvt. Limited,Linch Stock Market Ltd.,2026-04-13 11:07:45.428668,Upper Tamakoshi Hydropower Ltd
2026041304000665,UPPER,90,41,10,212.0,2120.0,2026-04-13,186091450,2792,Sajilo Broker Limited,Linch Stock Market Ltd.,2026-04-13 11:07:54.251764,Upper Tamakoshi Hydropower Ltd
2026041304000668,UPPER,10,22,34,211.0,7174.0,2026-04-13,186091497,2792,Pragyan Securities (PVT) Ltd.,Siprabi Securities Pvt. Ltd.,2026-04-13 11:07:56.478004,Upper Tamakoshi Hydropower Ltd
2026041304000753,UPPER,58,41,10,212.0,2120.0,2026-04-13,186092458,2792,Naasa Securities Co. Ltd.,Linch Stock Market Ltd.,2026-04-13 11:08:47.708084,Upper Tamakoshi Hydropower Ltd
2026041304000773,UPPER,58,41,220,212.0,46640.0,2026-04-13,186093595,2792,Naasa Securities Co. Ltd.,Linch Stock Market Ltd.,2026-04-13 11:09:01.751584,Upper Tamakoshi Hydropower Ltd
2026041304000774,UPPER,58,6,200,212.0,42400.0,2026-04-13,186093597,2792,Naasa Securities Co. Ltd.,Agrawal Securities (PVT) Ltd.,2026-04-13 11:09:01.751715,Upper Tamakoshi Hydropower Ltd
2026041304000775,UPPER,58,49,237,212.0,50244.0,2026-04-13,186093600,2792,Naasa Securities Co. Ltd.,Online Securities Pvt. Ltd.,2026-04-13 11:09:01.751769,Upper Tamakoshi Hydropower Ltd
2026041304000947,UPPER,51,16,10,212.5,2125.0,2026-04-13,186095279,2792,Oxford Securities Pvt. Ltd.,Primo Securities (PVT) Ltd.,2026-04-13 11:10:17.011233,Upper Tamakoshi Hydropower Ltd
2026041304000984,UPPER,58,19,10,213.9,2139.0,2026-04-13,186095938,2792,Naasa Securities Co. Ltd.,Nepal Investment And Securities Trading Private Limited,2026-04-13 11:10:43.867521,Upper Tamakoshi Hydropower Ltd
2026041304001013,UPPER,49,42,100,214.0,21400.0,2026-04-13,186096277,2792,Online Securities Pvt. Ltd.,Sani Securities Company Ltd.,2026-04-13 11:11:03.809474,Upper Tamakoshi Hydropower Ltd
2026041304001014,UPPER,49,61,200,214.0,42800.0,2026-04-13,186096280,2792,Online Securities Pvt. Ltd.,BHOLE GANESH SECURITIES LTD,2026-04-13 11:11:03.809740,Upper Tamakoshi Hydropower Ltd
2026041304001056,UPPER,57,61,20,214.0,4280.0,2026-04-13,186096608,2792,Aryatara Investment & Securities,BHOLE GANESH SECURITIES LTD,2026-04-13 11:11:22.032449,Upper Tamakoshi Hydropower Ltd
2026041304001061,UPPER,42,61,80,214.0,17120.0,2026-04-13,186096671,2792,Sani Securities Company Ltd.,BHOLE GANESH SECURITIES LTD,2026-04-13 11:11:28.614508,Upper Tamakoshi Hydropower Ltd
2026041304001062,UPPER,42,16,500,214.0,107000.0,2026-04-13,186096673,2792,Sani Securities Company Ltd.,Primo Securities (PVT) Ltd.,2026-04-13 11:11:28.614791,Upper Tamakoshi Hydropower Ltd
2026041304001063,UPPER,42,19,100,214.0,21400.0,2026-04-13,186096675,2792,Sani Securities Company Ltd.,Nepal Investment And Securities Trading Private Limited,2026-04-13 11:11:28.614970,Upper Tamakoshi Hydropower Ltd
2026041304001064,UPPER,42,58,60,214.0,12840.0,2026-04-13,186096677,2792,Sani Securities Company Ltd.,Naasa Securities Co. Ltd.,2026-04-13 11:11:28.615129,Upper Tamakoshi Hydropower Ltd
2026041304001099,UPPER,42,41,260,214.0,55640.0,2026-04-13,186097892,2792,Sani Securities Company Ltd.,Linch Stock Market Ltd.,2026-04-13 11:12:17.009419,Upper Tamakoshi Hydropower Ltd
2026041304001100,UPPER,19,41,70,214.0,14980.0,2026-04-13,186097894,2792,Nepal Investment And Securities Trading Private Limited,Linch Stock Market Ltd.,2026-04-13 11:12:17.009615,Upper Tamakoshi Hydropower Ltd
2026041304001101,UPPER,42,41,100,214.0,21400.0,2026-04-13,186097896,2792,Sani Securities Company Ltd.,Linch Stock Market Ltd.,2026-04-13 11:12:17.009688,Upper Tamakoshi Hydropower Ltd
2026041304001102,UPPER,10,41,40,214.0,8560.0,2026-04-13,186097898,2792,Pragyan Securities (PVT) Ltd.,Linch Stock Market Ltd.,2026-04-13 11:12:17.009759,Upper Tamakoshi Hydropower Ltd
2026041304001103,UPPER,74,41,100,214.0,21400.0,2026-04-13,186097900,2792,KALASH STOCK MARKET PVT. LTD.,Linch Stock Market Ltd.,2026-04-13 11:12:17.009830,Upper Tamakoshi Hydropower Ltd
2026041304001104,UPPER,58,41,430,214.0,92020.0,2026-04-13,186097905,2792,Naasa Securities Co. Ltd.,Linch Stock Market Ltd.,2026-04-13 11:12:17.292522,Upper Tamakoshi Hydropower Ltd
2026041304001105,UPPER,58,1,50,214.2,10710.0,2026-04-13,186097907,2792,Naasa Securities Co. Ltd.,Kumari Securities Private Limited,2026-04-13 11:12:17.292583,Upper Tamakoshi Hydropower Ltd
2026041304001106,UPPER,58,40,570,214.2,122094.0,2026-04-13,186097910,2792,Naasa Securities Co. Ltd.,Creative Securities Pvt Ltd,2026-04-13 11:12:17.292605,Upper Tamakoshi Hydropower Ltd
2026041304001125,UPPER,51,40,430,214.2,92106.0,2026-04-13,186098241,2792,Oxford Securities Pvt. Ltd.,Creative Securities Pvt Ltd,2026-04-13 11:12:33.447963,Upper Tamakoshi Hydropower Ltd
2026041304001131,UPPER,58,42,10,214.5,2145.0,2026-04-13,186098390,2792,Naasa Securities Co. Ltd.,Sani Securities Company Ltd.,2026-04-13 11:12:41.657571,Upper Tamakoshi Hydropower Ltd
2026041304001164,UPPER,57,42,17,214.4,3644.8,2026-04-13,186098697,2792,Aryatara Investment & Securities,Sani Securities Company Ltd.,2026-04-13 11:12:59.383887,Upper Tamakoshi Hydropower Ltd
2026041304001165,UPPER,57,42,68,214.5,14586.0,2026-04-13,186098700,2792,Aryatara Investment & Securities,Sani Securities Company Ltd.,2026-04-13 11:12:59.384159,Upper Tamakoshi Hydropower Ltd
2026041304001166,UPPER,49,42,120,214.5,25740.0,2026-04-13,186098704,2792,Online Securities Pvt. Ltd.,Sani Securities Company Ltd.,2026-04-13 11:12:59.706785,Upper Tamakoshi Hydropower Ltd
2026041304001203,UPPER,49,42,150,214.5,32175.0,2026-04-13,186099042,2792,Online Securities Pvt. Ltd.,Sani Securities Company Ltd.,2026-04-13 11:13:16.515380,Upper Tamakoshi Hydropower Ltd
2026041304001204,UPPER,48,42,152,214.5,32604.0,2026-04-13,186099053,2792,Trishakti Securities Public Limited,Sani Securities Company Ltd.,2026-04-13 11:13:17.104849,Upper Tamakoshi Hydropower Ltd
2026041304001205,UPPER,48,19,100,214.5,21450.0,2026-04-13,186099055,2792,Trishakti Securities Public Limited,Nepal Investment And Securities Trading Private Limited,2026-04-13 11:13:17.105154,Upper Tamakoshi Hydropower Ltd
2026041304001209,UPPER,51,79,96,214.7,20611.2,2026-04-13,186099153,2792,Oxford Securities Pvt. Ltd.,pahiinvestment,2026-04-13 11:13:24.618535,Upper Tamakoshi Hydropower Ltd
2026041304001210,UPPER,51,89,10,214.7,2147.0,2026-04-13,186099161,2792,Oxford Securities Pvt. Ltd.,Global IME Securities Limited,2026-04-13 11:13:24.946738,Upper Tamakoshi Hydropower Ltd
2026041304001215,UPPER,51,57,520,214.8,111696.0,2026-04-13,186099313,2792,Oxford Securities Pvt. Ltd.,Aryatara Investment & Securities,2026-04-13 11:13:37.127831,Upper Tamakoshi Hydropower Ltd
2026041304001216,UPPER,51,19,50,214.8,10740.0,2026-04-13,186099366,2792,Oxford Securities Pvt. Ltd.,Nepal Investment And Securities Trading Private Limited,2026-04-13 11:13:41.940486,Upper Tamakoshi Hydropower Ltd
2026041304001217,UPPER,51,19,50,214.7,10735.0,2026-04-13,186099367,2792,Oxford Securities Pvt. Ltd.,Nepal Investment And Securities Trading Private Limited,2026-04-13 11:13:41.940828,Upper Tamakoshi Hydropower Ltd
2026041304001228,UPPER,88,19,16,215.0,3440.0,2026-04-13,186099468,2792,Blue Chip Securities Ltd,Nepal Investment And Securities Trading Private Limited,2026-04-13 11:13:49.513175,Upper Tamakoshi Hydropower Ltd
2026041304001264,UPPER,39,25,87,214.9,18696.3,2026-04-13,186099854,2792,Sumeru Securities Pvt. Ltd.,Sweta Securities Private Limited,2026-04-13 11:14:14.098271,Upper Tamakoshi Hydropower Ltd
2026041304001265,UPPER,58,25,120,214.8,25776.0,2026-04-13,186099856,2792,Naasa Securities Co. Ltd.,Sweta Securities Private Limited,2026-04-13 11:14:14.098447,Upper Tamakoshi Hydropower Ltd
2026041304001266,UPPER,51,25,293,214.7,62907.1,2026-04-13,186099857,2792,Oxford Securities Pvt. Ltd.,Sweta Securities Private Limited,2026-04-13 11:14:14.098530,Upper Tamakoshi Hydropower Ltd
2026041304001275,UPPER,51,49,300,214.7,64410.0,2026-04-13,186100081,2792,Oxford Securities Pvt. Ltd.,Online Securities Pvt. Ltd.,2026-04-13 11:14:28.788407,Upper Tamakoshi Hydropower Ltd
2026041304001291,UPPER,51,38,30,214.7,6441.0,2026-04-13,186100301,2792,Oxford Securities Pvt. Ltd.,Dipshikha Dhitopatra Karobar Co. Pvt Ltd.,2026-04-13 11:14:41.597896,Upper Tamakoshi Hydropower Ltd
2026041304001300,UPPER,49,19,35,215.0,7525.0,2026-04-13,186100512,2792,Online Securities Pvt. Ltd.,Nepal Investment And Securities Trading Private Limited,2026-04-13 11:14:49.589040,Upper Tamakoshi Hydropower Ltd
2026041304001317,UPPER,51,49,300,214.7,64410.0,2026-04-13,186100665,2792,Oxford Securities Pvt. Ltd.,Online Securities Pvt. Ltd.,2026-04-13 11:14:56.361426,Upper Tamakoshi Hydropower Ltd
2026041304001321,UPPER,51,25,371,214.7,79653.7,2026-04-13,186100732,2792,Oxford Securities Pvt. Ltd.,Sweta Securities Private Limited,2026-04-13 11:15:02.479337,Upper Tamakoshi Hydropower Ltd
2026041304001326,UPPER,57,25,20,214.7,4294.0,2026-04-13,186100772,2792,Aryatara Investment & Securities,Sweta Securities Private Limited,2026-04-13 11:15:05.976293,Upper Tamakoshi Hydropower Ltd
2026041304001346,UPPER,48,22,60,214.5,12870.0,2026-04-13,186100907,2792,Trishakti Securities Public Limited,Siprabi Securities Pvt. Ltd.,2026-04-13 11:15:12.310160,Upper Tamakoshi Hydropower Ltd
2026041304001349,UPPER,48,42,188,214.5,40326.0,2026-04-13,186100948,2792,Trishakti Securities Public Limited,Sani Securities Company Ltd.,2026-04-13 11:15:15.768255,Upper Tamakoshi Hydropower Ltd
2026041304001404,UPPER,26,42,10,214.0,2140.0,2026-04-13,186101485,2792,Asian Securities Private Ltd.,Sani Securities Company Ltd.,2026-04-13 11:15:49.545764,Upper Tamakoshi Hydropower Ltd
2026041304001405,UPPER,26,42,13,214.5,2788.5,2026-04-13,186101488,2792,Asian Securities Private Ltd.,Sani Securities Company Ltd.,2026-04-13 11:15:49.545956,Upper Tamakoshi Hydropower Ltd
2026041304001453,UPPER,54,6,50,214.0,10700.0,2026-04-13,186102218,2792,Sewa Securities Pvt. Ltd.,Agrawal Securities (PVT) Ltd.,2026-04-13 11:16:32.222348,Upper Tamakoshi Hydropower Ltd
2026041304001471,UPPER,14,6,50,214.0,10700.0,2026-04-13,186102277,2792,Nepal Stock House (PVT) Ltd.,Agrawal Securities (PVT) Ltd.,2026-04-13 11:16:36.044449,Upper Tamakoshi Hydropower Ltd
2026041304001473,UPPER,46,42,15,214.5,3217.5,2026-04-13,186102308,2792,Kalika Securities Pvt. Ltd.,Sani Securities Company Ltd.,2026-04-13 11:16:38.153067,Upper Tamakoshi Hydropower Ltd
2026041304001581,UPPER,14,42,50,214.0,10700.0,2026-04-13,186102940,2792,Nepal Stock House (PVT) Ltd.,Sani Securities Company Ltd.,2026-04-13 11:17:10.999715,Upper Tamakoshi Hydropower Ltd
2026041304001582,UPPER,45,42,18,214.0,3852.0,2026-04-13,186102941,2792,Imperial Securities Company Pvt. Ltd.,Sani Securities Company Ltd.,2026-04-13 11:17:10.999904,Upper Tamakoshi Hydropower Ltd
2026041304001594,UPPER,36,42,184,214.5,39468.0,2026-04-13,186103099,2792,Secured Securities Ltd.,Sani Securities Company Ltd.,2026-04-13 11:17:18.227548,Upper Tamakoshi Hydropower Ltd
2026041304001595,UPPER,36,58,11,214.5,2359.5,2026-04-13,186103101,2792,Secured Securities Ltd.,Naasa Securities Co. Ltd.,2026-04-13 11:17:18.227762,Upper Tamakoshi Hydropower Ltd
2026041304001596,UPPER,36,25,109,214.7,23402.3,2026-04-13,186103103,2792,Secured Securities Ltd.,Sweta Securities Private Limited,2026-04-13 11:17:18.227855,Upper Tamakoshi Hydropower Ltd
2026041304001597,UPPER,36,13,500,214.9,107450.0,2026-04-13,186103105,2792,Secured Securities Ltd.,Thrive Brokerage House Pvt. Ltd,2026-04-13 11:17:18.227956,Upper Tamakoshi Hydropower Ltd
2026041304001598,UPPER,36,57,500,214.9,107450.0,2026-04-13,186103107,2792,Secured Securities Ltd.,Aryatara Investment & Securities,2026-04-13 11:17:18.228041,Upper Tamakoshi Hydropower Ltd
2026041304001599,UPPER,36,19,49,215.0,10535.0,2026-04-13,186103109,2792,Secured Securities Ltd.,Nepal Investment And Securities Trading Private Limited,2026-04-13 11:17:18.228130,Upper Tamakoshi Hydropower Ltd
2026041304001600,UPPER,36,38,500,215.0,107500.0,2026-04-13,186103111,2792,Secured Securities Ltd.,Dipshikha Dhitopatra Karobar Co. Pvt Ltd.,2026-04-13 11:17:18.228219,Upper Tamakoshi Hydropower Ltd
2026041304001601,UPPER,36,17,200,215.0,43000.0,2026-04-13,186103113,2792,Secured Securities Ltd.,ABC Securities Private Limited,2026-04-13 11:17:18.228296,Upper Tamakoshi Hydropower Ltd
2026041304001602,UPPER,36,38,50,215.0,10750.0,2026-04-13,186103115,2792,Secured Securities Ltd.,Dipshikha Dhitopatra Karobar Co. Pvt Ltd.,2026-04-13 11:17:18.228396,Upper Tamakoshi Hydropower Ltd
2026041304001603,UPPER,36,19,100,215.0,21500.0,2026-04-13,186103117,2792,Secured Securities Ltd.,Nepal Investment And Securities Trading Private Limited,2026-04-13 11:17:18.228500,Upper Tamakoshi Hydropower Ltd
2026041304001604,UPPER,36,49,68,215.0,14620.0,2026-04-13,186103119,2792,Secured Securities Ltd.,Online Securities Pvt. Ltd.,2026-04-13 11:17:18.228587,Upper Tamakoshi Hydropower Ltd
2026041304001605,UPPER,36,56,100,215.0,21500.0,2026-04-13,186103121,2792,Secured Securities Ltd.,Sri Hari Securities Pvt. Ltd.,2026-04-13 11:17:18.228667,Upper Tamakoshi Hydropower Ltd
2026041304001606,UPPER,36,19,50,215.0,10750.0,2026-04-13,186103123,2792,Secured Securities Ltd.,Nepal Investment And Securities Trading Private Limited,2026-04-13 11:17:18.228746,Upper Tamakoshi Hydropower Ltd
2026041304001607,UPPER,36,49,500,215.0,107500.0,2026-04-13,186103125,2792,Secured Securities Ltd.,Online Securities Pvt. Ltd.,2026-04-13 11:17:18.228827,Upper Tamakoshi Hydropower Ltd
2026041304001608,UPPER,36,42,2000,215.0,430000.0,2026-04-13,186103127,2792,Secured Securities Ltd.,Sani Securities Company Ltd.,2026-04-13 11:17:18.228928,Upper Tamakoshi Hydropower Ltd
2026041304001613,UPPER,36,49,79,215.0,16985.0,2026-04-13,186103272,2792,Secured Securities Ltd.,Online Securities Pvt. Ltd.,2026-04-13 11:17:27.485810,Upper Tamakoshi Hydropower Ltd
2026041304001699,UPPER,49,49,71,214.5,15229.5,2026-04-13,186103965,2792,Online Securities Pvt. Ltd.,Online Securities Pvt. Ltd.,2026-04-13 11:18:02.366554,Upper Tamakoshi Hydropower Ltd
2026041304001734,UPPER,57,13,10,215.0,2150.0,2026-04-13,186104120,2792,Aryatara Investment & Securities,Thrive Brokerage House Pvt. Ltd,2026-04-13 11:18:09.492255,Upper Tamakoshi Hydropower Ltd
2026041304001747,UPPER,36,13,90,215.0,19350.0,2026-04-13,186104255,2792,Secured Securities Ltd.,Thrive Brokerage House Pvt. Ltd,2026-04-13 11:18:21.102712,Upper Tamakoshi Hydropower Ltd
2026041304001748,UPPER,36,38,200,215.2,43040.0,2026-04-13,186104257,2792,Secured Securities Ltd.,Dipshikha Dhitopatra Karobar Co. Pvt Ltd.,2026-04-13 11:18:21.102882,Upper Tamakoshi Hydropower Ltd
2026041304001749,UPPER,36,41,300,215.2,64560.0,2026-04-13,186104259,2792,Secured Securities Ltd.,Linch Stock Market Ltd.,2026-04-13 11:18:21.102957,Upper Tamakoshi Hydropower Ltd
2026041304001750,UPPER,36,49,10,215.2,2152.0,2026-04-13,186104261,2792,Secured Securities Ltd.,Online Securities Pvt. Ltd.,2026-04-13 11:18:21.103029,Upper Tamakoshi Hydropower Ltd
2026041304001751,UPPER,36,57,1013,215.5,218301.5,2026-04-13,186104263,2792,Secured Securities Ltd.,Aryatara Investment & Securities,2026-04-13 11:18:21.103100,Upper Tamakoshi Hydropower Ltd
2026041304001752,UPPER,36,41,100,216.0,21600.0,2026-04-13,186104265,2792,Secured Securities Ltd.,Linch Stock Market Ltd.,2026-04-13 11:18:21.103175,Upper Tamakoshi Hydropower Ltd
2026041304001753,UPPER,36,42,755,216.0,163080.0,2026-04-13,186104267,2792,Secured Securities Ltd.,Sani Securities Company Ltd.,2026-04-13 11:18:21.103256,Upper Tamakoshi Hydropower Ltd
2026041304001754,UPPER,36,19,50,216.0,10800.0,2026-04-13,186104269,2792,Secured Securities Ltd.,Nepal Investment And Securities Trading Private Limited,2026-04-13 11:18:21.103333,Upper Tamakoshi Hydropower Ltd
2026041304001755,UPPER,36,1,20,216.0,4320.0,2026-04-13,186104271,2792,Secured Securities Ltd.,Kumari Securities Private Limited,2026-04-13 11:18:21.103403,Upper Tamakoshi Hydropower Ltd
2026041304001805,UPPER,36,53,104,216.0,22464.0,2026-04-13,186104547,2792,Secured Securities Ltd.,Investment Management Nepal Pvt. Ltd.,2026-04-13 11:18:36.443969,Upper Tamakoshi Hydropower Ltd
2026041304001812,UPPER,49,35,129,216.1,27876.9,2026-04-13,186104606,2792,Online Securities Pvt. Ltd.,Kohinoor Investment & Securities Pvt. Ltd.,2026-04-13 11:18:44.526794,Upper Tamakoshi Hydropower Ltd
2026041304001817,UPPER,36,35,171,216.1,36953.1,2026-04-13,186104639,2792,Secured Securities Ltd.,Kohinoor Investment & Securities Pvt. Ltd.,2026-04-13 11:18:45.402467,Upper Tamakoshi Hydropower Ltd
2026041304001872,UPPER,45,42,40,216.2,8648.0,2026-04-13,186104962,2792,Imperial Securities Company Pvt. Ltd.,Sani Securities Company Ltd.,2026-04-13 11:19:07.307356,Upper Tamakoshi Hydropower Ltd
2026041304001895,UPPER,36,7,500,216.1,108050.0,2026-04-13,186105219,2792,Secured Securities Ltd.,J.F. Securites (PVT) Ltd.,2026-04-13 11:19:22.695981,Upper Tamakoshi Hydropower Ltd
2026041304001923,UPPER,36,29,300,216.1,64830.0,2026-04-13,186105613,2792,Secured Securities Ltd.,Trisul Securities & Invt. Ltd.,2026-04-13 11:19:46.154627,Upper Tamakoshi Hydropower Ltd
2026041304001930,UPPER,36,32,200,216.1,43220.0,2026-04-13,186105667,2792,Secured Securities Ltd.,Premier Securities Company Ltd.,2026-04-13 11:19:50.078184,Upper Tamakoshi Hydropower Ltd
2026041304001932,UPPER,36,59,500,216.1,108050.0,2026-04-13,186105673,2792,Secured Securities Ltd.,Deevyaa Securities & Stock House Pvt. Ltd,2026-04-13 11:19:50.678977,Upper Tamakoshi Hydropower Ltd
2026041304001933,UPPER,36,16,200,216.1,43220.0,2026-04-13,186105711,2792,Secured Securities Ltd.,Primo Securities (PVT) Ltd.,2026-04-13 11:19:51.589241,Upper Tamakoshi Hydropower Ltd
2026041304001951,UPPER,8,42,460,216.2,99452.0,2026-04-13,186105844,2792,Brilliant Securities Pvt. Ltd.,Sani Securities Company Ltd.,2026-04-13 11:20:00.022164,Upper Tamakoshi Hydropower Ltd
2026041304001957,UPPER,36,64,388,216.1,83846.8,2026-04-13,186105875,2792,Secured Securities Ltd.,SUN SECURITIES PVT LTD,2026-04-13 11:20:02.852965,Upper Tamakoshi Hydropower Ltd
2026041304001988,UPPER,58,19,70,216.2,15134.0,2026-04-13,186106034,2792,Naasa Securities Co. Ltd.,Nepal Investment And Securities Trading Private Limited,2026-04-13 11:20:10.897096,Upper Tamakoshi Hydropower Ltd
2026041304001994,UPPER,90,19,30,216.2,6486.0,2026-04-13,186106061,2792,Sajilo Broker Limited,Nepal Investment And Securities Trading Private Limited,2026-04-13 11:20:12.953810,Upper Tamakoshi Hydropower Ltd
2026041304002009,UPPER,90,58,20,216.5,4330.0,2026-04-13,186106126,2792,Sajilo Broker Limited,Naasa Securities Co. Ltd.,2026-04-13 11:20:15.986737,Upper Tamakoshi Hydropower Ltd
2026041304002010,UPPER,36,50,100,216.1,21610.0,2026-04-13,186106131,2792,Secured Securities Ltd.,Cristal Kanchanjanga Securites Pvt. Ltd.,2026-04-13 11:20:16.351579,Upper Tamakoshi Hydropower Ltd
2026041304002033,UPPER,36,85,100,216.1,21610.0,2026-04-13,186106447,2792,Secured Securities Ltd.,Capital Hub P. Ltd,2026-04-13 11:20:37.168518,Upper Tamakoshi Hydropower Ltd
2026041304002039,UPPER,36,51,1000,216.1,216100.0,2026-04-13,186106495,2792,Secured Securities Ltd.,Oxford Securities Pvt. Ltd.,2026-04-13 11:20:39.056832,Upper Tamakoshi Hydropower Ltd
2026041304002044,UPPER,36,57,541,216.1,116910.1,2026-04-13,186106538,2792,Secured Securities Ltd.,Aryatara Investment & Securities,2026-04-13 11:20:42.435675,Upper Tamakoshi Hydropower Ltd
2026041304002045,UPPER,13,57,100,216.1,21610.0,2026-04-13,186106540,2792,Thrive Brokerage House Pvt. Ltd,Aryatara Investment & Securities,2026-04-13 11:20:42.435861,Upper Tamakoshi Hydropower Ltd
2026041304002046,UPPER,13,57,100,216.1,21610.0,2026-04-13,186106542,2792,Thrive Brokerage House Pvt. Ltd,Aryatara Investment & Securities,2026-04-13 11:20:42.435948,Upper Tamakoshi Hydropower Ltd
2026041304002047,UPPER,44,57,50,216.1,10805.0,2026-04-13,186106544,2792,Dynamic Money Managers Securities Pvt. Ltd.,Aryatara Investment & Securities,2026-04-13 11:20:42.436042,Upper Tamakoshi Hydropower Ltd
2026041304002048,UPPER,13,57,200,216.1,43220.0,2026-04-13,186106546,2792,Thrive Brokerage House Pvt. Ltd,Aryatara Investment & Securities,2026-04-13 11:20:42.436127,Upper Tamakoshi Hydropower Ltd
2026041304002066,UPPER,36,19,100,216.0,21600.0,2026-04-13,186106685,2792,Secured Securities Ltd.,Nepal Investment And Securities Trading Private Limited,2026-04-13 11:20:51.646369,Upper Tamakoshi Hydropower Ltd
2026041304002069,UPPER,36,7,750,216.0,162000.0,2026-04-13,186106699,2792,Secured Securities Ltd.,J.F. Securites (PVT) Ltd.,2026-04-13 11:20:53.600536,Upper Tamakoshi Hydropower Ltd
2026041304002072,UPPER,36,16,100,216.0,21600.0,2026-04-13,186106765,2792,Secured Securities Ltd.,Primo Securities (PVT) Ltd.,2026-04-13 11:20:56.378499,Upper Tamakoshi Hydropower Ltd
2026041304002087,UPPER,36,41,30,216.0,6480.0,2026-04-13,186106893,2792,Secured Securities Ltd.,Linch Stock Market Ltd.,2026-04-13 11:21:03.881486,Upper Tamakoshi Hydropower Ltd
2026041304002090,UPPER,36,58,204,216.0,44064.0,2026-04-13,186106909,2792,Secured Securities Ltd.,Naasa Securities Co. Ltd.,2026-04-13 11:21:04.362215,Upper Tamakoshi Hydropower Ltd
2026041304002104,UPPER,36,41,100,216.0,21600.0,2026-04-13,186107005,2792,Secured Securities Ltd.,Linch Stock Market Ltd.,2026-04-13 11:21:11.000955,Upper Tamakoshi Hydropower Ltd
2026041304002107,UPPER,36,67,74,216.0,15984.0,2026-04-13,186107034,2792,Secured Securities Ltd.,Property Wiard Limited,2026-04-13 11:21:14.233170,Upper Tamakoshi Hydropower Ltd
2026041304002108,UPPER,4,67,79,216.0,17064.0,2026-04-13,186107036,2792,Opal Securities Investment (PVT) Ltd.,Property Wiard Limited,2026-04-13 11:21:14.233397,Upper Tamakoshi Hydropower Ltd
2026041304002134,UPPER,28,67,106,216.0,22896.0,2026-04-13,186107309,2792,Shree Krishna Securities Ltd.,Property Wiard Limited,2026-04-13 11:21:30.489659,Upper Tamakoshi Hydropower Ltd
2026041304002135,UPPER,28,25,194,216.0,41904.0,2026-04-13,186107312,2792,Shree Krishna Securities Ltd.,Sweta Securities Private Limited,2026-04-13 11:21:30.489851,Upper Tamakoshi Hydropower Ltd
2026041304002157,UPPER,58,58,16,215.1,3441.6,2026-04-13,186107648,2792,Naasa Securities Co. Ltd.,Naasa Securities Co. Ltd.,2026-04-13 11:21:47.962059,Upper Tamakoshi Hydropower Ltd
2026041304002158,UPPER,14,58,73,215.1,15702.3,2026-04-13,186107649,2792,Nepal Stock House (PVT) Ltd.,Naasa Securities Co. Ltd.,2026-04-13 11:21:47.962458,Upper Tamakoshi Hydropower Ltd
2026041304002173,UPPER,14,43,27,215.1,5807.7,2026-04-13,186107794,2792,Nepal Stock House (PVT) Ltd.,South Asian Bulls Pvt. Ltd.,2026-04-13 11:21:59.703879,Upper Tamakoshi Hydropower Ltd
2026041304002174,UPPER,59,43,23,215.0,4945.0,2026-04-13,186107796,2792,Deevyaa Securities & Stock House Pvt. Ltd,South Asian Bulls Pvt. Ltd.,2026-04-13 11:21:59.704148,Upper Tamakoshi Hydropower Ltd
2026041304002175,UPPER,21,43,14,215.0,3010.0,2026-04-13,186107798,2792,Midas Stock Broking Company Private Limited,South Asian Bulls Pvt. Ltd.,2026-04-13 11:21:59.704262,Upper Tamakoshi Hydropower Ltd
2026041304002176,UPPER,42,43,400,215.0,86000.0,2026-04-13,186107800,2792,Sani Securities Company Ltd.,South Asian Bulls Pvt. Ltd.,2026-04-13 11:21:59.704361,Upper Tamakoshi Hydropower Ltd
2026041304002177,UPPER,6,43,50,215.0,10750.0,2026-04-13,186107802,2792,Agrawal Securities (PVT) Ltd.,South Asian Bulls Pvt. Ltd.,2026-04-13 11:21:59.704448,Upper Tamakoshi Hydropower Ltd
2026041304002178,UPPER,39,43,50,214.1,10705.0,2026-04-13,186107804,2792,Sumeru Securities Pvt. Ltd.,South Asian Bulls Pvt. Ltd.,2026-04-13 11:21:59.704537,Upper Tamakoshi Hydropower Ltd
2026041304002179,UPPER,58,43,304,214.0,65056.0,2026-04-13,186107806,2792,Naasa Securities Co. Ltd.,South Asian Bulls Pvt. Ltd.,2026-04-13 11:21:59.704624,Upper Tamakoshi Hydropower Ltd
2026041304002180,UPPER,4,43,45,214.0,9630.0,2026-04-13,186107808,2792,Opal Securities Investment (PVT) Ltd.,South Asian Bulls Pvt. Ltd.,2026-04-13 11:21:59.704714,Upper Tamakoshi Hydropower Ltd
2026041304002187,UPPER,49,43,20,214.0,4280.0,2026-04-13,186107894,2792,Online Securities Pvt. Ltd.,South Asian Bulls Pvt. Ltd.,2026-04-13 11:22:07.819600,Upper Tamakoshi Hydropower Ltd
2026041304002214,UPPER,42,57,25,213.0,5325.0,2026-04-13,186108036,2792,Sani Securities Company Ltd.,Aryatara Investment & Securities,2026-04-13 11:22:15.076057,Upper Tamakoshi Hydropower Ltd
2026041304002215,UPPER,59,57,100,213.0,21300.0,2026-04-13,186108038,2792,Deevyaa Securities & Stock House Pvt. Ltd,Aryatara Investment & Securities,2026-04-13 11:22:15.076153,Upper Tamakoshi Hydropower Ltd
2026041304002216,UPPER,46,57,50,213.0,10650.0,2026-04-13,186108040,2792,Kalika Securities Pvt. Ltd.,Aryatara Investment & Securities,2026-04-13 11:22:15.076178,Upper Tamakoshi Hydropower Ltd
2026041304002217,UPPER,57,57,200,213.0,42600.0,2026-04-13,186108042,2792,Aryatara Investment & Securities,Aryatara Investment & Securities,2026-04-13 11:22:15.076202,Upper Tamakoshi Hydropower Ltd
2026041304002218,UPPER,45,57,125,213.0,26625.0,2026-04-13,186108043,2792,Imperial Securities Company Pvt. Ltd.,Aryatara Investment & Securities,2026-04-13 11:22:15.076225,Upper Tamakoshi Hydropower Ltd
2026041304002263,UPPER,39,21,15,213.1,3196.5,2026-04-13,186108455,2792,Sumeru Securities Pvt. Ltd.,Midas Stock Broking Company Private Limited,2026-04-13 11:22:40.635489,Upper Tamakoshi Hydropower Ltd
2026041304002272,UPPER,39,75,35,213.1,7458.5,2026-04-13,186108658,2792,Sumeru Securities Pvt. Ltd.,N.I.M.B. Stock Markets Limited,2026-04-13 11:22:55.331153,Upper Tamakoshi Hydropower Ltd
2026041304002273,UPPER,45,75,33,213.0,7029.0,2026-04-13,186108659,2792,Imperial Securities Company Pvt. Ltd.,N.I.M.B. Stock Markets Limited,2026-04-13 11:22:55.331395,Upper Tamakoshi Hydropower Ltd
2026041304002321,UPPER,36,43,67,214.0,14338.0,2026-04-13,186108959,2792,Secured Securities Ltd.,South Asian Bulls Pvt. Ltd.,2026-04-13 11:23:17.066268,Upper Tamakoshi Hydropower Ltd
2026041304002322,UPPER,36,62,10,214.0,2140.0,2026-04-13,186108961,2792,Secured Securities Ltd.,Capital Max Securities Ltd,2026-04-13 11:23:17.066657,Upper Tamakoshi Hydropower Ltd
2026041304002323,UPPER,36,62,450,214.0,96300.0,2026-04-13,186108964,2792,Secured Securities Ltd.,Capital Max Securities Ltd,2026-04-13 11:23:17.066839,Upper Tamakoshi Hydropower Ltd
2026041304002388,UPPER,6,26,1000,215.0,215000.0,2026-04-13,186109384,2792,Agrawal Securities (PVT) Ltd.,Asian Securities Private Ltd.,2026-04-13 11:23:45.543280,Upper Tamakoshi Hydropower Ltd
2026041304002473,UPPER,48,3,10,214.0,2140.0,2026-04-13,186110142,2792,Trishakti Securities Public Limited,Arun Securities (PVT) Ltd.,2026-04-13 11:24:44.022294,Upper Tamakoshi Hydropower Ltd
2026041304002474,UPPER,58,3,40,214.0,8560.0,2026-04-13,186110144,2792,Naasa Securities Co. Ltd.,Arun Securities (PVT) Ltd.,2026-04-13 11:24:44.022744,Upper Tamakoshi Hydropower Ltd
2026041304002475,UPPER,42,3,18,214.0,3852.0,2026-04-13,186110145,2792,Sani Securities Company Ltd.,Arun Securities (PVT) Ltd.,2026-04-13 11:24:44.023049,Upper Tamakoshi Hydropower Ltd
2026041304002492,UPPER,42,16,12,214.0,2568.0,2026-04-13,186110340,2792,Sani Securities Company Ltd.,Primo Securities (PVT) Ltd.,2026-04-13 11:24:54.090616,Upper Tamakoshi Hydropower Ltd
2026041304002493,UPPER,26,16,68,214.0,14552.0,2026-04-13,186110341,2792,Asian Securities Private Ltd.,Primo Securities (PVT) Ltd.,2026-04-13 11:24:54.090710,Upper Tamakoshi Hydropower Ltd
2026041304002522,UPPER,26,57,200,214.0,42800.0,2026-04-13,186110717,2792,Asian Securities Private Ltd.,Aryatara Investment & Securities,2026-04-13 11:25:19.575563,Upper Tamakoshi Hydropower Ltd
2026041304002527,UPPER,26,19,75,214.0,16050.0,2026-04-13,186110743,2792,Asian Securities Private Ltd.,Nepal Investment And Securities Trading Private Limited,2026-04-13 11:25:22.794254,Upper Tamakoshi Hydropower Ltd
2026041304002603,UPPER,26,6,100,214.0,21400.0,2026-04-13,186111341,2792,Asian Securities Private Ltd.,Agrawal Securities (PVT) Ltd.,2026-04-13 11:25:58.521839,Upper Tamakoshi Hydropower Ltd
2026041304002613,UPPER,26,20,100,214.0,21400.0,2026-04-13,186111449,2792,Asian Securities Private Ltd.,Sipla Securities Private Limited,2026-04-13 11:26:04.015482,Upper Tamakoshi Hydropower Ltd
2026041304002629,UPPER,58,58,10,215.0,2150.0,2026-04-13,186111553,2792,Naasa Securities Co. Ltd.,Naasa Securities Co. Ltd.,2026-04-13 11:26:07.576943,Upper Tamakoshi Hydropower Ltd
2026041304002630,UPPER,58,40,20,215.0,4300.0,2026-04-13,186111555,2792,Naasa Securities Co. Ltd.,Creative Securities Pvt Ltd,2026-04-13 11:26:07.577185,Upper Tamakoshi Hydropower Ltd
2026041304002631,UPPER,58,34,10,215.0,2150.0,2026-04-13,186111557,2792,Naasa Securities Co. Ltd.,Vision Securities Pvt. Ltd,2026-04-13 11:26:07.577290,Upper Tamakoshi Hydropower Ltd
2026041304002632,UPPER,58,58,50,215.5,10775.0,2026-04-13,186111559,2792,Naasa Securities Co. Ltd.,Naasa Securities Co. Ltd.,2026-04-13 11:26:07.577404,Upper Tamakoshi Hydropower Ltd
2026041304002633,UPPER,58,35,10,215.8,2158.0,2026-04-13,186111562,2792,Naasa Securities Co. Ltd.,Kohinoor Investment & Securities Pvt. Ltd.,2026-04-13 11:26:07.577503,Upper Tamakoshi Hydropower Ltd
2026041304002697,UPPER,6,32,300,214.9,64470.0,2026-04-13,186112070,2792,Agrawal Securities (PVT) Ltd.,Premier Securities Company Ltd.,2026-04-13 11:26:37.503703,Upper Tamakoshi Hydropower Ltd
2026041304002728,UPPER,36,35,290,215.8,62582.0,2026-04-13,186112427,2792,Secured Securities Ltd.,Kohinoor Investment & Securities Pvt. Ltd.,2026-04-13 11:26:55.171654,Upper Tamakoshi Hydropower Ltd
2026041304002729,UPPER,36,47,600,215.8,129480.0,2026-04-13,186112429,2792,Secured Securities Ltd.,Neev Securities Pvt. Ltd.,2026-04-13 11:26:55.172120,Upper Tamakoshi Hydropower Ltd
2026041304002730,UPPER,36,25,306,216.0,66096.0,2026-04-13,186112431,2792,Secured Securities Ltd.,Sweta Securities Private Limited,2026-04-13 11:26:55.172445,Upper Tamakoshi Hydropower Ltd
2026041304002731,UPPER,36,11,804,216.0,173664.0,2026-04-13,186112434,2792,Secured Securities Ltd.,Malla & Malla Stock Broking Company Pvt. Limited,2026-04-13 11:26:55.172742,Upper Tamakoshi Hydropower Ltd
2026041304002777,UPPER,58,11,500,216.0,108000.0,2026-04-13,186112758,2792,Naasa Securities Co. Ltd.,Malla & Malla Stock Broking Company Pvt. Limited,2026-04-13 11:27:13.690877,Upper Tamakoshi Hydropower Ltd
2026041304002791,UPPER,48,41,10,215.5,2155.0,2026-04-13,186112842,2792,Trishakti Securities Public Limited,Linch Stock Market Ltd.,2026-04-13 11:27:18.501548,Upper Tamakoshi Hydropower Ltd
2026041304002826,UPPER,3,41,12,215.5,2586.0,2026-04-13,186113112,2792,Arun Securities (PVT) Ltd.,Linch Stock Market Ltd.,2026-04-13 11:27:35.367866,Upper Tamakoshi Hydropower Ltd
2026041304002828,UPPER,58,41,200,215.5,43100.0,2026-04-13,186113136,2792,Naasa Securities Co. Ltd.,Linch Stock Market Ltd.,2026-04-13 11:27:37.582213,Upper Tamakoshi Hydropower Ltd
2026041304002845,UPPER,58,41,278,215.5,59909.0,2026-04-13,186113433,2792,Naasa Securities Co. Ltd.,Linch Stock Market Ltd.,2026-04-13 11:27:54.122110,Upper Tamakoshi Hydropower Ltd
2026041304002874,UPPER,58,1,222,215.5,47841.0,2026-04-13,186113752,2792,Naasa Securities Co. Ltd.,Kumari Securities Private Limited,2026-04-13 11:28:16.678828,Upper Tamakoshi Hydropower Ltd
2026041304002875,UPPER,32,1,20,215.0,4300.0,2026-04-13,186113754,2792,Premier Securities Company Ltd.,Kumari Securities Private Limited,2026-04-13 11:28:16.679076,Upper Tamakoshi Hydropower Ltd
2026041304002876,UPPER,57,1,17,215.0,3655.0,2026-04-13,186113756,2792,Aryatara Investment & Securities,Kumari Securities Private Limited,2026-04-13 11:28:16.679185,Upper Tamakoshi Hydropower Ltd
2026041304002877,UPPER,58,1,741,214.1,158648.1,2026-04-13,186113757,2792,Naasa Securities Co. Ltd.,Kumari Securities Private Limited,2026-04-13 11:28:16.679289,Upper Tamakoshi Hydropower Ltd
2026041304002906,UPPER,58,59,259,214.1,55451.9,2026-04-13,186113986,2792,Naasa Securities Co. Ltd.,Deevyaa Securities & Stock House Pvt. Ltd,2026-04-13 11:28:33.054552,Upper Tamakoshi Hydropower Ltd
2026041304002907,UPPER,26,59,101,214.0,21614.0,2026-04-13,186113987,2792,Asian Securities Private Ltd.,Deevyaa Securities & Stock House Pvt. Ltd,2026-04-13 11:28:33.054666,Upper Tamakoshi Hydropower Ltd
2026041304002964,UPPER,74,21,23,214.1,4924.3,2026-04-13,186114490,2792,KALASH STOCK MARKET PVT. LTD.,Midas Stock Broking Company Private Limited,2026-04-13 11:29:08.598657,Upper Tamakoshi Hydropower Ltd
2026041304002965,UPPER,26,21,177,214.0,37878.0,2026-04-13,186114491,2792,Asian Securities Private Ltd.,Midas Stock Broking Company Private Limited,2026-04-13 11:29:08.599141,Upper Tamakoshi Hydropower Ltd
2026041304002985,UPPER,42,4,50,215.0,10750.0,2026-04-13,186114661,2792,Sani Securities Company Ltd.,Opal Securities Investment (PVT) Ltd.,2026-04-13 11:29:19.604907,Upper Tamakoshi Hydropower Ltd
2026041304003020,UPPER,42,45,50,215.0,10750.0,2026-04-13,186114924,2792,Sani Securities Company Ltd.,Imperial Securities Company Pvt. Ltd.,2026-04-13 11:29:33.927522,Upper Tamakoshi Hydropower Ltd
2026041304003021,UPPER,45,45,10,215.0,2150.0,2026-04-13,186114926,2792,Imperial Securities Company Pvt. Ltd.,Imperial Securities Company Pvt. Ltd.,2026-04-13 11:29:33.927821,Upper Tamakoshi Hydropower Ltd
2026041304003091,UPPER,26,58,10,214.0,2140.0,2026-04-13,186115589,2792,Asian Securities Private Ltd.,Naasa Securities Co. Ltd.,2026-04-13 11:30:23.105857,Upper Tamakoshi Hydropower Ltd
2026041304003127,UPPER,6,45,190,215.0,40850.0,2026-04-13,186116037,2792,Agrawal Securities (PVT) Ltd.,Imperial Securities Company Pvt. Ltd.,2026-04-13 11:30:56.196569,Upper Tamakoshi Hydropower Ltd
2026041304003128,UPPER,6,25,285,215.0,61275.0,2026-04-13,186116039,2792,Agrawal Securities (PVT) Ltd.,Sweta Securities Private Limited,2026-04-13 11:30:56.196960,Upper Tamakoshi Hydropower Ltd
2026041304003129,UPPER,6,35,225,215.0,48375.0,2026-04-13,186116042,2792,Agrawal Securities (PVT) Ltd.,Kohinoor Investment & Securities Pvt. Ltd.,2026-04-13 11:30:56.197078,Upper Tamakoshi Hydropower Ltd
2026041304003146,UPPER,26,44,97,214.0,20758.0,2026-04-13,186116243,2792,Asian Securities Private Ltd.,Dynamic Money Managers Securities Pvt. Ltd.,2026-04-13 11:31:06.827823,Upper Tamakoshi Hydropower Ltd
2026041304003191,UPPER,6,45,250,214.9,53725.0,2026-04-13,186116634,2792,Agrawal Securities (PVT) Ltd.,Imperial Securities Company Pvt. Ltd.,2026-04-13 11:31:38.473063,Upper Tamakoshi Hydropower Ltd
2026041304003203,UPPER,58,35,25,215.0,5375.0,2026-04-13,186116715,2792,Naasa Securities Co. Ltd.,Kohinoor Investment & Securities Pvt. Ltd.,2026-04-13 11:31:44.985224,Upper Tamakoshi Hydropower Ltd
2026041304003204,UPPER,58,28,20,215.0,4300.0,2026-04-13,186116717,2792,Naasa Securities Co. Ltd.,Shree Krishna Securities Ltd.,2026-04-13 11:31:44.985548,Upper Tamakoshi Hydropower Ltd
2026041304003205,UPPER,58,34,36,215.0,7740.0,2026-04-13,186116719,2792,Naasa Securities Co. Ltd.,Vision Securities Pvt. Ltd,2026-04-13 11:31:44.985690,Upper Tamakoshi Hydropower Ltd
2026041304003221,UPPER,58,8,1000,215.0,215000.0,2026-04-13,186116927,2792,Naasa Securities Co. Ltd.,Brilliant Securities Pvt. Ltd.,2026-04-13 11:32:00.452887,Upper Tamakoshi Hydropower Ltd
2026041304003242,UPPER,58,43,1120,215.0,240800.0,2026-04-13,186117183,2792,Naasa Securities Co. Ltd.,South Asian Bulls Pvt. Ltd.,2026-04-13 11:32:18.425755,Upper Tamakoshi Hydropower Ltd
2026041304003245,UPPER,63,48,10,215.7,2157.0,2026-04-13,186117220,2792,Himalayan Brokerage Company Limited,Trishakti Securities Public Limited,2026-04-13 11:32:22.977438,Upper Tamakoshi Hydropower Ltd
2026041304003258,UPPER,6,48,50,215.7,10785.0,2026-04-13,186117314,2792,Agrawal Securities (PVT) Ltd.,Trishakti Securities Public Limited,2026-04-13 11:32:25.398589,Upper Tamakoshi Hydropower Ltd
2026041304003267,UPPER,58,34,119,215.0,25585.0,2026-04-13,186117438,2792,Naasa Securities Co. Ltd.,Vision Securities Pvt. Ltd,2026-04-13 11:32:36.007745,Upper Tamakoshi Hydropower Ltd
2026041304003268,UPPER,58,34,381,215.0,81915.0,2026-04-13,186117439,2792,Naasa Securities Co. Ltd.,Vision Securities Pvt. Ltd,2026-04-13 11:32:36.008410,Upper Tamakoshi Hydropower Ltd
2026041304003306,UPPER,58,19,400,215.0,86000.0,2026-04-13,186117783,2792,Naasa Securities Co. Ltd.,Nepal Investment And Securities Trading Private Limited,2026-04-13 11:33:06.184682,Upper Tamakoshi Hydropower Ltd
2026041304003332,UPPER,28,48,40,215.7,8628.0,2026-04-13,186118035,2792,Shree Krishna Securities Ltd.,Trishakti Securities Public Limited,2026-04-13 11:33:21.718989,Upper Tamakoshi Hydropower Ltd
2026041304003333,UPPER,28,42,100,215.8,21580.0,2026-04-13,186118037,2792,Shree Krishna Securities Ltd.,Sani Securities Company Ltd.,2026-04-13 11:33:21.719624,Upper Tamakoshi Hydropower Ltd
2026041304003334,UPPER,28,97,160,215.9,34544.0,2026-04-13,186118040,2792,Shree Krishna Securities Ltd.,R.B.B. Securities Company Ltd,2026-04-13 11:33:21.720009,Upper Tamakoshi Hydropower Ltd
2026041304003335,UPPER,58,8,184,215.0,39560.0,2026-04-13,186118062,2792,Naasa Securities Co. Ltd.,Brilliant Securities Pvt. Ltd.,2026-04-13 11:33:22.380499,Upper Tamakoshi Hydropower Ltd
2026041304003336,UPPER,49,8,34,215.0,7310.0,2026-04-13,186118070,2792,Online Securities Pvt. Ltd.,Brilliant Securities Pvt. Ltd.,2026-04-13 11:33:23.288537,Upper Tamakoshi Hydropower Ltd
2026041304003344,UPPER,58,8,10,215.0,2150.0,2026-04-13,186118252,2792,Naasa Securities Co. Ltd.,Brilliant Securities Pvt. Ltd.,2026-04-13 11:33:35.849286,Upper Tamakoshi Hydropower Ltd
2026041304003353,UPPER,11,8,20,215.0,4300.0,2026-04-13,186118396,2792,Malla & Malla Stock Broking Company Pvt. Limited,Brilliant Securities Pvt. Ltd.,2026-04-13 11:33:47.789137,Upper Tamakoshi Hydropower Ltd
2026041304003443,UPPER,26,44,72,214.0,15408.0,2026-04-13,186119622,2792,Asian Securities Private Ltd.,Dynamic Money Managers Securities Pvt. Ltd.,2026-04-13 11:35:16.893540,Upper Tamakoshi Hydropower Ltd
2026041304003444,UPPER,45,44,10,214.0,2140.0,2026-04-13,186119624,2792,Imperial Securities Company Pvt. Ltd.,Dynamic Money Managers Securities Pvt. Ltd.,2026-04-13 11:35:16.893830,Upper Tamakoshi Hydropower Ltd
2026041304003445,UPPER,4,44,30,214.0,6420.0,2026-04-13,186119626,2792,Opal Securities Investment (PVT) Ltd.,Dynamic Money Managers Securities Pvt. Ltd.,2026-04-13 11:35:16.893955,Upper Tamakoshi Hydropower Ltd
2026041304003446,UPPER,58,44,250,214.0,53500.0,2026-04-13,186119628,2792,Naasa Securities Co. Ltd.,Dynamic Money Managers Securities Pvt. Ltd.,2026-04-13 11:35:16.894077,Upper Tamakoshi Hydropower Ltd
2026041304003447,UPPER,8,44,138,214.0,29532.0,2026-04-13,186119629,2792,Brilliant Securities Pvt. Ltd.,Dynamic Money Managers Securities Pvt. Ltd.,2026-04-13 11:35:16.894197,Upper Tamakoshi Hydropower Ltd
2026041304003641,UPPER,7,42,400,214.5,85800.0,2026-04-13,186120766,2792,J.F. Securites (PVT) Ltd.,Sani Securities Company Ltd.,2026-04-13 11:36:36.618723,Upper Tamakoshi Hydropower Ltd
2026041304003642,UPPER,8,42,362,214.0,77468.0,2026-04-13,186120768,2792,Brilliant Securities Pvt. Ltd.,Sani Securities Company Ltd.,2026-04-13 11:36:36.619346,Upper Tamakoshi Hydropower Ltd
2026041304003697,UPPER,36,58,116,213.7,24789.2,2026-04-13,186121273,2792,Secured Securities Ltd.,Naasa Securities Co. Ltd.,2026-04-13 11:37:20.401658,Upper Tamakoshi Hydropower Ltd
2026041304003765,UPPER,42,42,18,214.0,3852.0,2026-04-13,186121966,2792,Sani Securities Company Ltd.,Sani Securities Company Ltd.,2026-04-13 11:38:17.228578,Upper Tamakoshi Hydropower Ltd
2026041304003766,UPPER,36,49,84,213.7,17950.8,2026-04-13,186121968,2792,Secured Securities Ltd.,Online Securities Pvt. Ltd.,2026-04-13 11:38:17.464449,Upper Tamakoshi Hydropower Ltd
2026041304003776,UPPER,58,49,12,213.7,2564.4,2026-04-13,186122085,2792,Naasa Securities Co. Ltd.,Online Securities Pvt. Ltd.,2026-04-13 11:38:27.284257,Upper Tamakoshi Hydropower Ltd
2026041304003790,UPPER,34,42,24,214.0,5136.0,2026-04-13,186122325,2792,Vision Securities Pvt. Ltd,Sani Securities Company Ltd.,2026-04-13 11:38:50.381601,Upper Tamakoshi Hydropower Ltd
2026041304003824,UPPER,34,45,36,214.0,7704.0,2026-04-13,186122682,2792,Vision Securities Pvt. Ltd,Imperial Securities Company Pvt. Ltd.,2026-04-13 11:39:12.745714,Upper Tamakoshi Hydropower Ltd
2026041304003825,UPPER,36,45,560,214.0,119840.0,2026-04-13,186122683,2792,Secured Securities Ltd.,Imperial Securities Company Pvt. Ltd.,2026-04-13 11:39:12.746057,Upper Tamakoshi Hydropower Ltd
2026041304003834,UPPER,40,58,10,214.7,2147.0,2026-04-13,186122736,2792,Creative Securities Pvt Ltd,Naasa Securities Co. Ltd.,2026-04-13 11:39:20.359563,Upper Tamakoshi Hydropower Ltd
2026041304003864,UPPER,91,8,10,215.0,2150.0,2026-04-13,186123096,2792,Citizens Share Broker Limited,Brilliant Securities Pvt. Ltd.,2026-04-13 11:39:50.237265,Upper Tamakoshi Hydropower Ltd
2026041304004078,UPPER,62,50,20,214.9,4298.0,2026-04-13,186124348,2792,Capital Max Securities Ltd,Cristal Kanchanjanga Securites Pvt. Ltd.,2026-04-13 11:41:03.955463,Upper Tamakoshi Hydropower Ltd
2026041304004112,UPPER,44,50,80,214.9,17192.0,2026-04-13,186124775,2792,Dynamic Money Managers Securities Pvt. Ltd.,Cristal Kanchanjanga Securites Pvt. Ltd.,2026-04-13 11:41:27.075760,Upper Tamakoshi Hydropower Ltd
2026041304004125,UPPER,57,8,242,215.0,52030.0,2026-04-13,186124955,2792,Aryatara Investment & Securities,Brilliant Securities Pvt. Ltd.,2026-04-13 11:41:40.761010,Upper Tamakoshi Hydropower Ltd
2026041304004126,UPPER,57,22,758,215.0,162970.0,2026-04-13,186124958,2792,Aryatara Investment & Securities,Siprabi Securities Pvt. Ltd.,2026-04-13 11:41:40.761390,Upper Tamakoshi Hydropower Ltd
2026041304004189,UPPER,44,77,20,214.9,4298.0,2026-04-13,186125625,2792,Dynamic Money Managers Securities Pvt. Ltd.,Nabil Stock Dealer Ltd.,2026-04-13 11:42:30.989760,Upper Tamakoshi Hydropower Ltd
2026041304004217,UPPER,59,22,50,215.0,10750.0,2026-04-13,186125818,2792,Deevyaa Securities & Stock House Pvt. Ltd,Siprabi Securities Pvt. Ltd.,2026-04-13 11:42:52.134709,Upper Tamakoshi Hydropower Ltd
2026041304004228,UPPER,11,22,20,215.0,4300.0,2026-04-13,186126014,2792,Malla & Malla Stock Broking Company Pvt. Limited,Siprabi Securities Pvt. Ltd.,2026-04-13 11:43:05.161610,Upper Tamakoshi Hydropower Ltd
2026041304004229,UPPER,48,58,40,214.7,8588.0,2026-04-13,186126021,2792,Trishakti Securities Public Limited,Naasa Securities Co. Ltd.,2026-04-13 11:43:05.723924,Upper Tamakoshi Hydropower Ltd
2026041304004401,UPPER,42,77,80,214.9,17192.0,2026-04-13,186127223,2792,Sani Securities Company Ltd.,Nabil Stock Dealer Ltd.,2026-04-13 11:44:45.499897,Upper Tamakoshi Hydropower Ltd
2026041304004428,UPPER,42,22,172,215.0,36980.0,2026-04-13,186127485,2792,Sani Securities Company Ltd.,Siprabi Securities Pvt. Ltd.,2026-04-13 11:45:09.718683,Upper Tamakoshi Hydropower Ltd
2026041304004429,UPPER,42,51,50,215.0,10750.0,2026-04-13,186127488,2792,Sani Securities Company Ltd.,Oxford Securities Pvt. Ltd.,2026-04-13 11:45:09.719309,Upper Tamakoshi Hydropower Ltd
2026041304004496,UPPER,58,58,10,214.9,2149.0,2026-04-13,186127904,2792,Naasa Securities Co. Ltd.,Naasa Securities Co. Ltd.,2026-04-13 11:45:38.768882,Upper Tamakoshi Hydropower Ltd
2026041304004497,UPPER,41,58,400,214.9,85960.0,2026-04-13,186127918,2792,Linch Stock Market Ltd.,Naasa Securities Co. Ltd.,2026-04-13 11:45:41.675032,Upper Tamakoshi Hydropower Ltd
2026041304004511,UPPER,41,58,25,214.9,5372.5,2026-04-13,186128008,2792,Linch Stock Market Ltd.,Naasa Securities Co. Ltd.,2026-04-13 11:45:51.150853,Upper Tamakoshi Hydropower Ltd
2026041304004516,UPPER,28,58,56,214.9,12034.4,2026-04-13,186128114,2792,Shree Krishna Securities Ltd.,Naasa Securities Co. Ltd.,2026-04-13 11:46:00.876390,Upper Tamakoshi Hydropower Ltd
2026041304004539,UPPER,62,58,150,214.9,32235.0,2026-04-13,186128287,2792,Capital Max Securities Ltd,Naasa Securities Co. Ltd.,2026-04-13 11:46:09.675088,Upper Tamakoshi Hydropower Ltd
2026041304004542,UPPER,57,58,100,214.9,21490.0,2026-04-13,186128298,2792,Aryatara Investment & Securities,Naasa Securities Co. Ltd.,2026-04-13 11:46:10.960120,Upper Tamakoshi Hydropower Ltd
2026041304004582,UPPER,48,34,10,214.7,2147.0,2026-04-13,186128646,2792,Trishakti Securities Public Limited,Vision Securities Pvt. Ltd,2026-04-13 11:46:34.830713,Upper Tamakoshi Hydropower Ltd
2026041304004583,UPPER,49,34,27,214.7,5796.9,2026-04-13,186128647,2792,Online Securities Pvt. Ltd.,Vision Securities Pvt. Ltd,2026-04-13 11:46:34.831064,Upper Tamakoshi Hydropower Ltd
2026041304004590,UPPER,58,58,100,214.9,21490.0,2026-04-13,186128722,2792,Naasa Securities Co. Ltd.,Naasa Securities Co. Ltd.,2026-04-13 11:46:42.519780,Upper Tamakoshi Hydropower Ltd
2026041304004677,UPPER,34,58,500,214.9,107450.0,2026-04-13,186129454,2792,Vision Securities Pvt. Ltd,Naasa Securities Co. Ltd.,2026-04-13 11:47:30.540538,Upper Tamakoshi Hydropower Ltd
2026041304004702,UPPER,57,58,100,214.9,21490.0,2026-04-13,186129694,2792,Aryatara Investment & Securities,Naasa Securities Co. Ltd.,2026-04-13 11:47:45.377054,Upper Tamakoshi Hydropower Ltd
2026041304004723,UPPER,58,58,10,214.8,2148.0,2026-04-13,186129831,2792,Naasa Securities Co. Ltd.,Naasa Securities Co. Ltd.,2026-04-13 11:47:52.967466,Upper Tamakoshi Hydropower Ltd
2026041304004740,UPPER,20,58,144,214.9,30945.6,2026-04-13,186129959,2792,Sipla Securities Private Limited,Naasa Securities Co. Ltd.,2026-04-13 11:48:00.375037,Upper Tamakoshi Hydropower Ltd
2026041304004741,UPPER,20,49,104,214.9,22349.6,2026-04-13,186129961,2792,Sipla Securities Private Limited,Online Securities Pvt. Ltd.,2026-04-13 11:48:00.375425,Upper Tamakoshi Hydropower Ltd
2026041304004770,UPPER,42,51,50,215.0,10750.0,2026-04-13,186130293,2792,Sani Securities Company Ltd.,Oxford Securities Pvt. Ltd.,2026-04-13 11:48:17.086846,Upper Tamakoshi Hydropower Ltd
2026041304004771,UPPER,42,42,20,215.0,4300.0,2026-04-13,186130295,2792,Sani Securities Company Ltd.,Sani Securities Company Ltd.,2026-04-13 11:48:17.087173,Upper Tamakoshi Hydropower Ltd
2026041304004772,UPPER,42,14,15,215.0,3225.0,2026-04-13,186130297,2792,Sani Securities Company Ltd.,Nepal Stock House (PVT) Ltd.,2026-04-13 11:48:17.087333,Upper Tamakoshi Hydropower Ltd
2026041304004773,UPPER,42,25,698,215.0,150070.0,2026-04-13,186130299,2792,Sani Securities Company Ltd.,Sweta Securities Private Limited,2026-04-13 11:48:17.087518,Upper Tamakoshi Hydropower Ltd
2026041304004774,UPPER,42,34,850,215.0,182750.0,2026-04-13,186130301,2792,Sani Securities Company Ltd.,Vision Securities Pvt. Ltd,2026-04-13 11:48:17.087690,Upper Tamakoshi Hydropower Ltd
2026041304004775,UPPER,42,46,367,215.0,78905.0,2026-04-13,186130304,2792,Sani Securities Company Ltd.,Kalika Securities Pvt. Ltd.,2026-04-13 11:48:17.087861,Upper Tamakoshi Hydropower Ltd
2026041304004814,UPPER,48,46,133,215.0,28595.0,2026-04-13,186130651,2792,Trishakti Securities Public Limited,Kalika Securities Pvt. Ltd.,2026-04-13 11:48:35.964705,Upper Tamakoshi Hydropower Ltd
2026041304004815,UPPER,48,11,10,215.0,2150.0,2026-04-13,186130653,2792,Trishakti Securities Public Limited,Malla & Malla Stock Broking Company Pvt. Limited,2026-04-13 11:48:35.965360,Upper Tamakoshi Hydropower Ltd
2026041304004816,UPPER,48,58,352,215.0,75680.0,2026-04-13,186130655,2792,Trishakti Securities Public Limited,Naasa Securities Co. Ltd.,2026-04-13 11:48:35.965811,Upper Tamakoshi Hydropower Ltd
2026041304004817,UPPER,48,52,50,215.0,10750.0,2026-04-13,186130657,2792,Trishakti Securities Public Limited,Sundhara Securities Limited,2026-04-13 11:48:35.966242,Upper Tamakoshi Hydropower Ltd
2026041304004818,UPPER,48,35,30,215.0,6450.0,2026-04-13,186130659,2792,Trishakti Securities Public Limited,Kohinoor Investment & Securities Pvt. Ltd.,2026-04-13 11:48:35.966673,Upper Tamakoshi Hydropower Ltd
2026041304004819,UPPER,48,58,236,215.0,50740.0,2026-04-13,186130661,2792,Trishakti Securities Public Limited,Naasa Securities Co. Ltd.,2026-04-13 11:48:35.967081,Upper Tamakoshi Hydropower Ltd
2026041304004820,UPPER,48,49,96,215.0,20640.0,2026-04-13,186130663,2792,Trishakti Securities Public Limited,Online Securities Pvt. Ltd.,2026-04-13 11:48:35.967522,Upper Tamakoshi Hydropower Ltd
2026041304004821,UPPER,48,58,93,215.0,19995.0,2026-04-13,186130666,2792,Trishakti Securities Public Limited,Naasa Securities Co. Ltd.,2026-04-13 11:48:35.967946,Upper Tamakoshi Hydropower Ltd
2026041304004828,UPPER,94,58,507,215.0,109005.0,2026-04-13,186130734,2792,K.B.L. Securities Limited ,Naasa Securities Co. Ltd.,2026-04-13 11:48:41.164191,Upper Tamakoshi Hydropower Ltd
2026041304004829,UPPER,13,58,100,215.0,21500.0,2026-04-13,186130760,2792,Thrive Brokerage House Pvt. Ltd,Naasa Securities Co. Ltd.,2026-04-13 11:48:42.590605,Upper Tamakoshi Hydropower Ltd
2026041304004834,UPPER,38,58,215,215.0,46225.0,2026-04-13,186130785,2792,Dipshikha Dhitopatra Karobar Co. Pvt Ltd.,Naasa Securities Co. Ltd.,2026-04-13 11:48:44.801594,Upper Tamakoshi Hydropower Ltd
2026041304004835,UPPER,38,58,10,215.0,2150.0,2026-04-13,186130787,2792,Dipshikha Dhitopatra Karobar Co. Pvt Ltd.,Naasa Securities Co. Ltd.,2026-04-13 11:48:44.802224,Upper Tamakoshi Hydropower Ltd
2026041304004927,UPPER,38,97,830,215.9,179197.0,2026-04-13,186131359,2792,Dipshikha Dhitopatra Karobar Co. Pvt Ltd.,R.B.B. Securities Company Ltd,2026-04-13 11:49:13.929444,Upper Tamakoshi Hydropower Ltd
2026041304004928,UPPER,38,16,500,215.9,107950.0,2026-04-13,186131361,2792,Dipshikha Dhitopatra Karobar Co. Pvt Ltd.,Primo Securities (PVT) Ltd.,2026-04-13 11:49:13.929743,Upper Tamakoshi Hydropower Ltd
2026041304004929,UPPER,38,57,200,215.9,43180.0,2026-04-13,186131363,2792,Dipshikha Dhitopatra Karobar Co. Pvt Ltd.,Aryatara Investment & Securities,2026-04-13 11:49:13.929883,Upper Tamakoshi Hydropower Ltd
2026041304004960,UPPER,42,11,10,216.0,2160.0,2026-04-13,186131600,2792,Sani Securities Company Ltd.,Malla & Malla Stock Broking Company Pvt. Limited,2026-04-13 11:49:30.899494,Upper Tamakoshi Hydropower Ltd
2026041304004989,UPPER,28,42,68,215.1,14626.8,2026-04-13,186131863,2792,Shree Krishna Securities Ltd.,Sani Securities Company Ltd.,2026-04-13 11:49:47.006456,Upper Tamakoshi Hydropower Ltd
2026041304005001,UPPER,20,11,286,216.0,61776.0,2026-04-13,186132017,2792,Sipla Securities Private Limited,Malla & Malla Stock Broking Company Pvt. Limited,2026-04-13 11:49:54.772528,Upper Tamakoshi Hydropower Ltd
2026041304005002,UPPER,20,57,604,216.0,130464.0,2026-04-13,186132019,2792,Sipla Securities Private Limited,Aryatara Investment & Securities,2026-04-13 11:49:54.773161,Upper Tamakoshi Hydropower Ltd
2026041304005003,UPPER,20,42,80,216.0,17280.0,2026-04-13,186132021,2792,Sipla Securities Private Limited,Sani Securities Company Ltd.,2026-04-13 11:49:54.773607,Upper Tamakoshi Hydropower Ltd
2026041304005004,UPPER,20,42,30,216.0,6480.0,2026-04-13,186132024,2792,Sipla Securities Private Limited,Sani Securities Company Ltd.,2026-04-13 11:49:54.774021,Upper Tamakoshi Hydropower Ltd
2026041304005022,UPPER,38,42,270,216.0,58320.0,2026-04-13,186132255,2792,Dipshikha Dhitopatra Karobar Co. Pvt Ltd.,Sani Securities Company Ltd.,2026-04-13 11:50:10.066142,Upper Tamakoshi Hydropower Ltd
2026041304005023,UPPER,38,20,100,216.0,21600.0,2026-04-13,186132257,2792,Dipshikha Dhitopatra Karobar Co. Pvt Ltd.,Sipla Securities Private Limited,2026-04-13 11:50:10.066464,Upper Tamakoshi Hydropower Ltd
2026041304005024,UPPER,38,58,25,216.0,5400.0,2026-04-13,186132259,2792,Dipshikha Dhitopatra Karobar Co. Pvt Ltd.,Naasa Securities Co. Ltd.,2026-04-13 11:50:10.066607,Upper Tamakoshi Hydropower Ltd
2026041304005025,UPPER,38,39,293,216.0,63288.0,2026-04-13,186132261,2792,Dipshikha Dhitopatra Karobar Co. Pvt Ltd.,Sumeru Securities Pvt. Ltd.,2026-04-13 11:50:10.066754,Upper Tamakoshi Hydropower Ltd
2026041304005026,UPPER,38,42,68,216.0,14688.0,2026-04-13,186132263,2792,Dipshikha Dhitopatra Karobar Co. Pvt Ltd.,Sani Securities Company Ltd.,2026-04-13 11:50:10.066896,Upper Tamakoshi Hydropower Ltd
2026041304005027,UPPER,38,28,100,216.0,21600.0,2026-04-13,186132265,2792,Dipshikha Dhitopatra Karobar Co. Pvt Ltd.,Shree Krishna Securities Ltd.,2026-04-13 11:50:10.067038,Upper Tamakoshi Hydropower Ltd
2026041304005028,UPPER,38,19,200,216.0,43200.0,2026-04-13,186132267,2792,Dipshikha Dhitopatra Karobar Co. Pvt Ltd.,Nepal Investment And Securities Trading Private Limited,2026-04-13 11:50:10.067197,Upper Tamakoshi Hydropower Ltd
2026041304005029,UPPER,38,35,50,216.0,10800.0,2026-04-13,186132269,2792,Dipshikha Dhitopatra Karobar Co. Pvt Ltd.,Kohinoor Investment & Securities Pvt. Ltd.,2026-04-13 11:50:10.067344,Upper Tamakoshi Hydropower Ltd
2026041304005030,UPPER,38,22,15,216.0,3240.0,2026-04-13,186132271,2792,Dipshikha Dhitopatra Karobar Co. Pvt Ltd.,Siprabi Securities Pvt. Ltd.,2026-04-13 11:50:10.067482,Upper Tamakoshi Hydropower Ltd
2026041304005031,UPPER,38,21,191,216.0,41256.0,2026-04-13,186132273,2792,Dipshikha Dhitopatra Karobar Co. Pvt Ltd.,Midas Stock Broking Company Private Limited,2026-04-13 11:50:10.067617,Upper Tamakoshi Hydropower Ltd
2026041304005032,UPPER,38,44,688,216.0,148608.0,2026-04-13,186132276,2792,Dipshikha Dhitopatra Karobar Co. Pvt Ltd.,Dynamic Money Managers Securities Pvt. Ltd.,2026-04-13 11:50:10.067755,Upper Tamakoshi Hydropower Ltd
2026041304005041,UPPER,20,44,562,216.0,121392.0,2026-04-13,186132319,2792,Sipla Securities Private Limited,Dynamic Money Managers Securities Pvt. Ltd.,2026-04-13 11:50:12.128663,Upper Tamakoshi Hydropower Ltd
2026041304005042,UPPER,20,11,50,216.0,10800.0,2026-04-13,186132321,2792,Sipla Securities Private Limited,Malla & Malla Stock Broking Company Pvt. Limited,2026-04-13 11:50:12.129347,Upper Tamakoshi Hydropower Ltd
2026041304005043,UPPER,20,42,50,216.0,10800.0,2026-04-13,186132323,2792,Sipla Securities Private Limited,Sani Securities Company Ltd.,2026-04-13 11:50:12.129816,Upper Tamakoshi Hydropower Ltd
2026041304005044,UPPER,20,81,100,216.0,21600.0,2026-04-13,186132325,2792,Sipla Securities Private Limited,Aakashbhairab Securities Ltd.,2026-04-13 11:50:12.130385,Upper Tamakoshi Hydropower Ltd
2026041304005045,UPPER,20,18,1990,216.0,429840.0,2026-04-13,186132328,2792,Sipla Securities Private Limited,Sagarmatha Securities Private Limited,2026-04-13 11:50:12.131019,Upper Tamakoshi Hydropower Ltd
2026041304005058,UPPER,49,18,1610,216.0,347760.0,2026-04-13,186132521,2792,Online Securities Pvt. Ltd.,Sagarmatha Securities Private Limited,2026-04-13 11:50:20.295499,Upper Tamakoshi Hydropower Ltd
2026041304005059,UPPER,49,19,118,216.0,25488.0,2026-04-13,186132523,2792,Online Securities Pvt. Ltd.,Nepal Investment And Securities Trading Private Limited,2026-04-13 11:50:20.295820,Upper Tamakoshi Hydropower Ltd
2026041304005060,UPPER,49,49,80,216.0,17280.0,2026-04-13,186132583,2792,Online Securities Pvt. Ltd.,Online Securities Pvt. Ltd.,2026-04-13 11:50:23.655712,Upper Tamakoshi Hydropower Ltd
2026041304005192,UPPER,49,22,150,216.0,32400.0,2026-04-13,186133595,2792,Online Securities Pvt. Ltd.,Siprabi Securities Pvt. Ltd.,2026-04-13 11:51:30.878690,Upper Tamakoshi Hydropower Ltd
2026041304005196,UPPER,49,34,10,216.0,2160.0,2026-04-13,186133631,2792,Online Securities Pvt. Ltd.,Vision Securities Pvt. Ltd,2026-04-13 11:51:36.760780,Upper Tamakoshi Hydropower Ltd
2026041304005213,UPPER,57,4,40,216.1,8644.0,2026-04-13,186133890,2792,Aryatara Investment & Securities,Opal Securities Investment (PVT) Ltd.,2026-04-13 11:51:58.643498,Upper Tamakoshi Hydropower Ltd
2026041304005221,UPPER,49,45,300,216.0,64800.0,2026-04-13,186133977,2792,Online Securities Pvt. Ltd.,Imperial Securities Company Pvt. Ltd.,2026-04-13 11:52:04.751152,Upper Tamakoshi Hydropower Ltd
2026041304005227,UPPER,49,44,10,216.0,2160.0,2026-04-13,186134017,2792,Online Securities Pvt. Ltd.,Dynamic Money Managers Securities Pvt. Ltd.,2026-04-13 11:52:07.662011,Upper Tamakoshi Hydropower Ltd
2026041304005230,UPPER,49,42,550,216.0,118800.0,2026-04-13,186134051,2792,Online Securities Pvt. Ltd.,Sani Securities Company Ltd.,2026-04-13 11:52:09.890512,Upper Tamakoshi Hydropower Ltd
2026041304005257,UPPER,49,45,1000,216.0,216000.0,2026-04-13,186134315,2792,Online Securities Pvt. Ltd.,Imperial Securities Company Pvt. Ltd.,2026-04-13 11:52:30.229228,Upper Tamakoshi Hydropower Ltd
2026041304005280,UPPER,49,6,1000,216.0,216000.0,2026-04-13,186134481,2792,Online Securities Pvt. Ltd.,Agrawal Securities (PVT) Ltd.,2026-04-13 11:52:43.933602,Upper Tamakoshi Hydropower Ltd
2026041304005281,UPPER,49,38,20,216.0,4320.0,2026-04-13,186134485,2792,Online Securities Pvt. Ltd.,Dipshikha Dhitopatra Karobar Co. Pvt Ltd.,2026-04-13 11:52:44.273894,Upper Tamakoshi Hydropower Ltd
2026041304005286,UPPER,42,4,25,216.1,5402.5,2026-04-13,186134528,2792,Sani Securities Company Ltd.,Opal Securities Investment (PVT) Ltd.,2026-04-13 11:52:48.962093,Upper Tamakoshi Hydropower Ltd
2026041304005336,UPPER,49,45,100,216.0,21600.0,2026-04-13,186134833,2792,Online Securities Pvt. Ltd.,Imperial Securities Company Pvt. Ltd.,2026-04-13 11:53:11.123183,Upper Tamakoshi Hydropower Ltd
2026041304005375,UPPER,49,17,20,216.1,4322.0,2026-04-13,186135129,2792,Online Securities Pvt. Ltd.,ABC Securities Private Limited,2026-04-13 11:53:32.646221,Upper Tamakoshi Hydropower Ltd
2026041304005376,UPPER,49,58,32,216.3,6921.6,2026-04-13,186135132,2792,Online Securities Pvt. Ltd.,Naasa Securities Co. Ltd.,2026-04-13 11:53:32.646577,Upper Tamakoshi Hydropower Ltd
2026041304005393,UPPER,57,58,48,216.3,10382.4,2026-04-13,186135277,2792,Aryatara Investment & Securities,Naasa Securities Co. Ltd.,2026-04-13 11:53:45.290954,Upper Tamakoshi Hydropower Ltd
2026041304005394,UPPER,57,13,452,216.3,97767.6,2026-04-13,186135280,2792,Aryatara Investment & Securities,Thrive Brokerage House Pvt. Ltd,2026-04-13 11:53:45.291641,Upper Tamakoshi Hydropower Ltd
2026041304005397,UPPER,42,13,48,216.3,10382.4,2026-04-13,186135293,2792,Sani Securities Company Ltd.,Thrive Brokerage House Pvt. Ltd,2026-04-13 11:53:46.935062,Upper Tamakoshi Hydropower Ltd
2026041304005398,UPPER,42,85,52,216.3,11247.6,2026-04-13,186135296,2792,Sani Securities Company Ltd.,Capital Hub P. Ltd,2026-04-13 11:53:46.935428,Upper Tamakoshi Hydropower Ltd
2026041304005403,UPPER,21,6,75,215.4,16155.0,2026-04-13,186135389,2792,Midas Stock Broking Company Private Limited,Agrawal Securities (PVT) Ltd.,2026-04-13 11:53:55.291551,Upper Tamakoshi Hydropower Ltd
2026041304005418,UPPER,35,85,48,216.3,10382.4,2026-04-13,186135483,2792,Kohinoor Investment & Securities Pvt. Ltd.,Capital Hub P. Ltd,2026-04-13 11:54:05.575518,Upper Tamakoshi Hydropower Ltd
2026041304005549,UPPER,42,6,10,216.0,2160.0,2026-04-13,186136792,2792,Sani Securities Company Ltd.,Agrawal Securities (PVT) Ltd.,2026-04-13 11:55:40.509389,Upper Tamakoshi Hydropower Ltd
2026041304005556,UPPER,35,6,50,216.0,10800.0,2026-04-13,186136826,2792,Kohinoor Investment & Securities Pvt. Ltd.,Agrawal Securities (PVT) Ltd.,2026-04-13 11:55:45.592770,Upper Tamakoshi Hydropower Ltd
2026041304005622,UPPER,1,38,30,215.5,6465.0,2026-04-13,186137299,2792,Kumari Securities Private Limited,Dipshikha Dhitopatra Karobar Co. Pvt Ltd.,2026-04-13 11:56:13.594514,Upper Tamakoshi Hydropower Ltd
2026041304005639,UPPER,1,49,300,215.5,64650.0,2026-04-13,186137435,2792,Kumari Securities Private Limited,Online Securities Pvt. Ltd.,2026-04-13 11:56:21.367374,Upper Tamakoshi Hydropower Ltd
2026041304005678,UPPER,1,5,1500,215.5,323250.0,2026-04-13,186137805,2792,Kumari Securities Private Limited,Market Securities & Exchange (PVT) Ltd.,2026-04-13 11:56:47.929766,Upper Tamakoshi Hydropower Ltd
2026041304005679,UPPER,1,42,170,215.5,36635.0,2026-04-13,186137822,2792,Kumari Securities Private Limited,Sani Securities Company Ltd.,2026-04-13 11:56:50.154775,Upper Tamakoshi Hydropower Ltd
2026041304005680,UPPER,44,42,100,215.5,21550.0,2026-04-13,186137824,2792,Dynamic Money Managers Securities Pvt. Ltd.,Sani Securities Company Ltd.,2026-04-13 11:56:50.155107,Upper Tamakoshi Hydropower Ltd
2026041304005716,UPPER,35,42,147,215.4,31663.8,2026-04-13,186138060,2792,Kohinoor Investment & Securities Pvt. Ltd.,Sani Securities Company Ltd.,2026-04-13 11:57:04.130192,Upper Tamakoshi Hydropower Ltd
2026041304005735,UPPER,28,32,435,215.1,93568.5,2026-04-13,186138152,2792,Shree Krishna Securities Ltd.,Premier Securities Company Ltd.,2026-04-13 11:57:07.926173,Upper Tamakoshi Hydropower Ltd
2026041304005736,UPPER,45,32,20,215.0,4300.0,2026-04-13,186138154,2792,Imperial Securities Company Pvt. Ltd.,Premier Securities Company Ltd.,2026-04-13 11:57:07.926222,Upper Tamakoshi Hydropower Ltd
2026041304005737,UPPER,42,32,13,215.0,2795.0,2026-04-13,186138156,2792,Sani Securities Company Ltd.,Premier Securities Company Ltd.,2026-04-13 11:57:07.926247,Upper Tamakoshi Hydropower Ltd
2026041304005738,UPPER,14,32,500,215.0,107500.0,2026-04-13,186138158,2792,Nepal Stock House (PVT) Ltd.,Premier Securities Company Ltd.,2026-04-13 11:57:07.926270,Upper Tamakoshi Hydropower Ltd
2026041304005739,UPPER,49,32,973,214.7,208903.1,2026-04-13,186138160,2792,Online Securities Pvt. Ltd.,Premier Securities Company Ltd.,2026-04-13 11:57:07.926293,Upper Tamakoshi Hydropower Ltd
2026041304005740,UPPER,36,32,40,214.0,8560.0,2026-04-13,186138162,2792,Secured Securities Ltd.,Premier Securities Company Ltd.,2026-04-13 11:57:07.926324,Upper Tamakoshi Hydropower Ltd
2026041304005741,UPPER,51,32,200,214.0,42800.0,2026-04-13,186138164,2792,Oxford Securities Pvt. Ltd.,Premier Securities Company Ltd.,2026-04-13 11:57:07.926349,Upper Tamakoshi Hydropower Ltd
2026041304005742,UPPER,58,32,62,214.0,13268.0,2026-04-13,186138166,2792,Naasa Securities Co. Ltd.,Premier Securities Company Ltd.,2026-04-13 11:57:07.926415,Upper Tamakoshi Hydropower Ltd
2026041304005743,UPPER,4,32,295,214.0,63130.0,2026-04-13,186138168,2792,Opal Securities Investment (PVT) Ltd.,Premier Securities Company Ltd.,2026-04-13 11:57:07.926470,Upper Tamakoshi Hydropower Ltd
2026041304005744,UPPER,51,32,244,214.0,52216.0,2026-04-13,186138170,2792,Oxford Securities Pvt. Ltd.,Premier Securities Company Ltd.,2026-04-13 11:57:07.926498,Upper Tamakoshi Hydropower Ltd
2026041304005745,UPPER,34,32,40,214.0,8560.0,2026-04-13,186138172,2792,Vision Securities Pvt. Ltd,Premier Securities Company Ltd.,2026-04-13 11:57:07.926519,Upper Tamakoshi Hydropower Ltd
2026041304005746,UPPER,26,32,78,214.0,16692.0,2026-04-13,186138173,2792,Asian Securities Private Ltd.,Premier Securities Company Ltd.,2026-04-13 11:57:07.926542,Upper Tamakoshi Hydropower Ltd
2026041304005882,UPPER,38,33,200,214.1,42820.0,2026-04-13,186139073,2792,Dipshikha Dhitopatra Karobar Co. Pvt Ltd.,Dakshinkali Investment & Securities Pvt. Ltd.,2026-04-13 11:58:21.142637,Upper Tamakoshi Hydropower Ltd
2026041304006026,UPPER,74,42,15,215.5,3232.5,2026-04-13,186139944,2792,KALASH STOCK MARKET PVT. LTD.,Sani Securities Company Ltd.,2026-04-13 11:59:28.259746,Upper Tamakoshi Hydropower Ltd
2026041304006046,UPPER,22,34,300,214.5,64350.0,2026-04-13,186140042,2792,Siprabi Securities Pvt. Ltd.,Vision Securities Pvt. Ltd,2026-04-13 11:59:36.260804,Upper Tamakoshi Hydropower Ltd
2026041304006047,UPPER,38,34,45,214.1,9634.5,2026-04-13,186140044,2792,Dipshikha Dhitopatra Karobar Co. Pvt Ltd.,Vision Securities Pvt. Ltd,2026-04-13 11:59:36.261599,Upper Tamakoshi Hydropower Ltd
2026041304006048,UPPER,34,34,100,214.1,21410.0,2026-04-13,186140046,2792,Vision Securities Pvt. Ltd,Vision Securities Pvt. Ltd,2026-04-13 11:59:36.262128,Upper Tamakoshi Hydropower Ltd
2026041304006049,UPPER,26,34,922,214.0,197308.0,2026-04-13,186140048,2792,Asian Securities Private Ltd.,Vision Securities Pvt. Ltd,2026-04-13 11:59:36.262684,Upper Tamakoshi Hydropower Ltd
2026041304006050,UPPER,58,34,133,214.0,28462.0,2026-04-13,186140049,2792,Naasa Securities Co. Ltd.,Vision Securities Pvt. Ltd,2026-04-13 11:59:36.263207,Upper Tamakoshi Hydropower Ltd
2026041304006587,UPPER,4,54,15,215.0,3225.0,2026-04-13,186142170,2792,Opal Securities Investment (PVT) Ltd.,Sewa Securities Pvt. Ltd.,2026-04-13 12:01:57.508069,Upper Tamakoshi Hydropower Ltd
2026041304006649,UPPER,58,54,10,215.0,2150.0,2026-04-13,186142422,2792,Naasa Securities Co. Ltd.,Sewa Securities Pvt. Ltd.,2026-04-13 12:02:21.561618,Upper Tamakoshi Hydropower Ltd
2026041304006844,UPPER,14,54,15,215.0,3225.0,2026-04-13,186143473,2792,Nepal Stock House (PVT) Ltd.,Sewa Securities Pvt. Ltd.,2026-04-13 12:03:53.641785,Upper Tamakoshi Hydropower Ltd
2026041304006845,UPPER,14,57,253,215.0,54395.0,2026-04-13,186143476,2792,Nepal Stock House (PVT) Ltd.,Aryatara Investment & Securities,2026-04-13 12:03:53.642634,Upper Tamakoshi Hydropower Ltd
2026041304006871,UPPER,16,59,200,214.8,42960.0,2026-04-13,186143667,2792,Primo Securities (PVT) Ltd.,Deevyaa Securities & Stock House Pvt. Ltd,2026-04-13 12:04:15.512156,Upper Tamakoshi Hydropower Ltd
2026041304007036,UPPER,16,58,34,214.6,7296.4,2026-04-13,186144569,2792,Primo Securities (PVT) Ltd.,Naasa Securities Co. Ltd.,2026-04-13 12:05:31.305096,Upper Tamakoshi Hydropower Ltd
2026041304007099,UPPER,16,58,10,214.6,2146.0,2026-04-13,186145003,2792,Primo Securities (PVT) Ltd.,Naasa Securities Co. Ltd.,2026-04-13 12:06:16.425987,Upper Tamakoshi Hydropower Ltd
2026041304007122,UPPER,13,49,40,214.7,8588.0,2026-04-13,186145120,2792,Thrive Brokerage House Pvt. Ltd,Online Securities Pvt. Ltd.,2026-04-13 12:06:24.969470,Upper Tamakoshi Hydropower Ltd
2026041304007186,UPPER,16,39,20,214.6,4292.0,2026-04-13,186145637,2792,Primo Securities (PVT) Ltd.,Sumeru Securities Pvt. Ltd.,2026-04-13 12:06:58.417704,Upper Tamakoshi Hydropower Ltd
2026041304007189,UPPER,16,49,100,214.7,21470.0,2026-04-13,186145660,2792,Primo Securities (PVT) Ltd.,Online Securities Pvt. Ltd.,2026-04-13 12:07:00.866931,Upper Tamakoshi Hydropower Ltd
2026041304007297,UPPER,58,49,360,214.7,77292.0,2026-04-13,186146626,2792,Naasa Securities Co. Ltd.,Online Securities Pvt. Ltd.,2026-04-13 12:08:09.447323,Upper Tamakoshi Hydropower Ltd
2026041304007348,UPPER,68,49,100,214.9,21490.0,2026-04-13,186146847,2792,Elite Stock House Limited,Online Securities Pvt. Ltd.,2026-04-13 12:08:30.032165,Upper Tamakoshi Hydropower Ltd
2026041304007349,UPPER,68,57,100,215.0,21500.0,2026-04-13,186146850,2792,Elite Stock House Limited,Aryatara Investment & Securities,2026-04-13 12:08:30.032637,Upper Tamakoshi Hydropower Ltd
2026041304007357,UPPER,58,57,1147,215.0,246605.0,2026-04-13,186146939,2792,Naasa Securities Co. Ltd.,Aryatara Investment & Securities,2026-04-13 12:08:39.776698,Upper Tamakoshi Hydropower Ltd
2026041304007358,UPPER,58,7,44,215.0,9460.0,2026-04-13,186146941,2792,Naasa Securities Co. Ltd.,J.F. Securites (PVT) Ltd.,2026-04-13 12:08:39.776802,Upper Tamakoshi Hydropower Ltd
2026041304007359,UPPER,58,22,25,215.0,5375.0,2026-04-13,186146943,2792,Naasa Securities Co. Ltd.,Siprabi Securities Pvt. Ltd.,2026-04-13 12:08:39.776894,Upper Tamakoshi Hydropower Ltd
2026041304007360,UPPER,58,6,100,215.0,21500.0,2026-04-13,186146945,2792,Naasa Securities Co. Ltd.,Agrawal Securities (PVT) Ltd.,2026-04-13 12:08:39.776961,Upper Tamakoshi Hydropower Ltd
2026041304007361,UPPER,58,22,300,215.0,64500.0,2026-04-13,186146947,2792,Naasa Securities Co. Ltd.,Siprabi Securities Pvt. Ltd.,2026-04-13 12:08:39.777034,Upper Tamakoshi Hydropower Ltd
2026041304007362,UPPER,58,38,20,215.0,4300.0,2026-04-13,186146949,2792,Naasa Securities Co. Ltd.,Dipshikha Dhitopatra Karobar Co. Pvt Ltd.,2026-04-13 12:08:39.777109,Upper Tamakoshi Hydropower Ltd
2026041304007363,UPPER,58,29,80,215.0,17200.0,2026-04-13,186146951,2792,Naasa Securities Co. Ltd.,Trisul Securities & Invt. Ltd.,2026-04-13 12:08:39.777174,Upper Tamakoshi Hydropower Ltd
2026041304007364,UPPER,58,4,82,215.4,17662.8,2026-04-13,186146953,2792,Naasa Securities Co. Ltd.,Opal Securities Investment (PVT) Ltd.,2026-04-13 12:08:39.777250,Upper Tamakoshi Hydropower Ltd
2026041304007365,UPPER,58,47,38,215.6,8192.8,2026-04-13,186146956,2792,Naasa Securities Co. Ltd.,Neev Securities Pvt. Ltd.,2026-04-13 12:08:39.777380,Upper Tamakoshi Hydropower Ltd
2026041304007523,UPPER,84,58,18,215.0,3870.0,2026-04-13,186148104,2792,MILKY WAY SHARE BROKER COMPANY LTD ,Naasa Securities Co. Ltd.,2026-04-13 12:10:17.271748,Upper Tamakoshi Hydropower Ltd
2026041304007524,UPPER,22,58,34,215.0,7310.0,2026-04-13,186148105,2792,Siprabi Securities Pvt. Ltd.,Naasa Securities Co. Ltd.,2026-04-13 12:10:17.272166,Upper Tamakoshi Hydropower Ltd
2026041304007529,UPPER,41,47,70,215.6,15092.0,2026-04-13,186148144,2792,Linch Stock Market Ltd.,Neev Securities Pvt. Ltd.,2026-04-13 12:10:20.139102,Upper Tamakoshi Hydropower Ltd
2026041304007533,UPPER,45,47,22,215.6,4743.2,2026-04-13,186148168,2792,Imperial Securities Company Pvt. Ltd.,Neev Securities Pvt. Ltd.,2026-04-13 12:10:22.652934,Upper Tamakoshi Hydropower Ltd
2026041304007594,UPPER,58,47,87,215.6,18757.2,2026-04-13,186148384,2792,Naasa Securities Co. Ltd.,Neev Securities Pvt. Ltd.,2026-04-13 12:10:35.155657,Upper Tamakoshi Hydropower Ltd
2026041304007635,UPPER,22,58,68,215.0,14620.0,2026-04-13,186148748,2792,Siprabi Securities Pvt. Ltd.,Naasa Securities Co. Ltd.,2026-04-13 12:11:06.051429,Upper Tamakoshi Hydropower Ltd
2026041304007636,UPPER,29,58,126,215.0,27090.0,2026-04-13,186148749,2792,Trisul Securities & Invt. Ltd.,Naasa Securities Co. Ltd.,2026-04-13 12:11:06.052256,Upper Tamakoshi Hydropower Ltd
2026041304007680,UPPER,29,32,274,215.0,58910.0,2026-04-13,186149016,2792,Trisul Securities & Invt. Ltd.,Premier Securities Company Ltd.,2026-04-13 12:11:24.685746,Upper Tamakoshi Hydropower Ltd
2026041304007681,UPPER,36,32,150,215.0,32250.0,2026-04-13,186149017,2792,Secured Securities Ltd.,Premier Securities Company Ltd.,2026-04-13 12:11:24.685845,Upper Tamakoshi Hydropower Ltd
2026041304007731,UPPER,58,29,100,215.0,21500.0,2026-04-13,186149470,2792,Naasa Securities Co. Ltd.,Trisul Securities & Invt. Ltd.,2026-04-13 12:12:12.034019,Upper Tamakoshi Hydropower Ltd
2026041304007764,UPPER,58,29,33,215.0,7095.0,2026-04-13,186149662,2792,Naasa Securities Co. Ltd.,Trisul Securities & Invt. Ltd.,2026-04-13 12:12:21.315738,Upper Tamakoshi Hydropower Ltd
2026041304007765,UPPER,26,29,200,215.0,43000.0,2026-04-13,186149680,2792,Asian Securities Private Ltd.,Trisul Securities & Invt. Ltd.,2026-04-13 12:12:22.645258,Upper Tamakoshi Hydropower Ltd
2026041304007768,UPPER,58,29,15,215.0,3225.0,2026-04-13,186149698,2792,Naasa Securities Co. Ltd.,Trisul Securities & Invt. Ltd.,2026-04-13 12:12:24.204721,Upper Tamakoshi Hydropower Ltd
2026041304007782,UPPER,38,29,652,215.0,140180.0,2026-04-13,186149763,2792,Dipshikha Dhitopatra Karobar Co. Pvt Ltd.,Trisul Securities & Invt. Ltd.,2026-04-13 12:12:30.885234,Upper Tamakoshi Hydropower Ltd
2026041304007783,UPPER,38,34,348,215.0,74820.0,2026-04-13,186149766,2792,Dipshikha Dhitopatra Karobar Co. Pvt Ltd.,Vision Securities Pvt. Ltd,2026-04-13 12:12:30.886240,Upper Tamakoshi Hydropower Ltd
2026041304007834,UPPER,49,34,20,215.0,4300.0,2026-04-13,186149958,2792,Online Securities Pvt. Ltd.,Vision Securities Pvt. Ltd,2026-04-13 12:12:43.257334,Upper Tamakoshi Hydropower Ltd
2026041304007842,UPPER,33,54,40,214.7,8588.0,2026-04-13,186149987,2792,Dakshinkali Investment & Securities Pvt. Ltd.,Sewa Securities Pvt. Ltd.,2026-04-13 12:12:45.672348,Upper Tamakoshi Hydropower Ltd
2026041304007882,UPPER,33,58,10,214.7,2147.0,2026-04-13,186150285,2792,Dakshinkali Investment & Securities Pvt. Ltd.,Naasa Securities Co. Ltd.,2026-04-13 12:13:13.635148,Upper Tamakoshi Hydropower Ltd
2026041304007943,UPPER,46,34,10,215.0,2150.0,2026-04-13,186150606,2792,Kalika Securities Pvt. Ltd.,Vision Securities Pvt. Ltd,2026-04-13 12:13:39.167845,Upper Tamakoshi Hydropower Ltd
2026041304007964,UPPER,33,14,50,214.7,10735.0,2026-04-13,186150749,2792,Dakshinkali Investment & Securities Pvt. Ltd.,Nepal Stock House (PVT) Ltd.,2026-04-13 12:13:54.945097,Upper Tamakoshi Hydropower Ltd
2026041304008023,UPPER,58,34,50,215.0,10750.0,2026-04-13,186151012,2792,Naasa Securities Co. Ltd.,Vision Securities Pvt. Ltd,2026-04-13 12:14:12.980816,Upper Tamakoshi Hydropower Ltd
2026041304008096,UPPER,8,34,11,215.0,2365.0,2026-04-13,186151316,2792,Brilliant Securities Pvt. Ltd.,Vision Securities Pvt. Ltd,2026-04-13 12:14:44.481860,Upper Tamakoshi Hydropower Ltd
2026041304008185,UPPER,74,34,19,215.0,4085.0,2026-04-13,186151878,2792,KALASH STOCK MARKET PVT. LTD.,Vision Securities Pvt. Ltd,2026-04-13 12:15:37.469034,Upper Tamakoshi Hydropower Ltd
2026041304008332,UPPER,58,34,1124,215.0,241660.0,2026-04-13,186152449,2792,Naasa Securities Co. Ltd.,Vision Securities Pvt. Ltd,2026-04-13 12:16:06.324111,Upper Tamakoshi Hydropower Ltd
2026041304008333,UPPER,58,58,420,215.0,90300.0,2026-04-13,186152451,2792,Naasa Securities Co. Ltd.,Naasa Securities Co. Ltd.,2026-04-13 12:16:06.324216,Upper Tamakoshi Hydropower Ltd
2026041304008334,UPPER,58,34,80,215.0,17200.0,2026-04-13,186152453,2792,Naasa Securities Co. Ltd.,Vision Securities Pvt. Ltd,2026-04-13 12:16:06.324284,Upper Tamakoshi Hydropower Ltd
2026041304008335,UPPER,58,44,1000,215.0,215000.0,2026-04-13,186152455,2792,Naasa Securities Co. Ltd.,Dynamic Money Managers Securities Pvt. Ltd.,2026-04-13 12:16:06.324378,Upper Tamakoshi Hydropower Ltd
2026041304008336,UPPER,58,8,376,215.0,80840.0,2026-04-13,186152458,2792,Naasa Securities Co. Ltd.,Brilliant Securities Pvt. Ltd.,2026-04-13 12:16:06.324450,Upper Tamakoshi Hydropower Ltd
2026041304008343,UPPER,33,14,50,214.7,10735.0,2026-04-13,186152489,2792,Dakshinkali Investment & Securities Pvt. Ltd.,Nepal Stock House (PVT) Ltd.,2026-04-13 12:16:10.103104,Upper Tamakoshi Hydropower Ltd
2026041304008391,UPPER,33,43,850,214.7,182495.0,2026-04-13,186152726,2792,Dakshinkali Investment & Securities Pvt. Ltd.,South Asian Bulls Pvt. Ltd.,2026-04-13 12:16:31.172094,Upper Tamakoshi Hydropower Ltd
2026041304008392,UPPER,16,43,136,214.6,29185.6,2026-04-13,186152728,2792,Primo Securities (PVT) Ltd.,South Asian Bulls Pvt. Ltd.,2026-04-13 12:16:31.172582,Upper Tamakoshi Hydropower Ltd
2026041304008393,UPPER,8,43,14,214.2,2998.8,2026-04-13,186152729,2792,Brilliant Securities Pvt. Ltd.,South Asian Bulls Pvt. Ltd.,2026-04-13 12:16:31.172794,Upper Tamakoshi Hydropower Ltd
2026041304008429,UPPER,8,57,10,214.2,2142.0,2026-04-13,186152877,2792,Brilliant Securities Pvt. Ltd.,Aryatara Investment & Securities,2026-04-13 12:16:43.339774,Upper Tamakoshi Hydropower Ltd
2026041304008674,UPPER,42,8,24,215.0,5160.0,2026-04-13,186153957,2792,Sani Securities Company Ltd.,Brilliant Securities Pvt. Ltd.,2026-04-13 12:18:06.009988,Upper Tamakoshi Hydropower Ltd
2026041304008675,UPPER,42,42,92,215.0,19780.0,2026-04-13,186153960,2792,Sani Securities Company Ltd.,Sani Securities Company Ltd.,2026-04-13 12:18:06.010911,Upper Tamakoshi Hydropower Ltd
2026041304008750,UPPER,8,49,100,214.2,21420.0,2026-04-13,186154365,2792,Brilliant Securities Pvt. Ltd.,Online Securities Pvt. Ltd.,2026-04-13 12:18:44.740005,Upper Tamakoshi Hydropower Ltd
2026041304009009,UPPER,58,42,13,215.0,2795.0,2026-04-13,186155322,2792,Naasa Securities Co. Ltd.,Sani Securities Company Ltd.,2026-04-13 12:19:39.022526,Upper Tamakoshi Hydropower Ltd
2026041304009340,UPPER,21,58,10,214.3,2143.0,2026-04-13,186157091,2792,Midas Stock Broking Company Private Limited,Naasa Securities Co. Ltd.,2026-04-13 12:22:14.777271,Upper Tamakoshi Hydropower Ltd
2026041304009360,UPPER,21,36,330,214.3,70719.0,2026-04-13,186157217,2792,Midas Stock Broking Company Private Limited,Secured Securities Ltd.,2026-04-13 12:22:27.479113,Upper Tamakoshi Hydropower Ltd
2026041304009409,UPPER,58,57,100,214.8,21480.0,2026-04-13,186157528,2792,Naasa Securities Co. Ltd.,Aryatara Investment & Securities,2026-04-13 12:22:53.869372,Upper Tamakoshi Hydropower Ltd
2026041304009465,UPPER,57,45,18,214.4,3859.2,2026-04-13,186157846,2792,Aryatara Investment & Securities,Imperial Securities Company Pvt. Ltd.,2026-04-13 12:23:22.199627,Upper Tamakoshi Hydropower Ltd
2026041304009466,UPPER,21,45,282,214.3,60432.6,2026-04-13,186157847,2792,Midas Stock Broking Company Private Limited,Imperial Securities Company Pvt. Ltd.,2026-04-13 12:23:22.200564,Upper Tamakoshi Hydropower Ltd
2026041304009477,UPPER,22,57,10,214.8,2148.0,2026-04-13,186157918,2792,Siprabi Securities Pvt. Ltd.,Aryatara Investment & Securities,2026-04-13 12:23:29.173781,Upper Tamakoshi Hydropower Ltd
2026041304009619,UPPER,21,5,70,214.7,15029.0,2026-04-13,186158638,2792,Midas Stock Broking Company Private Limited,Market Securities & Exchange (PVT) Ltd.,2026-04-13 12:24:28.964042,Upper Tamakoshi Hydropower Ltd
2026041304009704,UPPER,58,58,4,214.1,856.4,2026-04-13,186159097,2792,Naasa Securities Co. Ltd.,Naasa Securities Co. Ltd.,2026-04-13 12:25:09.062662,Upper Tamakoshi Hydropower Ltd
2026041304009729,UPPER,21,54,34,214.3,7286.2,2026-04-13,186159207,2792,Midas Stock Broking Company Private Limited,Sewa Securities Pvt. Ltd.,2026-04-13 12:25:24.625211,Upper Tamakoshi Hydropower Ltd
2026041304009898,UPPER,21,38,44,214.3,9429.2,2026-04-13,186160158,2792,Midas Stock Broking Company Private Limited,Dipshikha Dhitopatra Karobar Co. Pvt Ltd.,2026-04-13 12:26:50.629930,Upper Tamakoshi Hydropower Ltd
2026041304009899,UPPER,8,38,42,214.2,8996.4,2026-04-13,186160160,2792,Brilliant Securities Pvt. Ltd.,Dipshikha Dhitopatra Karobar Co. Pvt Ltd.,2026-04-13 12:26:50.630063,Upper Tamakoshi Hydropower Ltd
2026041304009911,UPPER,42,42,8,214.0,1712.0,2026-04-13,186160245,2792,Sani Securities Company Ltd.,Sani Securities Company Ltd.,2026-04-13 12:26:57.656388,Upper Tamakoshi Hydropower Ltd
2026041304009932,UPPER,58,5,30,214.5,6435.0,2026-04-13,186160376,2792,Naasa Securities Co. Ltd.,Market Securities & Exchange (PVT) Ltd.,2026-04-13 12:27:11.109466,Upper Tamakoshi Hydropower Ltd
2026041304009969,UPPER,11,38,10,214.3,2143.0,2026-04-13,186160559,2792,Malla & Malla Stock Broking Company Pvt. Limited,Dipshikha Dhitopatra Karobar Co. Pvt Ltd.,2026-04-13 12:27:31.857848,Upper Tamakoshi Hydropower Ltd
2026041304010025,UPPER,89,57,20,214.8,4296.0,2026-04-13,186160956,2792,Global IME Securities Limited,Aryatara Investment & Securities,2026-04-13 12:28:00.600576,Upper Tamakoshi Hydropower Ltd
2026041304010029,UPPER,38,57,370,214.8,79476.0,2026-04-13,186160967,2792,Dipshikha Dhitopatra Karobar Co. Pvt Ltd.,Aryatara Investment & Securities,2026-04-13 12:28:01.741258,Upper Tamakoshi Hydropower Ltd
2026041304010030,UPPER,38,57,200,215.0,43000.0,2026-04-13,186160969,2792,Dipshikha Dhitopatra Karobar Co. Pvt Ltd.,Aryatara Investment & Securities,2026-04-13 12:28:01.742184,Upper Tamakoshi Hydropower Ltd
2026041304010031,UPPER,38,10,500,215.0,107500.0,2026-04-13,186160971,2792,Dipshikha Dhitopatra Karobar Co. Pvt Ltd.,Pragyan Securities (PVT) Ltd.,2026-04-13 12:28:01.742852,Upper Tamakoshi Hydropower Ltd
2026041304010032,UPPER,38,47,400,215.0,86000.0,2026-04-13,186160973,2792,Dipshikha Dhitopatra Karobar Co. Pvt Ltd.,Neev Securities Pvt. Ltd.,2026-04-13 12:28:01.743511,Upper Tamakoshi Hydropower Ltd
2026041304010033,UPPER,38,35,68,215.0,14620.0,2026-04-13,186160975,2792,Dipshikha Dhitopatra Karobar Co. Pvt Ltd.,Kohinoor Investment & Securities Pvt. Ltd.,2026-04-13 12:28:01.744151,Upper Tamakoshi Hydropower Ltd
2026041304010034,UPPER,38,42,450,215.0,96750.0,2026-04-13,186160977,2792,Dipshikha Dhitopatra Karobar Co. Pvt Ltd.,Sani Securities Company Ltd.,2026-04-13 12:28:01.744805,Upper Tamakoshi Hydropower Ltd
2026041304010035,UPPER,38,68,12,215.0,2580.0,2026-04-13,186160980,2792,Dipshikha Dhitopatra Karobar Co. Pvt Ltd.,Elite Stock House Limited,2026-04-13 12:28:01.745463,Upper Tamakoshi Hydropower Ltd
2026041304010087,UPPER,38,68,18,215.0,3870.0,2026-04-13,186161317,2792,Dipshikha Dhitopatra Karobar Co. Pvt Ltd.,Elite Stock House Limited,2026-04-13 12:28:26.120979,Upper Tamakoshi Hydropower Ltd
2026041304010088,UPPER,38,58,100,215.0,21500.0,2026-04-13,186161319,2792,Dipshikha Dhitopatra Karobar Co. Pvt Ltd.,Naasa Securities Co. Ltd.,2026-04-13 12:28:26.121914,Upper Tamakoshi Hydropower Ltd
2026041304010089,UPPER,38,51,882,215.0,189630.0,2026-04-13,186161322,2792,Dipshikha Dhitopatra Karobar Co. Pvt Ltd.,Oxford Securities Pvt. Ltd.,2026-04-13 12:28:26.122588,Upper Tamakoshi Hydropower Ltd
2026041304010200,UPPER,58,51,118,215.0,25370.0,2026-04-13,186161889,2792,Naasa Securities Co. Ltd.,Oxford Securities Pvt. Ltd.,2026-04-13 12:29:10.325709,Upper Tamakoshi Hydropower Ltd
2026041304010201,UPPER,58,1,78,215.0,16770.0,2026-04-13,186161891,2792,Naasa Securities Co. Ltd.,Kumari Securities Private Limited,2026-04-13 12:29:10.326203,Upper Tamakoshi Hydropower Ltd
2026041304010316,UPPER,58,25,11,214.8,2362.8,2026-04-13,186162548,2792,Naasa Securities Co. Ltd.,Sweta Securities Private Limited,2026-04-13 12:30:04.522706,Upper Tamakoshi Hydropower Ltd
2026041304010317,UPPER,11,25,19,214.3,4071.7,2026-04-13,186162549,2792,Malla & Malla Stock Broking Company Pvt. Limited,Sweta Securities Private Limited,2026-04-13 12:30:04.523235,Upper Tamakoshi Hydropower Ltd
2026041304010333,UPPER,11,5,10,214.3,2143.0,2026-04-13,186162666,2792,Malla & Malla Stock Broking Company Pvt. Limited,Market Securities & Exchange (PVT) Ltd.,2026-04-13 12:30:17.490727,Upper Tamakoshi Hydropower Ltd
2026041304010334,UPPER,8,5,399,214.2,85465.8,2026-04-13,186162668,2792,Brilliant Securities Pvt. Ltd.,Market Securities & Exchange (PVT) Ltd.,2026-04-13 12:30:17.491263,Upper Tamakoshi Hydropower Ltd
2026041304010335,UPPER,58,5,91,214.1,19483.1,2026-04-13,186162669,2792,Naasa Securities Co. Ltd.,Market Securities & Exchange (PVT) Ltd.,2026-04-13 12:30:17.491580,Upper Tamakoshi Hydropower Ltd
2026041304010408,UPPER,62,17,96,215.0,20640.0,2026-04-13,186163057,2792,Capital Max Securities Ltd,ABC Securities Private Limited,2026-04-13 12:30:49.341643,Upper Tamakoshi Hydropower Ltd
2026041304010409,UPPER,62,6,134,215.5,28877.0,2026-04-13,186163060,2792,Capital Max Securities Ltd,Agrawal Securities (PVT) Ltd.,2026-04-13 12:30:49.342100,Upper Tamakoshi Hydropower Ltd
2026041304010508,UPPER,26,40,100,215.0,21500.0,2026-04-13,186163739,2792,Asian Securities Private Ltd.,Creative Securities Pvt Ltd,2026-04-13 12:31:47.771548,Upper Tamakoshi Hydropower Ltd
2026041304010509,UPPER,16,32,30,214.2,6426.0,2026-04-13,186163754,2792,Primo Securities (PVT) Ltd.,Premier Securities Company Ltd.,2026-04-13 12:31:48.895719,Upper Tamakoshi Hydropower Ltd
2026041304010510,UPPER,21,32,70,214.2,14994.0,2026-04-13,186163755,2792,Midas Stock Broking Company Private Limited,Premier Securities Company Ltd.,2026-04-13 12:31:48.895819,Upper Tamakoshi Hydropower Ltd
2026041304010567,UPPER,45,50,100,215.0,21500.0,2026-04-13,186164129,2792,Imperial Securities Company Pvt. Ltd.,Cristal Kanchanjanga Securites Pvt. Ltd.,2026-04-13 12:32:25.444667,Upper Tamakoshi Hydropower Ltd
2026041304010651,UPPER,42,48,600,215.0,129000.0,2026-04-13,186164665,2792,Sani Securities Company Ltd.,Trishakti Securities Public Limited,2026-04-13 12:33:13.204916,Upper Tamakoshi Hydropower Ltd
2026041304010652,UPPER,42,49,10,215.0,2150.0,2026-04-13,186164667,2792,Sani Securities Company Ltd.,Online Securities Pvt. Ltd.,2026-04-13 12:33:13.205425,Upper Tamakoshi Hydropower Ltd
2026041304010653,UPPER,42,54,10,215.0,2150.0,2026-04-13,186164669,2792,Sani Securities Company Ltd.,Sewa Securities Pvt. Ltd.,2026-04-13 12:33:13.205692,Upper Tamakoshi Hydropower Ltd
2026041304010654,UPPER,42,71,100,215.0,21500.0,2026-04-13,186164671,2792,Sani Securities Company Ltd.,SHUBHAKAMANA SECURITIES PVT. LTD,2026-04-13 12:33:13.206082,Upper Tamakoshi Hydropower Ltd
2026041304010786,UPPER,42,38,935,215.0,201025.0,2026-04-13,186165372,2792,Sani Securities Company Ltd.,Dipshikha Dhitopatra Karobar Co. Pvt Ltd.,2026-04-13 12:34:12.157705,Upper Tamakoshi Hydropower Ltd
2026041304010787,UPPER,42,38,50,215.0,10750.0,2026-04-13,186165373,2792,Sani Securities Company Ltd.,Dipshikha Dhitopatra Karobar Co. Pvt Ltd.,2026-04-13 12:34:12.158267,Upper Tamakoshi Hydropower Ltd
2026041304010872,UPPER,35,32,295,214.6,63307.0,2026-04-13,186165764,2792,Kohinoor Investment & Securities Pvt. Ltd.,Premier Securities Company Ltd.,2026-04-13 12:34:48.640718,Upper Tamakoshi Hydropower Ltd
2026041304010873,UPPER,21,32,30,214.2,6426.0,2026-04-13,186165766,2792,Midas Stock Broking Company Private Limited,Premier Securities Company Ltd.,2026-04-13 12:34:48.640834,Upper Tamakoshi Hydropower Ltd
2026041304010874,UPPER,58,32,19,214.2,4069.8,2026-04-13,186165768,2792,Naasa Securities Co. Ltd.,Premier Securities Company Ltd.,2026-04-13 12:34:48.640924,Upper Tamakoshi Hydropower Ltd
2026041304010875,UPPER,58,32,641,214.1,137238.1,2026-04-13,186165769,2792,Naasa Securities Co. Ltd.,Premier Securities Company Ltd.,2026-04-13 12:34:48.641002,Upper Tamakoshi Hydropower Ltd
2026041304010929,UPPER,51,34,35,215.0,7525.0,2026-04-13,186166010,2792,Oxford Securities Pvt. Ltd.,Vision Securities Pvt. Ltd,2026-04-13 12:35:12.348136,Upper Tamakoshi Hydropower Ltd
2026041304011317,UPPER,58,17,10,214.9,2149.0,2026-04-13,186168687,2792,Naasa Securities Co. Ltd.,ABC Securities Private Limited,2026-04-13 12:39:18.636977,Upper Tamakoshi Hydropower Ltd
2026041304011418,UPPER,58,34,11,215.0,2365.0,2026-04-13,186169387,2792,Naasa Securities Co. Ltd.,Vision Securities Pvt. Ltd,2026-04-13 12:40:11.942184,Upper Tamakoshi Hydropower Ltd
2026041304011419,UPPER,58,33,44,215.0,9460.0,2026-04-13,186169390,2792,Naasa Securities Co. Ltd.,Dakshinkali Investment & Securities Pvt. Ltd.,2026-04-13 12:40:11.942682,Upper Tamakoshi Hydropower Ltd
2026041304011518,UPPER,49,33,13,215.0,2795.0,2026-04-13,186170025,2792,Online Securities Pvt. Ltd.,Dakshinkali Investment & Securities Pvt. Ltd.,2026-04-13 12:41:07.556928,Upper Tamakoshi Hydropower Ltd
2026041304011520,UPPER,57,74,97,215.0,20855.0,2026-04-13,186170047,2792,Aryatara Investment & Securities,KALASH STOCK MARKET PVT. LTD.,2026-04-13 12:41:09.647578,Upper Tamakoshi Hydropower Ltd
2026041304011521,UPPER,57,58,403,215.0,86645.0,2026-04-13,186170050,2792,Aryatara Investment & Securities,Naasa Securities Co. Ltd.,2026-04-13 12:41:09.648607,Upper Tamakoshi Hydropower Ltd
2026041304011904,UPPER,22,58,240,215.0,51600.0,2026-04-13,186172736,2792,Siprabi Securities Pvt. Ltd.,Naasa Securities Co. Ltd.,2026-04-13 12:44:45.906413,Upper Tamakoshi Hydropower Ltd
2026041304011950,UPPER,58,35,30,214.5,6435.0,2026-04-13,186173160,2792,Naasa Securities Co. Ltd.,Kohinoor Investment & Securities Pvt. Ltd.,2026-04-13 12:45:19.204756,Upper Tamakoshi Hydropower Ltd
2026041304011951,UPPER,42,35,38,214.5,8151.0,2026-04-13,186173161,2792,Sani Securities Company Ltd.,Kohinoor Investment & Securities Pvt. Ltd.,2026-04-13 12:45:19.205281,Upper Tamakoshi Hydropower Ltd
2026041304012031,UPPER,49,58,10,215.0,2150.0,2026-04-13,186173654,2792,Online Securities Pvt. Ltd.,Naasa Securities Co. Ltd.,2026-04-13 12:45:49.201778,Upper Tamakoshi Hydropower Ltd
2026041304012049,UPPER,42,58,68,214.5,14586.0,2026-04-13,186173761,2792,Sani Securities Company Ltd.,Naasa Securities Co. Ltd.,2026-04-13 12:45:56.186958,Upper Tamakoshi Hydropower Ltd
2026041304012206,UPPER,42,42,150,214.5,32175.0,2026-04-13,186174807,2792,Sani Securities Company Ltd.,Sani Securities Company Ltd.,2026-04-13 12:47:12.799474,Upper Tamakoshi Hydropower Ltd
2026041304012295,UPPER,42,26,100,214.5,21450.0,2026-04-13,186175529,2792,Sani Securities Company Ltd.,Asian Securities Private Ltd.,2026-04-13 12:48:11.317927,Upper Tamakoshi Hydropower Ltd
2026041304012374,UPPER,42,48,104,214.5,22308.0,2026-04-13,186175950,2792,Sani Securities Company Ltd.,Trishakti Securities Public Limited,2026-04-13 12:48:43.205594,Upper Tamakoshi Hydropower Ltd
2026041304012375,UPPER,49,48,100,214.5,21450.0,2026-04-13,186175952,2792,Online Securities Pvt. Ltd.,Trishakti Securities Public Limited,2026-04-13 12:48:43.206081,Upper Tamakoshi Hydropower Ltd
2026041304012376,UPPER,22,48,50,214.5,10725.0,2026-04-13,186175954,2792,Siprabi Securities Pvt. Ltd.,Trishakti Securities Public Limited,2026-04-13 12:48:43.206336,Upper Tamakoshi Hydropower Ltd
2026041304012407,UPPER,57,48,30,214.5,6435.0,2026-04-13,186176112,2792,Aryatara Investment & Securities,Trishakti Securities Public Limited,2026-04-13 12:48:56.236969,Upper Tamakoshi Hydropower Ltd
2026041304012417,UPPER,26,48,200,214.4,42880.0,2026-04-13,186176246,2792,Asian Securities Private Ltd.,Trishakti Securities Public Limited,2026-04-13 12:49:12.048404,Upper Tamakoshi Hydropower Ltd
2026041304012469,UPPER,58,48,116,214.3,24858.8,2026-04-13,186176773,2792,Naasa Securities Co. Ltd.,Trishakti Securities Public Limited,2026-04-13 12:50:08.861077,Upper Tamakoshi Hydropower Ltd
2026041304012550,UPPER,58,7,10,214.3,2143.0,2026-04-13,186177321,2792,Naasa Securities Co. Ltd.,J.F. Securites (PVT) Ltd.,2026-04-13 12:51:00.448350,Upper Tamakoshi Hydropower Ltd
2026041304012555,UPPER,58,40,100,214.3,21430.0,2026-04-13,186177365,2792,Naasa Securities Co. Ltd.,Creative Securities Pvt Ltd,2026-04-13 12:51:04.386703,Upper Tamakoshi Hydropower Ltd
2026041304012557,UPPER,58,45,25,214.3,5357.5,2026-04-13,186177385,2792,Naasa Securities Co. Ltd.,Imperial Securities Company Pvt. Ltd.,2026-04-13 12:51:06.947103,Upper Tamakoshi Hydropower Ltd
2026041304012564,UPPER,58,1,20,214.4,4288.0,2026-04-13,186177481,2792,Naasa Securities Co. Ltd.,Kumari Securities Private Limited,2026-04-13 12:51:18.939695,Upper Tamakoshi Hydropower Ltd
2026041304012565,UPPER,58,47,120,214.8,25776.0,2026-04-13,186177486,2792,Naasa Securities Co. Ltd.,Neev Securities Pvt. Ltd.,2026-04-13 12:51:18.940274,Upper Tamakoshi Hydropower Ltd
2026041304012579,UPPER,57,47,13,214.8,2792.4,2026-04-13,186177661,2792,Aryatara Investment & Securities,Neev Securities Pvt. Ltd.,2026-04-13 12:51:31.050538,Upper Tamakoshi Hydropower Ltd
2026041304012580,UPPER,57,42,200,214.8,42960.0,2026-04-13,186177663,2792,Aryatara Investment & Securities,Sani Securities Company Ltd.,2026-04-13 12:51:31.051083,Upper Tamakoshi Hydropower Ltd
2026041304012581,UPPER,57,74,500,214.9,107450.0,2026-04-13,186177665,2792,Aryatara Investment & Securities,KALASH STOCK MARKET PVT. LTD.,2026-04-13 12:51:31.051375,Upper Tamakoshi Hydropower Ltd
2026041304012582,UPPER,57,33,169,214.9,36318.1,2026-04-13,186177667,2792,Aryatara Investment & Securities,Dakshinkali Investment & Securities Pvt. Ltd.,2026-04-13 12:51:31.051674,Upper Tamakoshi Hydropower Ltd
2026041304012583,UPPER,57,58,106,215.0,22790.0,2026-04-13,186177669,2792,Aryatara Investment & Securities,Naasa Securities Co. Ltd.,2026-04-13 12:51:31.052014,Upper Tamakoshi Hydropower Ltd
2026041304012584,UPPER,57,45,12,215.0,2580.0,2026-04-13,186177672,2792,Aryatara Investment & Securities,Imperial Securities Company Pvt. Ltd.,2026-04-13 12:51:31.052325,Upper Tamakoshi Hydropower Ltd
