contract_id,symbol,buyer_member_id,seller_member_id,volume,price,amount,buyer_broker,seller_broker,transaction_time
2026041304000017,UPPER,65,26,10,213.0,2130.0,Sharepro Securities Private Limited,Asian Securities Private Ltd.,2026-04-13 10:46:00.045323
2026041304000018,UPPER,38,26,10,213.0,2130.0,Dipshikha Dhitopatra Karobar Co. Pvt Ltd.,Asian Securities Private Ltd.,2026-04-13 10:46:00.045363
2026041304000103,UPPER,58,26,20,213.0,4260.0,Naasa Securities Co. Ltd.,Asian Securities Private Ltd.,2026-04-13 11:01:08.520203
2026041304000134,UPPER,48,26,85,213.0,18105.0,Trishakti Securities Public Limited,Asian Securities Private Ltd.,2026-04-13 11:01:30.526500
2026041304000197,UPPER,48,19,15,213.0,3195.0,Trishakti Securities Public Limited,Nepal Investment And Securities Trading Private Limited,2026-04-13 11:02:16.764548
2026041304000202,UPPER,57,79,55,214.9,11819.5,Aryatara Investment & Securities,pahiinvestment,2026-04-13 11:02:24.213593
2026041304000216,UPPER,40,21,10,215.0,2150.0,Creative Securities Pvt Ltd,Midas Stock Broking Company Private Limited,2026-04-13 11:02:34.533949
2026041304000248,UPPER,42,21,240,215.0,51600.0,Sani Securities Company Ltd.,Midas Stock Broking Company Private Limited,2026-04-13 11:02:59.130637
2026041304000249,UPPER,58,19,110,214.0,23540.0,Naasa Securities Co. Ltd.,Nepal Investment And Securities Trading Private Limited,2026-04-13 11:02:59.860189
2026041304000277,UPPER,21,21,10,213.0,2130.0,Midas Stock Broking Company Private Limited,Midas Stock Broking Company Private Limited,2026-04-13 11:03:24.307686
2026041304000278,UPPER,51,21,150,212.2,31830.0,Oxford Securities Pvt. Ltd.,Midas Stock Broking Company Private Limited,2026-04-13 11:03:24.307841
2026041304000279,UPPER,49,21,350,212.0,74200.0,Online Securities Pvt. Ltd.,Midas Stock Broking Company Private Limited,2026-04-13 11:03:24.307931
2026041304000280,UPPER,16,21,100,212.0,21200.0,Primo Securities (PVT) Ltd.,Midas Stock Broking Company Private Limited,2026-04-13 11:03:25.531726
2026041304000301,UPPER,58,21,22,211.0,4642.0,Naasa Securities Co. Ltd.,Midas Stock Broking Company Private Limited,2026-04-13 11:03:44.934073
2026041304000302,UPPER,49,21,500,211.0,105500.0,Online Securities Pvt. Ltd.,Midas Stock Broking Company Private Limited,2026-04-13 11:03:44.934153
2026041304000323,UPPER,51,21,618,211.0,130398.0,Oxford Securities Pvt. Ltd.,Midas Stock Broking Company Private Limited,2026-04-13 11:03:57.654275
2026041304000336,UPPER,51,46,382,211.0,80602.0,Oxford Securities Pvt. Ltd.,Kalika Securities Pvt. Ltd.,2026-04-13 11:04:06.622937
2026041304000363,UPPER,49,46,23,210.3,4836.9,Online Securities Pvt. Ltd.,Kalika Securities Pvt. Ltd.,2026-04-13 11:04:24.575617
2026041304000364,UPPER,58,58,100,210.0,21000.0,Naasa Securities Co. Ltd.,Naasa Securities Co. Ltd.,2026-04-13 11:04:33.724796
2026041304000365,UPPER,38,58,180,210.0,37800.0,Dipshikha Dhitopatra Karobar Co. Pvt Ltd.,Naasa Securities Co. Ltd.,2026-04-13 11:04:33.724988
2026041304000366,UPPER,41,58,100,210.0,21000.0,Linch Stock Market Ltd.,Naasa Securities Co. Ltd.,2026-04-13 11:04:33.725135
2026041304000367,UPPER,29,58,473,210.0,99330.0,Trisul Securities & Invt. Ltd.,Naasa Securities Co. Ltd.,2026-04-13 11:04:33.725245
2026041304000368,UPPER,11,58,20,210.0,4200.0,Malla & Malla Stock Broking Company Pvt. Limited,Naasa Securities Co. Ltd.,2026-04-13 11:04:33.725359
2026041304000369,UPPER,21,58,40,210.0,8400.0,Midas Stock Broking Company Private Limited,Naasa Securities Co. Ltd.,2026-04-13 11:04:33.725459
2026041304000370,UPPER,41,58,250,210.0,52500.0,Linch Stock Market Ltd.,Naasa Securities Co. Ltd.,2026-04-13 11:04:33.725552
2026041304000371,UPPER,34,58,100,210.0,21000.0,Vision Securities Pvt. Ltd,Naasa Securities Co. Ltd.,2026-04-13 11:04:33.725698
2026041304000372,UPPER,58,58,10,210.0,2100.0,Naasa Securities Co. Ltd.,Naasa Securities Co. Ltd.,2026-04-13 11:04:33.725836
2026041304000373,UPPER,25,58,77,210.0,16170.0,Sweta Securities Private Limited,Naasa Securities Co. Ltd.,2026-04-13 11:04:34.817005
2026041304000374,UPPER,25,49,223,210.0,46830.0,Sweta Securities Private Limited,Online Securities Pvt. Ltd.,2026-04-13 11:04:34.817176
2026041304000405,UPPER,21,56,22,209.5,4609.0,Midas Stock Broking Company Private Limited,Sri Hari Securities Pvt. Ltd.,2026-04-13 11:04:48.297579
2026041304000412,UPPER,51,49,777,210.0,163170.0,Oxford Securities Pvt. Ltd.,Online Securities Pvt. Ltd.,2026-04-13 11:04:53.262508
2026041304000420,UPPER,39,79,13,209.6,2724.8,Sumeru Securities Pvt. Ltd.,pahiinvestment,2026-04-13 11:04:58.001268
2026041304000427,UPPER,57,13,200,210.0,42000.0,Aryatara Investment & Securities,Thrive Brokerage House Pvt. Ltd,2026-04-13 11:05:06.657461
2026041304000434,UPPER,57,58,42,210.0,8820.0,Aryatara Investment & Securities,Naasa Securities Co. Ltd.,2026-04-13 11:05:11.883358
2026041304000437,UPPER,57,58,10,210.0,2100.0,Aryatara Investment & Securities,Naasa Securities Co. Ltd.,2026-04-13 11:05:15.170205
2026041304000438,UPPER,57,46,1048,210.0,220080.0,Aryatara Investment & Securities,Kalika Securities Pvt. Ltd.,2026-04-13 11:05:16.361367
2026041304000478,UPPER,25,46,929,210.0,195090.0,Sweta Securities Private Limited,Kalika Securities Pvt. Ltd.,2026-04-13 11:05:35.583369
2026041304000479,UPPER,25,49,20,210.0,4200.0,Sweta Securities Private Limited,Online Securities Pvt. Ltd.,2026-04-13 11:05:35.583474
2026041304000503,UPPER,25,48,51,210.0,10710.0,Sweta Securities Private Limited,Trishakti Securities Public Limited,2026-04-13 11:05:41.089690
2026041304000517,UPPER,13,48,100,210.0,21000.0,Thrive Brokerage House Pvt. Ltd,Trishakti Securities Public Limited,2026-04-13 11:05:59.143916
2026041304000518,UPPER,6,48,349,210.0,73290.0,Agrawal Securities (PVT) Ltd.,Trishakti Securities Public Limited,2026-04-13 11:05:59.626150
2026041304000523,UPPER,6,46,118,210.0,24780.0,Agrawal Securities (PVT) Ltd.,Kalika Securities Pvt. Ltd.,2026-04-13 11:06:02.702173
2026041304000527,UPPER,6,19,144,210.0,30240.0,Agrawal Securities (PVT) Ltd.,Nepal Investment And Securities Trading Private Limited,2026-04-13 11:06:05.314595
2026041304000529,UPPER,6,18,96,210.0,20160.0,Agrawal Securities (PVT) Ltd.,Sagarmatha Securities Private Limited,2026-04-13 11:06:06.769148
2026041304000554,UPPER,54,41,500,212.0,106000.0,Sewa Securities Pvt. Ltd.,Linch Stock Market Ltd.,2026-04-13 11:06:41.353224
2026041304000621,UPPER,10,8,144,211.0,30384.0,Pragyan Securities (PVT) Ltd.,Brilliant Securities Pvt. Ltd.,2026-04-13 11:07:10.728719
2026041304000625,UPPER,58,41,100,212.0,21200.0,Naasa Securities Co. Ltd.,Linch Stock Market Ltd.,2026-04-13 11:07:15.951355
2026041304000626,UPPER,10,48,20,211.0,4220.0,Pragyan Securities (PVT) Ltd.,Trishakti Securities Public Limited,2026-04-13 11:07:16.757868
2026041304000633,UPPER,4,41,50,212.0,10600.0,Opal Securities Investment (PVT) Ltd.,Linch Stock Market Ltd.,2026-04-13 11:07:21.132564
2026041304000642,UPPER,49,41,10,212.0,2120.0,Online Securities Pvt. Ltd.,Linch Stock Market Ltd.,2026-04-13 11:07:32.783127
2026041304000656,UPPER,11,41,100,212.0,21200.0,Malla & Malla Stock Broking Company Pvt. Limited,Linch Stock Market Ltd.,2026-04-13 11:07:45.428668
2026041304000665,UPPER,90,41,10,212.0,2120.0,Sajilo Broker Limited,Linch Stock Market Ltd.,2026-04-13 11:07:54.251764
2026041304000668,UPPER,10,22,34,211.0,7174.0,Pragyan Securities (PVT) Ltd.,Siprabi Securities Pvt. Ltd.,2026-04-13 11:07:56.478004
2026041304000753,UPPER,58,41,10,212.0,2120.0,Naasa Securities Co. Ltd.,Linch Stock Market Ltd.,2026-04-13 11:08:47.708084
2026041304000773,UPPER,58,41,220,212.0,46640.0,Naasa Securities Co. Ltd.,Linch Stock Market Ltd.,2026-04-13 11:09:01.751584
2026041304000774,UPPER,58,6,200,212.0,42400.0,Naasa Securities Co. Ltd.,Agrawal Securities (PVT) Ltd.,2026-04-13 11:09:01.751715
2026041304000775,UPPER,58,49,237,212.0,50244.0,Naasa Securities Co. Ltd.,Online Securities Pvt. Ltd.,2026-04-13 11:09:01.751769
2026041304000947,UPPER,51,16,10,212.5,2125.0,Oxford Securities Pvt. Ltd.,Primo Securities (PVT) Ltd.,2026-04-13 11:10:17.011233
2026041304000984,UPPER,58,19,10,213.9,2139.0,Naasa Securities Co. Ltd.,Nepal Investment And Securities Trading Private Limited,2026-04-13 11:10:43.867521
2026041304001013,UPPER,49,42,100,214.0,21400.0,Online Securities Pvt. Ltd.,Sani Securities Company Ltd.,2026-04-13 11:11:03.809474
2026041304001014,UPPER,49,61,200,214.0,42800.0,Online Securities Pvt. Ltd.,BHOLE GANESH SECURITIES LTD,2026-04-13 11:11:03.809740
2026041304001056,UPPER,57,61,20,214.0,4280.0,Aryatara Investment & Securities,BHOLE GANESH SECURITIES LTD,2026-04-13 11:11:22.032449
2026041304001061,UPPER,42,61,80,214.0,17120.0,Sani Securities Company Ltd.,BHOLE GANESH SECURITIES LTD,2026-04-13 11:11:28.614508
2026041304001062,UPPER,42,16,500,214.0,107000.0,Sani Securities Company Ltd.,Primo Securities (PVT) Ltd.,2026-04-13 11:11:28.614791
2026041304001063,UPPER,42,19,100,214.0,21400.0,Sani Securities Company Ltd.,Nepal Investment And Securities Trading Private Limited,2026-04-13 11:11:28.614970
2026041304001064,UPPER,42,58,60,214.0,12840.0,Sani Securities Company Ltd.,Naasa Securities Co. Ltd.,2026-04-13 11:11:28.615129
2026041304001099,UPPER,42,41,260,214.0,55640.0,Sani Securities Company Ltd.,Linch Stock Market Ltd.,2026-04-13 11:12:17.009419
2026041304001100,UPPER,19,41,70,214.0,14980.0,Nepal Investment And Securities Trading Private Limited,Linch Stock Market Ltd.,2026-04-13 11:12:17.009615
2026041304001101,UPPER,42,41,100,214.0,21400.0,Sani Securities Company Ltd.,Linch Stock Market Ltd.,2026-04-13 11:12:17.009688
2026041304001102,UPPER,10,41,40,214.0,8560.0,Pragyan Securities (PVT) Ltd.,Linch Stock Market Ltd.,2026-04-13 11:12:17.009759
2026041304001103,UPPER,74,41,100,214.0,21400.0,KALASH STOCK MARKET PVT. LTD.,Linch Stock Market Ltd.,2026-04-13 11:12:17.009830
2026041304001104,UPPER,58,41,430,214.0,92020.0,Naasa Securities Co. Ltd.,Linch Stock Market Ltd.,2026-04-13 11:12:17.292522
2026041304001105,UPPER,58,1,50,214.2,10710.0,Naasa Securities Co. Ltd.,Kumari Securities Private Limited,2026-04-13 11:12:17.292583
2026041304001106,UPPER,58,40,570,214.2,122094.0,Naasa Securities Co. Ltd.,Creative Securities Pvt Ltd,2026-04-13 11:12:17.292605
2026041304001125,UPPER,51,40,430,214.2,92106.0,Oxford Securities Pvt. Ltd.,Creative Securities Pvt Ltd,2026-04-13 11:12:33.447963
2026041304001131,UPPER,58,42,10,214.5,2145.0,Naasa Securities Co. Ltd.,Sani Securities Company Ltd.,2026-04-13 11:12:41.657571
2026041304001164,UPPER,57,42,17,214.4,3644.8,Aryatara Investment & Securities,Sani Securities Company Ltd.,2026-04-13 11:12:59.383887
2026041304001165,UPPER,57,42,68,214.5,14586.0,Aryatara Investment & Securities,Sani Securities Company Ltd.,2026-04-13 11:12:59.384159
2026041304001166,UPPER,49,42,120,214.5,25740.0,Online Securities Pvt. Ltd.,Sani Securities Company Ltd.,2026-04-13 11:12:59.706785
2026041304001203,UPPER,49,42,150,214.5,32175.0,Online Securities Pvt. Ltd.,Sani Securities Company Ltd.,2026-04-13 11:13:16.515380
2026041304001204,UPPER,48,42,152,214.5,32604.0,Trishakti Securities Public Limited,Sani Securities Company Ltd.,2026-04-13 11:13:17.104849
2026041304001205,UPPER,48,19,100,214.5,21450.0,Trishakti Securities Public Limited,Nepal Investment And Securities Trading Private Limited,2026-04-13 11:13:17.105154
2026041304001209,UPPER,51,79,96,214.7,20611.2,Oxford Securities Pvt. Ltd.,pahiinvestment,2026-04-13 11:13:24.618535
2026041304001210,UPPER,51,89,10,214.7,2147.0,Oxford Securities Pvt. Ltd.,Global IME Securities Limited,2026-04-13 11:13:24.946738
2026041304001215,UPPER,51,57,520,214.8,111696.0,Oxford Securities Pvt. Ltd.,Aryatara Investment & Securities,2026-04-13 11:13:37.127831
2026041304001216,UPPER,51,19,50,214.8,10740.0,Oxford Securities Pvt. Ltd.,Nepal Investment And Securities Trading Private Limited,2026-04-13 11:13:41.940486
2026041304001217,UPPER,51,19,50,214.7,10735.0,Oxford Securities Pvt. Ltd.,Nepal Investment And Securities Trading Private Limited,2026-04-13 11:13:41.940828
2026041304001228,UPPER,88,19,16,215.0,3440.0,Blue Chip Securities Ltd,Nepal Investment And Securities Trading Private Limited,2026-04-13 11:13:49.513175
2026041304001264,UPPER,39,25,87,214.9,18696.3,Sumeru Securities Pvt. Ltd.,Sweta Securities Private Limited,2026-04-13 11:14:14.098271
2026041304001265,UPPER,58,25,120,214.8,25776.0,Naasa Securities Co. Ltd.,Sweta Securities Private Limited,2026-04-13 11:14:14.098447
2026041304001266,UPPER,51,25,293,214.7,62907.1,Oxford Securities Pvt. Ltd.,Sweta Securities Private Limited,2026-04-13 11:14:14.098530
2026041304001275,UPPER,51,49,300,214.7,64410.0,Oxford Securities Pvt. Ltd.,Online Securities Pvt. Ltd.,2026-04-13 11:14:28.788407
2026041304001291,UPPER,51,38,30,214.7,6441.0,Oxford Securities Pvt. Ltd.,Dipshikha Dhitopatra Karobar Co. Pvt Ltd.,2026-04-13 11:14:41.597896
2026041304001300,UPPER,49,19,35,215.0,7525.0,Online Securities Pvt. Ltd.,Nepal Investment And Securities Trading Private Limited,2026-04-13 11:14:49.589040
2026041304001317,UPPER,51,49,300,214.7,64410.0,Oxford Securities Pvt. Ltd.,Online Securities Pvt. Ltd.,2026-04-13 11:14:56.361426
2026041304001321,UPPER,51,25,371,214.7,79653.7,Oxford Securities Pvt. Ltd.,Sweta Securities Private Limited,2026-04-13 11:15:02.479337
2026041304001326,UPPER,57,25,20,214.7,4294.0,Aryatara Investment & Securities,Sweta Securities Private Limited,2026-04-13 11:15:05.976293
2026041304001346,UPPER,48,22,60,214.5,12870.0,Trishakti Securities Public Limited,Siprabi Securities Pvt. Ltd.,2026-04-13 11:15:12.310160
2026041304001349,UPPER,48,42,188,214.5,40326.0,Trishakti Securities Public Limited,Sani Securities Company Ltd.,2026-04-13 11:15:15.768255
2026041304001404,UPPER,26,42,10,214.0,2140.0,Asian Securities Private Ltd.,Sani Securities Company Ltd.,2026-04-13 11:15:49.545764
2026041304001405,UPPER,26,42,13,214.5,2788.5,Asian Securities Private Ltd.,Sani Securities Company Ltd.,2026-04-13 11:15:49.545956
2026041304001453,UPPER,54,6,50,214.0,10700.0,Sewa Securities Pvt. Ltd.,Agrawal Securities (PVT) Ltd.,2026-04-13 11:16:32.222348
2026041304001471,UPPER,14,6,50,214.0,10700.0,Nepal Stock House (PVT) Ltd.,Agrawal Securities (PVT) Ltd.,2026-04-13 11:16:36.044449
2026041304001473,UPPER,46,42,15,214.5,3217.5,Kalika Securities Pvt. Ltd.,Sani Securities Company Ltd.,2026-04-13 11:16:38.153067
2026041304001581,UPPER,14,42,50,214.0,10700.0,Nepal Stock House (PVT) Ltd.,Sani Securities Company Ltd.,2026-04-13 11:17:10.999715
2026041304001582,UPPER,45,42,18,214.0,3852.0,Imperial Securities Company Pvt. Ltd.,Sani Securities Company Ltd.,2026-04-13 11:17:10.999904
2026041304001594,UPPER,36,42,184,214.5,39468.0,Secured Securities Ltd.,Sani Securities Company Ltd.,2026-04-13 11:17:18.227548
2026041304001595,UPPER,36,58,11,214.5,2359.5,Secured Securities Ltd.,Naasa Securities Co. Ltd.,2026-04-13 11:17:18.227762
2026041304001596,UPPER,36,25,109,214.7,23402.3,Secured Securities Ltd.,Sweta Securities Private Limited,2026-04-13 11:17:18.227855
2026041304001597,UPPER,36,13,500,214.9,107450.0,Secured Securities Ltd.,Thrive Brokerage House Pvt. Ltd,2026-04-13 11:17:18.227956
2026041304001598,UPPER,36,57,500,214.9,107450.0,Secured Securities Ltd.,Aryatara Investment & Securities,2026-04-13 11:17:18.228041
2026041304001599,UPPER,36,19,49,215.0,10535.0,Secured Securities Ltd.,Nepal Investment And Securities Trading Private Limited,2026-04-13 11:17:18.228130
2026041304001600,UPPER,36,38,500,215.0,107500.0,Secured Securities Ltd.,Dipshikha Dhitopatra Karobar Co. Pvt Ltd.,2026-04-13 11:17:18.228219
2026041304001601,UPPER,36,17,200,215.0,43000.0,Secured Securities Ltd.,ABC Securities Private Limited,2026-04-13 11:17:18.228296
2026041304001602,UPPER,36,38,50,215.0,10750.0,Secured Securities Ltd.,Dipshikha Dhitopatra Karobar Co. Pvt Ltd.,2026-04-13 11:17:18.228396
2026041304001603,UPPER,36,19,100,215.0,21500.0,Secured Securities Ltd.,Nepal Investment And Securities Trading Private Limited,2026-04-13 11:17:18.228500
2026041304001604,UPPER,36,49,68,215.0,14620.0,Secured Securities Ltd.,Online Securities Pvt. Ltd.,2026-04-13 11:17:18.228587
2026041304001605,UPPER,36,56,100,215.0,21500.0,Secured Securities Ltd.,Sri Hari Securities Pvt. Ltd.,2026-04-13 11:17:18.228667
2026041304001606,UPPER,36,19,50,215.0,10750.0,Secured Securities Ltd.,Nepal Investment And Securities Trading Private Limited,2026-04-13 11:17:18.228746
2026041304001607,UPPER,36,49,500,215.0,107500.0,Secured Securities Ltd.,Online Securities Pvt. Ltd.,2026-04-13 11:17:18.228827
2026041304001608,UPPER,36,42,2000,215.0,430000.0,Secured Securities Ltd.,Sani Securities Company Ltd.,2026-04-13 11:17:18.228928
2026041304001613,UPPER,36,49,79,215.0,16985.0,Secured Securities Ltd.,Online Securities Pvt. Ltd.,2026-04-13 11:17:27.485810
2026041304001699,UPPER,49,49,71,214.5,15229.5,Online Securities Pvt. Ltd.,Online Securities Pvt. Ltd.,2026-04-13 11:18:02.366554
2026041304001734,UPPER,57,13,10,215.0,2150.0,Aryatara Investment & Securities,Thrive Brokerage House Pvt. Ltd,2026-04-13 11:18:09.492255
2026041304001747,UPPER,36,13,90,215.0,19350.0,Secured Securities Ltd.,Thrive Brokerage House Pvt. Ltd,2026-04-13 11:18:21.102712
2026041304001748,UPPER,36,38,200,215.2,43040.0,Secured Securities Ltd.,Dipshikha Dhitopatra Karobar Co. Pvt Ltd.,2026-04-13 11:18:21.102882
2026041304001749,UPPER,36,41,300,215.2,64560.0,Secured Securities Ltd.,Linch Stock Market Ltd.,2026-04-13 11:18:21.102957
2026041304001750,UPPER,36,49,10,215.2,2152.0,Secured Securities Ltd.,Online Securities Pvt. Ltd.,2026-04-13 11:18:21.103029
2026041304001751,UPPER,36,57,1013,215.5,218301.5,Secured Securities Ltd.,Aryatara Investment & Securities,2026-04-13 11:18:21.103100
2026041304001752,UPPER,36,41,100,216.0,21600.0,Secured Securities Ltd.,Linch Stock Market Ltd.,2026-04-13 11:18:21.103175
2026041304001753,UPPER,36,42,755,216.0,163080.0,Secured Securities Ltd.,Sani Securities Company Ltd.,2026-04-13 11:18:21.103256
2026041304001754,UPPER,36,19,50,216.0,10800.0,Secured Securities Ltd.,Nepal Investment And Securities Trading Private Limited,2026-04-13 11:18:21.103333
2026041304001755,UPPER,36,1,20,216.0,4320.0,Secured Securities Ltd.,Kumari Securities Private Limited,2026-04-13 11:18:21.103403
2026041304001805,UPPER,36,53,104,216.0,22464.0,Secured Securities Ltd.,Investment Management Nepal Pvt. Ltd.,2026-04-13 11:18:36.443969
2026041304001812,UPPER,49,35,129,216.1,27876.9,Online Securities Pvt. Ltd.,Kohinoor Investment & Securities Pvt. Ltd.,2026-04-13 11:18:44.526794
2026041304001817,UPPER,36,35,171,216.1,36953.1,Secured Securities Ltd.,Kohinoor Investment & Securities Pvt. Ltd.,2026-04-13 11:18:45.402467
2026041304001872,UPPER,45,42,40,216.2,8648.0,Imperial Securities Company Pvt. Ltd.,Sani Securities Company Ltd.,2026-04-13 11:19:07.307356
2026041304001895,UPPER,36,7,500,216.1,108050.0,Secured Securities Ltd.,J.F. Securites (PVT) Ltd.,2026-04-13 11:19:22.695981
2026041304001923,UPPER,36,29,300,216.1,64830.0,Secured Securities Ltd.,Trisul Securities & Invt. Ltd.,2026-04-13 11:19:46.154627
2026041304001930,UPPER,36,32,200,216.1,43220.0,Secured Securities Ltd.,Premier Securities Company Ltd.,2026-04-13 11:19:50.078184
2026041304001932,UPPER,36,59,500,216.1,108050.0,Secured Securities Ltd.,Deevyaa Securities & Stock House Pvt. Ltd,2026-04-13 11:19:50.678977
2026041304001933,UPPER,36,16,200,216.1,43220.0,Secured Securities Ltd.,Primo Securities (PVT) Ltd.,2026-04-13 11:19:51.589241
2026041304001951,UPPER,8,42,460,216.2,99452.0,Brilliant Securities Pvt. Ltd.,Sani Securities Company Ltd.,2026-04-13 11:20:00.022164
2026041304001957,UPPER,36,64,388,216.1,83846.8,Secured Securities Ltd.,SUN SECURITIES PVT LTD,2026-04-13 11:20:02.852965
2026041304001988,UPPER,58,19,70,216.2,15134.0,Naasa Securities Co. Ltd.,Nepal Investment And Securities Trading Private Limited,2026-04-13 11:20:10.897096
2026041304001994,UPPER,90,19,30,216.2,6486.0,Sajilo Broker Limited,Nepal Investment And Securities Trading Private Limited,2026-04-13 11:20:12.953810
2026041304002009,UPPER,90,58,20,216.5,4330.0,Sajilo Broker Limited,Naasa Securities Co. Ltd.,2026-04-13 11:20:15.986737
2026041304002010,UPPER,36,50,100,216.1,21610.0,Secured Securities Ltd.,Cristal Kanchanjanga Securites Pvt. Ltd.,2026-04-13 11:20:16.351579
2026041304002033,UPPER,36,85,100,216.1,21610.0,Secured Securities Ltd.,Capital Hub P. Ltd,2026-04-13 11:20:37.168518
2026041304002039,UPPER,36,51,1000,216.1,216100.0,Secured Securities Ltd.,Oxford Securities Pvt. Ltd.,2026-04-13 11:20:39.056832
2026041304002044,UPPER,36,57,541,216.1,116910.1,Secured Securities Ltd.,Aryatara Investment & Securities,2026-04-13 11:20:42.435675
2026041304002045,UPPER,13,57,100,216.1,21610.0,Thrive Brokerage House Pvt. Ltd,Aryatara Investment & Securities,2026-04-13 11:20:42.435861
2026041304002046,UPPER,13,57,100,216.1,21610.0,Thrive Brokerage House Pvt. Ltd,Aryatara Investment & Securities,2026-04-13 11:20:42.435948
2026041304002047,UPPER,44,57,50,216.1,10805.0,Dynamic Money Managers Securities Pvt. Ltd.,Aryatara Investment & Securities,2026-04-13 11:20:42.436042
2026041304002048,UPPER,13,57,200,216.1,43220.0,Thrive Brokerage House Pvt. Ltd,Aryatara Investment & Securities,2026-04-13 11:20:42.436127
2026041304002066,UPPER,36,19,100,216.0,21600.0,Secured Securities Ltd.,Nepal Investment And Securities Trading Private Limited,2026-04-13 11:20:51.646369
2026041304002069,UPPER,36,7,750,216.0,162000.0,Secured Securities Ltd.,J.F. Securites (PVT) Ltd.,2026-04-13 11:20:53.600536
2026041304002072,UPPER,36,16,100,216.0,21600.0,Secured Securities Ltd.,Primo Securities (PVT) Ltd.,2026-04-13 11:20:56.378499
2026041304002087,UPPER,36,41,30,216.0,6480.0,Secured Securities Ltd.,Linch Stock Market Ltd.,2026-04-13 11:21:03.881486
2026041304002090,UPPER,36,58,204,216.0,44064.0,Secured Securities Ltd.,Naasa Securities Co. Ltd.,2026-04-13 11:21:04.362215
2026041304002104,UPPER,36,41,100,216.0,21600.0,Secured Securities Ltd.,Linch Stock Market Ltd.,2026-04-13 11:21:11.000955
2026041304002107,UPPER,36,67,74,216.0,15984.0,Secured Securities Ltd.,Property Wiard Limited,2026-04-13 11:21:14.233170
2026041304002108,UPPER,4,67,79,216.0,17064.0,Opal Securities Investment (PVT) Ltd.,Property Wiard Limited,2026-04-13 11:21:14.233397
2026041304002134,UPPER,28,67,106,216.0,22896.0,Shree Krishna Securities Ltd.,Property Wiard Limited,2026-04-13 11:21:30.489659
2026041304002135,UPPER,28,25,194,216.0,41904.0,Shree Krishna Securities Ltd.,Sweta Securities Private Limited,2026-04-13 11:21:30.489851
2026041304002157,UPPER,58,58,16,215.1,3441.6,Naasa Securities Co. Ltd.,Naasa Securities Co. Ltd.,2026-04-13 11:21:47.962059
2026041304002158,UPPER,14,58,73,215.1,15702.3,Nepal Stock House (PVT) Ltd.,Naasa Securities Co. Ltd.,2026-04-13 11:21:47.962458
2026041304002173,UPPER,14,43,27,215.1,5807.7,Nepal Stock House (PVT) Ltd.,South Asian Bulls Pvt. Ltd.,2026-04-13 11:21:59.703879
2026041304002174,UPPER,59,43,23,215.0,4945.0,Deevyaa Securities & Stock House Pvt. Ltd,South Asian Bulls Pvt. Ltd.,2026-04-13 11:21:59.704148
2026041304002175,UPPER,21,43,14,215.0,3010.0,Midas Stock Broking Company Private Limited,South Asian Bulls Pvt. Ltd.,2026-04-13 11:21:59.704262
2026041304002176,UPPER,42,43,400,215.0,86000.0,Sani Securities Company Ltd.,South Asian Bulls Pvt. Ltd.,2026-04-13 11:21:59.704361
2026041304002177,UPPER,6,43,50,215.0,10750.0,Agrawal Securities (PVT) Ltd.,South Asian Bulls Pvt. Ltd.,2026-04-13 11:21:59.704448
2026041304002178,UPPER,39,43,50,214.1,10705.0,Sumeru Securities Pvt. Ltd.,South Asian Bulls Pvt. Ltd.,2026-04-13 11:21:59.704537
2026041304002179,UPPER,58,43,304,214.0,65056.0,Naasa Securities Co. Ltd.,South Asian Bulls Pvt. Ltd.,2026-04-13 11:21:59.704624
2026041304002180,UPPER,4,43,45,214.0,9630.0,Opal Securities Investment (PVT) Ltd.,South Asian Bulls Pvt. Ltd.,2026-04-13 11:21:59.704714
2026041304002187,UPPER,49,43,20,214.0,4280.0,Online Securities Pvt. Ltd.,South Asian Bulls Pvt. Ltd.,2026-04-13 11:22:07.819600
2026041304002214,UPPER,42,57,25,213.0,5325.0,Sani Securities Company Ltd.,Aryatara Investment & Securities,2026-04-13 11:22:15.076057
2026041304002215,UPPER,59,57,100,213.0,21300.0,Deevyaa Securities & Stock House Pvt. Ltd,Aryatara Investment & Securities,2026-04-13 11:22:15.076153
2026041304002216,UPPER,46,57,50,213.0,10650.0,Kalika Securities Pvt. Ltd.,Aryatara Investment & Securities,2026-04-13 11:22:15.076178
2026041304002217,UPPER,57,57,200,213.0,42600.0,Aryatara Investment & Securities,Aryatara Investment & Securities,2026-04-13 11:22:15.076202
2026041304002218,UPPER,45,57,125,213.0,26625.0,Imperial Securities Company Pvt. Ltd.,Aryatara Investment & Securities,2026-04-13 11:22:15.076225
2026041304002263,UPPER,39,21,15,213.1,3196.5,Sumeru Securities Pvt. Ltd.,Midas Stock Broking Company Private Limited,2026-04-13 11:22:40.635489
2026041304002272,UPPER,39,75,35,213.1,7458.5,Sumeru Securities Pvt. Ltd.,N.I.M.B. Stock Markets Limited,2026-04-13 11:22:55.331153
2026041304002273,UPPER,45,75,33,213.0,7029.0,Imperial Securities Company Pvt. Ltd.,N.I.M.B. Stock Markets Limited,2026-04-13 11:22:55.331395
2026041304002321,UPPER,36,43,67,214.0,14338.0,Secured Securities Ltd.,South Asian Bulls Pvt. Ltd.,2026-04-13 11:23:17.066268
2026041304002322,UPPER,36,62,10,214.0,2140.0,Secured Securities Ltd.,Capital Max Securities Ltd,2026-04-13 11:23:17.066657
2026041304002323,UPPER,36,62,450,214.0,96300.0,Secured Securities Ltd.,Capital Max Securities Ltd,2026-04-13 11:23:17.066839
2026041304002388,UPPER,6,26,1000,215.0,215000.0,Agrawal Securities (PVT) Ltd.,Asian Securities Private Ltd.,2026-04-13 11:23:45.543280
2026041304002473,UPPER,48,3,10,214.0,2140.0,Trishakti Securities Public Limited,Arun Securities (PVT) Ltd.,2026-04-13 11:24:44.022294
2026041304002474,UPPER,58,3,40,214.0,8560.0,Naasa Securities Co. Ltd.,Arun Securities (PVT) Ltd.,2026-04-13 11:24:44.022744
2026041304002475,UPPER,42,3,18,214.0,3852.0,Sani Securities Company Ltd.,Arun Securities (PVT) Ltd.,2026-04-13 11:24:44.023049
2026041304002492,UPPER,42,16,12,214.0,2568.0,Sani Securities Company Ltd.,Primo Securities (PVT) Ltd.,2026-04-13 11:24:54.090616
2026041304002493,UPPER,26,16,68,214.0,14552.0,Asian Securities Private Ltd.,Primo Securities (PVT) Ltd.,2026-04-13 11:24:54.090710
2026041304002522,UPPER,26,57,200,214.0,42800.0,Asian Securities Private Ltd.,Aryatara Investment & Securities,2026-04-13 11:25:19.575563
2026041304002527,UPPER,26,19,75,214.0,16050.0,Asian Securities Private Ltd.,Nepal Investment And Securities Trading Private Limited,2026-04-13 11:25:22.794254
2026041304002603,UPPER,26,6,100,214.0,21400.0,Asian Securities Private Ltd.,Agrawal Securities (PVT) Ltd.,2026-04-13 11:25:58.521839
2026041304002613,UPPER,26,20,100,214.0,21400.0,Asian Securities Private Ltd.,Sipla Securities Private Limited,2026-04-13 11:26:04.015482
2026041304002629,UPPER,58,58,10,215.0,2150.0,Naasa Securities Co. Ltd.,Naasa Securities Co. Ltd.,2026-04-13 11:26:07.576943
2026041304002630,UPPER,58,40,20,215.0,4300.0,Naasa Securities Co. Ltd.,Creative Securities Pvt Ltd,2026-04-13 11:26:07.577185
2026041304002631,UPPER,58,34,10,215.0,2150.0,Naasa Securities Co. Ltd.,Vision Securities Pvt. Ltd,2026-04-13 11:26:07.577290
2026041304002632,UPPER,58,58,50,215.5,10775.0,Naasa Securities Co. Ltd.,Naasa Securities Co. Ltd.,2026-04-13 11:26:07.577404
2026041304002633,UPPER,58,35,10,215.8,2158.0,Naasa Securities Co. Ltd.,Kohinoor Investment & Securities Pvt. Ltd.,2026-04-13 11:26:07.577503
2026041304002697,UPPER,6,32,300,214.9,64470.0,Agrawal Securities (PVT) Ltd.,Premier Securities Company Ltd.,2026-04-13 11:26:37.503703
2026041304002728,UPPER,36,35,290,215.8,62582.0,Secured Securities Ltd.,Kohinoor Investment & Securities Pvt. Ltd.,2026-04-13 11:26:55.171654
2026041304002729,UPPER,36,47,600,215.8,129480.0,Secured Securities Ltd.,Neev Securities Pvt. Ltd.,2026-04-13 11:26:55.172120
2026041304002730,UPPER,36,25,306,216.0,66096.0,Secured Securities Ltd.,Sweta Securities Private Limited,2026-04-13 11:26:55.172445
2026041304002731,UPPER,36,11,804,216.0,173664.0,Secured Securities Ltd.,Malla & Malla Stock Broking Company Pvt. Limited,2026-04-13 11:26:55.172742
2026041304002777,UPPER,58,11,500,216.0,108000.0,Naasa Securities Co. Ltd.,Malla & Malla Stock Broking Company Pvt. Limited,2026-04-13 11:27:13.690877
2026041304002791,UPPER,48,41,10,215.5,2155.0,Trishakti Securities Public Limited,Linch Stock Market Ltd.,2026-04-13 11:27:18.501548
2026041304002826,UPPER,3,41,12,215.5,2586.0,Arun Securities (PVT) Ltd.,Linch Stock Market Ltd.,2026-04-13 11:27:35.367866
2026041304002828,UPPER,58,41,200,215.5,43100.0,Naasa Securities Co. Ltd.,Linch Stock Market Ltd.,2026-04-13 11:27:37.582213
2026041304002845,UPPER,58,41,278,215.5,59909.0,Naasa Securities Co. Ltd.,Linch Stock Market Ltd.,2026-04-13 11:27:54.122110
2026041304002874,UPPER,58,1,222,215.5,47841.0,Naasa Securities Co. Ltd.,Kumari Securities Private Limited,2026-04-13 11:28:16.678828
2026041304002875,UPPER,32,1,20,215.0,4300.0,Premier Securities Company Ltd.,Kumari Securities Private Limited,2026-04-13 11:28:16.679076
2026041304002876,UPPER,57,1,17,215.0,3655.0,Aryatara Investment & Securities,Kumari Securities Private Limited,2026-04-13 11:28:16.679185
2026041304002877,UPPER,58,1,741,214.1,158648.1,Naasa Securities Co. Ltd.,Kumari Securities Private Limited,2026-04-13 11:28:16.679289
2026041304002906,UPPER,58,59,259,214.1,55451.9,Naasa Securities Co. Ltd.,Deevyaa Securities & Stock House Pvt. Ltd,2026-04-13 11:28:33.054552
2026041304002907,UPPER,26,59,101,214.0,21614.0,Asian Securities Private Ltd.,Deevyaa Securities & Stock House Pvt. Ltd,2026-04-13 11:28:33.054666
2026041304002964,UPPER,74,21,23,214.1,4924.3,KALASH STOCK MARKET PVT. LTD.,Midas Stock Broking Company Private Limited,2026-04-13 11:29:08.598657
2026041304002965,UPPER,26,21,177,214.0,37878.0,Asian Securities Private Ltd.,Midas Stock Broking Company Private Limited,2026-04-13 11:29:08.599141
2026041304002985,UPPER,42,4,50,215.0,10750.0,Sani Securities Company Ltd.,Opal Securities Investment (PVT) Ltd.,2026-04-13 11:29:19.604907
2026041304003020,UPPER,42,45,50,215.0,10750.0,Sani Securities Company Ltd.,Imperial Securities Company Pvt. Ltd.,2026-04-13 11:29:33.927522
2026041304003021,UPPER,45,45,10,215.0,2150.0,Imperial Securities Company Pvt. Ltd.,Imperial Securities Company Pvt. Ltd.,2026-04-13 11:29:33.927821
2026041304003091,UPPER,26,58,10,214.0,2140.0,Asian Securities Private Ltd.,Naasa Securities Co. Ltd.,2026-04-13 11:30:23.105857
2026041304003127,UPPER,6,45,190,215.0,40850.0,Agrawal Securities (PVT) Ltd.,Imperial Securities Company Pvt. Ltd.,2026-04-13 11:30:56.196569
2026041304003128,UPPER,6,25,285,215.0,61275.0,Agrawal Securities (PVT) Ltd.,Sweta Securities Private Limited,2026-04-13 11:30:56.196960
2026041304003129,UPPER,6,35,225,215.0,48375.0,Agrawal Securities (PVT) Ltd.,Kohinoor Investment & Securities Pvt. Ltd.,2026-04-13 11:30:56.197078
2026041304003146,UPPER,26,44,97,214.0,20758.0,Asian Securities Private Ltd.,Dynamic Money Managers Securities Pvt. Ltd.,2026-04-13 11:31:06.827823
2026041304003191,UPPER,6,45,250,214.9,53725.0,Agrawal Securities (PVT) Ltd.,Imperial Securities Company Pvt. Ltd.,2026-04-13 11:31:38.473063
2026041304003203,UPPER,58,35,25,215.0,5375.0,Naasa Securities Co. Ltd.,Kohinoor Investment & Securities Pvt. Ltd.,2026-04-13 11:31:44.985224
2026041304003204,UPPER,58,28,20,215.0,4300.0,Naasa Securities Co. Ltd.,Shree Krishna Securities Ltd.,2026-04-13 11:31:44.985548
2026041304003205,UPPER,58,34,36,215.0,7740.0,Naasa Securities Co. Ltd.,Vision Securities Pvt. Ltd,2026-04-13 11:31:44.985690
2026041304003221,UPPER,58,8,1000,215.0,215000.0,Naasa Securities Co. Ltd.,Brilliant Securities Pvt. Ltd.,2026-04-13 11:32:00.452887
2026041304003242,UPPER,58,43,1120,215.0,240800.0,Naasa Securities Co. Ltd.,South Asian Bulls Pvt. Ltd.,2026-04-13 11:32:18.425755
2026041304003245,UPPER,63,48,10,215.7,2157.0,Himalayan Brokerage Company Limited,Trishakti Securities Public Limited,2026-04-13 11:32:22.977438
2026041304003258,UPPER,6,48,50,215.7,10785.0,Agrawal Securities (PVT) Ltd.,Trishakti Securities Public Limited,2026-04-13 11:32:25.398589
2026041304003267,UPPER,58,34,119,215.0,25585.0,Naasa Securities Co. Ltd.,Vision Securities Pvt. Ltd,2026-04-13 11:32:36.007745
2026041304003268,UPPER,58,34,381,215.0,81915.0,Naasa Securities Co. Ltd.,Vision Securities Pvt. Ltd,2026-04-13 11:32:36.008410
2026041304003306,UPPER,58,19,400,215.0,86000.0,Naasa Securities Co. Ltd.,Nepal Investment And Securities Trading Private Limited,2026-04-13 11:33:06.184682
2026041304003332,UPPER,28,48,40,215.7,8628.0,Shree Krishna Securities Ltd.,Trishakti Securities Public Limited,2026-04-13 11:33:21.718989
2026041304003333,UPPER,28,42,100,215.8,21580.0,Shree Krishna Securities Ltd.,Sani Securities Company Ltd.,2026-04-13 11:33:21.719624
2026041304003334,UPPER,28,97,160,215.9,34544.0,Shree Krishna Securities Ltd.,R.B.B. Securities Company Ltd,2026-04-13 11:33:21.720009
2026041304003335,UPPER,58,8,184,215.0,39560.0,Naasa Securities Co. Ltd.,Brilliant Securities Pvt. Ltd.,2026-04-13 11:33:22.380499
2026041304003336,UPPER,49,8,34,215.0,7310.0,Online Securities Pvt. Ltd.,Brilliant Securities Pvt. Ltd.,2026-04-13 11:33:23.288537
2026041304003344,UPPER,58,8,10,215.0,2150.0,Naasa Securities Co. Ltd.,Brilliant Securities Pvt. Ltd.,2026-04-13 11:33:35.849286
2026041304003353,UPPER,11,8,20,215.0,4300.0,Malla & Malla Stock Broking Company Pvt. Limited,Brilliant Securities Pvt. Ltd.,2026-04-13 11:33:47.789137
2026041304003443,UPPER,26,44,72,214.0,15408.0,Asian Securities Private Ltd.,Dynamic Money Managers Securities Pvt. Ltd.,2026-04-13 11:35:16.893540
2026041304003444,UPPER,45,44,10,214.0,2140.0,Imperial Securities Company Pvt. Ltd.,Dynamic Money Managers Securities Pvt. Ltd.,2026-04-13 11:35:16.893830
2026041304003445,UPPER,4,44,30,214.0,6420.0,Opal Securities Investment (PVT) Ltd.,Dynamic Money Managers Securities Pvt. Ltd.,2026-04-13 11:35:16.893955
2026041304003446,UPPER,58,44,250,214.0,53500.0,Naasa Securities Co. Ltd.,Dynamic Money Managers Securities Pvt. Ltd.,2026-04-13 11:35:16.894077
2026041304003447,UPPER,8,44,138,214.0,29532.0,Brilliant Securities Pvt. Ltd.,Dynamic Money Managers Securities Pvt. Ltd.,2026-04-13 11:35:16.894197
2026041304003641,UPPER,7,42,400,214.5,85800.0,J.F. Securites (PVT) Ltd.,Sani Securities Company Ltd.,2026-04-13 11:36:36.618723
2026041304003642,UPPER,8,42,362,214.0,77468.0,Brilliant Securities Pvt. Ltd.,Sani Securities Company Ltd.,2026-04-13 11:36:36.619346
2026041304003697,UPPER,36,58,116,213.7,24789.2,Secured Securities Ltd.,Naasa Securities Co. Ltd.,2026-04-13 11:37:20.401658
2026041304003765,UPPER,42,42,18,214.0,3852.0,Sani Securities Company Ltd.,Sani Securities Company Ltd.,2026-04-13 11:38:17.228578
2026041304003766,UPPER,36,49,84,213.7,17950.8,Secured Securities Ltd.,Online Securities Pvt. Ltd.,2026-04-13 11:38:17.464449
2026041304003776,UPPER,58,49,12,213.7,2564.4,Naasa Securities Co. Ltd.,Online Securities Pvt. Ltd.,2026-04-13 11:38:27.284257
2026041304003790,UPPER,34,42,24,214.0,5136.0,Vision Securities Pvt. Ltd,Sani Securities Company Ltd.,2026-04-13 11:38:50.381601
2026041304003824,UPPER,34,45,36,214.0,7704.0,Vision Securities Pvt. Ltd,Imperial Securities Company Pvt. Ltd.,2026-04-13 11:39:12.745714
2026041304003825,UPPER,36,45,560,214.0,119840.0,Secured Securities Ltd.,Imperial Securities Company Pvt. Ltd.,2026-04-13 11:39:12.746057
2026041304003834,UPPER,40,58,10,214.7,2147.0,Creative Securities Pvt Ltd,Naasa Securities Co. Ltd.,2026-04-13 11:39:20.359563
2026041304003864,UPPER,91,8,10,215.0,2150.0,Citizens Share Broker Limited,Brilliant Securities Pvt. Ltd.,2026-04-13 11:39:50.237265
2026041304004078,UPPER,62,50,20,214.9,4298.0,Capital Max Securities Ltd,Cristal Kanchanjanga Securites Pvt. Ltd.,2026-04-13 11:41:03.955463
2026041304004112,UPPER,44,50,80,214.9,17192.0,Dynamic Money Managers Securities Pvt. Ltd.,Cristal Kanchanjanga Securites Pvt. Ltd.,2026-04-13 11:41:27.075760
2026041304004125,UPPER,57,8,242,215.0,52030.0,Aryatara Investment & Securities,Brilliant Securities Pvt. Ltd.,2026-04-13 11:41:40.761010
2026041304004126,UPPER,57,22,758,215.0,162970.0,Aryatara Investment & Securities,Siprabi Securities Pvt. Ltd.,2026-04-13 11:41:40.761390
2026041304004189,UPPER,44,77,20,214.9,4298.0,Dynamic Money Managers Securities Pvt. Ltd.,Nabil Stock Dealer Ltd.,2026-04-13 11:42:30.989760
2026041304004217,UPPER,59,22,50,215.0,10750.0,Deevyaa Securities & Stock House Pvt. Ltd,Siprabi Securities Pvt. Ltd.,2026-04-13 11:42:52.134709
2026041304004228,UPPER,11,22,20,215.0,4300.0,Malla & Malla Stock Broking Company Pvt. Limited,Siprabi Securities Pvt. Ltd.,2026-04-13 11:43:05.161610
2026041304004229,UPPER,48,58,40,214.7,8588.0,Trishakti Securities Public Limited,Naasa Securities Co. Ltd.,2026-04-13 11:43:05.723924
2026041304004401,UPPER,42,77,80,214.9,17192.0,Sani Securities Company Ltd.,Nabil Stock Dealer Ltd.,2026-04-13 11:44:45.499897
2026041304004428,UPPER,42,22,172,215.0,36980.0,Sani Securities Company Ltd.,Siprabi Securities Pvt. Ltd.,2026-04-13 11:45:09.718683
2026041304004429,UPPER,42,51,50,215.0,10750.0,Sani Securities Company Ltd.,Oxford Securities Pvt. Ltd.,2026-04-13 11:45:09.719309
2026041304004496,UPPER,58,58,10,214.9,2149.0,Naasa Securities Co. Ltd.,Naasa Securities Co. Ltd.,2026-04-13 11:45:38.768882
2026041304004497,UPPER,41,58,400,214.9,85960.0,Linch Stock Market Ltd.,Naasa Securities Co. Ltd.,2026-04-13 11:45:41.675032
2026041304004511,UPPER,41,58,25,214.9,5372.5,Linch Stock Market Ltd.,Naasa Securities Co. Ltd.,2026-04-13 11:45:51.150853
2026041304004516,UPPER,28,58,56,214.9,12034.4,Shree Krishna Securities Ltd.,Naasa Securities Co. Ltd.,2026-04-13 11:46:00.876390
2026041304004539,UPPER,62,58,150,214.9,32235.0,Capital Max Securities Ltd,Naasa Securities Co. Ltd.,2026-04-13 11:46:09.675088
2026041304004542,UPPER,57,58,100,214.9,21490.0,Aryatara Investment & Securities,Naasa Securities Co. Ltd.,2026-04-13 11:46:10.960120
2026041304004582,UPPER,48,34,10,214.7,2147.0,Trishakti Securities Public Limited,Vision Securities Pvt. Ltd,2026-04-13 11:46:34.830713
2026041304004583,UPPER,49,34,27,214.7,5796.9,Online Securities Pvt. Ltd.,Vision Securities Pvt. Ltd,2026-04-13 11:46:34.831064
2026041304004590,UPPER,58,58,100,214.9,21490.0,Naasa Securities Co. Ltd.,Naasa Securities Co. Ltd.,2026-04-13 11:46:42.519780
2026041304004677,UPPER,34,58,500,214.9,107450.0,Vision Securities Pvt. Ltd,Naasa Securities Co. Ltd.,2026-04-13 11:47:30.540538
2026041304004702,UPPER,57,58,100,214.9,21490.0,Aryatara Investment & Securities,Naasa Securities Co. Ltd.,2026-04-13 11:47:45.377054
2026041304004723,UPPER,58,58,10,214.8,2148.0,Naasa Securities Co. Ltd.,Naasa Securities Co. Ltd.,2026-04-13 11:47:52.967466
2026041304004740,UPPER,20,58,144,214.9,30945.6,Sipla Securities Private Limited,Naasa Securities Co. Ltd.,2026-04-13 11:48:00.375037
2026041304004741,UPPER,20,49,104,214.9,22349.6,Sipla Securities Private Limited,Online Securities Pvt. Ltd.,2026-04-13 11:48:00.375425
2026041304004770,UPPER,42,51,50,215.0,10750.0,Sani Securities Company Ltd.,Oxford Securities Pvt. Ltd.,2026-04-13 11:48:17.086846
2026041304004771,UPPER,42,42,20,215.0,4300.0,Sani Securities Company Ltd.,Sani Securities Company Ltd.,2026-04-13 11:48:17.087173
2026041304004772,UPPER,42,14,15,215.0,3225.0,Sani Securities Company Ltd.,Nepal Stock House (PVT) Ltd.,2026-04-13 11:48:17.087333
2026041304004773,UPPER,42,25,698,215.0,150070.0,Sani Securities Company Ltd.,Sweta Securities Private Limited,2026-04-13 11:48:17.087518
2026041304004774,UPPER,42,34,850,215.0,182750.0,Sani Securities Company Ltd.,Vision Securities Pvt. Ltd,2026-04-13 11:48:17.087690
2026041304004775,UPPER,42,46,367,215.0,78905.0,Sani Securities Company Ltd.,Kalika Securities Pvt. Ltd.,2026-04-13 11:48:17.087861
2026041304004814,UPPER,48,46,133,215.0,28595.0,Trishakti Securities Public Limited,Kalika Securities Pvt. Ltd.,2026-04-13 11:48:35.964705
2026041304004815,UPPER,48,11,10,215.0,2150.0,Trishakti Securities Public Limited,Malla & Malla Stock Broking Company Pvt. Limited,2026-04-13 11:48:35.965360
2026041304004816,UPPER,48,58,352,215.0,75680.0,Trishakti Securities Public Limited,Naasa Securities Co. Ltd.,2026-04-13 11:48:35.965811
2026041304004817,UPPER,48,52,50,215.0,10750.0,Trishakti Securities Public Limited,Sundhara Securities Limited,2026-04-13 11:48:35.966242
2026041304004818,UPPER,48,35,30,215.0,6450.0,Trishakti Securities Public Limited,Kohinoor Investment & Securities Pvt. Ltd.,2026-04-13 11:48:35.966673
2026041304004819,UPPER,48,58,236,215.0,50740.0,Trishakti Securities Public Limited,Naasa Securities Co. Ltd.,2026-04-13 11:48:35.967081
2026041304004820,UPPER,48,49,96,215.0,20640.0,Trishakti Securities Public Limited,Online Securities Pvt. Ltd.,2026-04-13 11:48:35.967522
2026041304004821,UPPER,48,58,93,215.0,19995.0,Trishakti Securities Public Limited,Naasa Securities Co. Ltd.,2026-04-13 11:48:35.967946
2026041304004828,UPPER,94,58,507,215.0,109005.0,K.B.L. Securities Limited ,Naasa Securities Co. Ltd.,2026-04-13 11:48:41.164191
2026041304004829,UPPER,13,58,100,215.0,21500.0,Thrive Brokerage House Pvt. Ltd,Naasa Securities Co. Ltd.,2026-04-13 11:48:42.590605
2026041304004834,UPPER,38,58,215,215.0,46225.0,Dipshikha Dhitopatra Karobar Co. Pvt Ltd.,Naasa Securities Co. Ltd.,2026-04-13 11:48:44.801594
2026041304004835,UPPER,38,58,10,215.0,2150.0,Dipshikha Dhitopatra Karobar Co. Pvt Ltd.,Naasa Securities Co. Ltd.,2026-04-13 11:48:44.802224
2026041304004927,UPPER,38,97,830,215.9,179197.0,Dipshikha Dhitopatra Karobar Co. Pvt Ltd.,R.B.B. Securities Company Ltd,2026-04-13 11:49:13.929444
2026041304004928,UPPER,38,16,500,215.9,107950.0,Dipshikha Dhitopatra Karobar Co. Pvt Ltd.,Primo Securities (PVT) Ltd.,2026-04-13 11:49:13.929743
2026041304004929,UPPER,38,57,200,215.9,43180.0,Dipshikha Dhitopatra Karobar Co. Pvt Ltd.,Aryatara Investment & Securities,2026-04-13 11:49:13.929883
2026041304004960,UPPER,42,11,10,216.0,2160.0,Sani Securities Company Ltd.,Malla & Malla Stock Broking Company Pvt. Limited,2026-04-13 11:49:30.899494
2026041304004989,UPPER,28,42,68,215.1,14626.8,Shree Krishna Securities Ltd.,Sani Securities Company Ltd.,2026-04-13 11:49:47.006456
2026041304005001,UPPER,20,11,286,216.0,61776.0,Sipla Securities Private Limited,Malla & Malla Stock Broking Company Pvt. Limited,2026-04-13 11:49:54.772528
2026041304005002,UPPER,20,57,604,216.0,130464.0,Sipla Securities Private Limited,Aryatara Investment & Securities,2026-04-13 11:49:54.773161
2026041304005003,UPPER,20,42,80,216.0,17280.0,Sipla Securities Private Limited,Sani Securities Company Ltd.,2026-04-13 11:49:54.773607
2026041304005004,UPPER,20,42,30,216.0,6480.0,Sipla Securities Private Limited,Sani Securities Company Ltd.,2026-04-13 11:49:54.774021
2026041304005022,UPPER,38,42,270,216.0,58320.0,Dipshikha Dhitopatra Karobar Co. Pvt Ltd.,Sani Securities Company Ltd.,2026-04-13 11:50:10.066142
2026041304005023,UPPER,38,20,100,216.0,21600.0,Dipshikha Dhitopatra Karobar Co. Pvt Ltd.,Sipla Securities Private Limited,2026-04-13 11:50:10.066464
2026041304005024,UPPER,38,58,25,216.0,5400.0,Dipshikha Dhitopatra Karobar Co. Pvt Ltd.,Naasa Securities Co. Ltd.,2026-04-13 11:50:10.066607
2026041304005025,UPPER,38,39,293,216.0,63288.0,Dipshikha Dhitopatra Karobar Co. Pvt Ltd.,Sumeru Securities Pvt. Ltd.,2026-04-13 11:50:10.066754
2026041304005026,UPPER,38,42,68,216.0,14688.0,Dipshikha Dhitopatra Karobar Co. Pvt Ltd.,Sani Securities Company Ltd.,2026-04-13 11:50:10.066896
2026041304005027,UPPER,38,28,100,216.0,21600.0,Dipshikha Dhitopatra Karobar Co. Pvt Ltd.,Shree Krishna Securities Ltd.,2026-04-13 11:50:10.067038
2026041304005028,UPPER,38,19,200,216.0,43200.0,Dipshikha Dhitopatra Karobar Co. Pvt Ltd.,Nepal Investment And Securities Trading Private Limited,2026-04-13 11:50:10.067197
2026041304005029,UPPER,38,35,50,216.0,10800.0,Dipshikha Dhitopatra Karobar Co. Pvt Ltd.,Kohinoor Investment & Securities Pvt. Ltd.,2026-04-13 11:50:10.067344
2026041304005030,UPPER,38,22,15,216.0,3240.0,Dipshikha Dhitopatra Karobar Co. Pvt Ltd.,Siprabi Securities Pvt. Ltd.,2026-04-13 11:50:10.067482
2026041304005031,UPPER,38,21,191,216.0,41256.0,Dipshikha Dhitopatra Karobar Co. Pvt Ltd.,Midas Stock Broking Company Private Limited,2026-04-13 11:50:10.067617
2026041304005032,UPPER,38,44,688,216.0,148608.0,Dipshikha Dhitopatra Karobar Co. Pvt Ltd.,Dynamic Money Managers Securities Pvt. Ltd.,2026-04-13 11:50:10.067755
2026041304005041,UPPER,20,44,562,216.0,121392.0,Sipla Securities Private Limited,Dynamic Money Managers Securities Pvt. Ltd.,2026-04-13 11:50:12.128663
2026041304005042,UPPER,20,11,50,216.0,10800.0,Sipla Securities Private Limited,Malla & Malla Stock Broking Company Pvt. Limited,2026-04-13 11:50:12.129347
2026041304005043,UPPER,20,42,50,216.0,10800.0,Sipla Securities Private Limited,Sani Securities Company Ltd.,2026-04-13 11:50:12.129816
2026041304005044,UPPER,20,81,100,216.0,21600.0,Sipla Securities Private Limited,Aakashbhairab Securities Ltd.,2026-04-13 11:50:12.130385
2026041304005045,UPPER,20,18,1990,216.0,429840.0,Sipla Securities Private Limited,Sagarmatha Securities Private Limited,2026-04-13 11:50:12.131019
2026041304005058,UPPER,49,18,1610,216.0,347760.0,Online Securities Pvt. Ltd.,Sagarmatha Securities Private Limited,2026-04-13 11:50:20.295499
2026041304005059,UPPER,49,19,118,216.0,25488.0,Online Securities Pvt. Ltd.,Nepal Investment And Securities Trading Private Limited,2026-04-13 11:50:20.295820
2026041304005060,UPPER,49,49,80,216.0,17280.0,Online Securities Pvt. Ltd.,Online Securities Pvt. Ltd.,2026-04-13 11:50:23.655712
2026041304005192,UPPER,49,22,150,216.0,32400.0,Online Securities Pvt. Ltd.,Siprabi Securities Pvt. Ltd.,2026-04-13 11:51:30.878690
2026041304005196,UPPER,49,34,10,216.0,2160.0,Online Securities Pvt. Ltd.,Vision Securities Pvt. Ltd,2026-04-13 11:51:36.760780
2026041304005213,UPPER,57,4,40,216.1,8644.0,Aryatara Investment & Securities,Opal Securities Investment (PVT) Ltd.,2026-04-13 11:51:58.643498
2026041304005221,UPPER,49,45,300,216.0,64800.0,Online Securities Pvt. Ltd.,Imperial Securities Company Pvt. Ltd.,2026-04-13 11:52:04.751152
2026041304005227,UPPER,49,44,10,216.0,2160.0,Online Securities Pvt. Ltd.,Dynamic Money Managers Securities Pvt. Ltd.,2026-04-13 11:52:07.662011
2026041304005230,UPPER,49,42,550,216.0,118800.0,Online Securities Pvt. Ltd.,Sani Securities Company Ltd.,2026-04-13 11:52:09.890512
2026041304005257,UPPER,49,45,1000,216.0,216000.0,Online Securities Pvt. Ltd.,Imperial Securities Company Pvt. Ltd.,2026-04-13 11:52:30.229228
2026041304005280,UPPER,49,6,1000,216.0,216000.0,Online Securities Pvt. Ltd.,Agrawal Securities (PVT) Ltd.,2026-04-13 11:52:43.933602
2026041304005281,UPPER,49,38,20,216.0,4320.0,Online Securities Pvt. Ltd.,Dipshikha Dhitopatra Karobar Co. Pvt Ltd.,2026-04-13 11:52:44.273894
2026041304005286,UPPER,42,4,25,216.1,5402.5,Sani Securities Company Ltd.,Opal Securities Investment (PVT) Ltd.,2026-04-13 11:52:48.962093
2026041304005336,UPPER,49,45,100,216.0,21600.0,Online Securities Pvt. Ltd.,Imperial Securities Company Pvt. Ltd.,2026-04-13 11:53:11.123183
2026041304005375,UPPER,49,17,20,216.1,4322.0,Online Securities Pvt. Ltd.,ABC Securities Private Limited,2026-04-13 11:53:32.646221
2026041304005376,UPPER,49,58,32,216.3,6921.6,Online Securities Pvt. Ltd.,Naasa Securities Co. Ltd.,2026-04-13 11:53:32.646577
2026041304005393,UPPER,57,58,48,216.3,10382.4,Aryatara Investment & Securities,Naasa Securities Co. Ltd.,2026-04-13 11:53:45.290954
2026041304005394,UPPER,57,13,452,216.3,97767.6,Aryatara Investment & Securities,Thrive Brokerage House Pvt. Ltd,2026-04-13 11:53:45.291641
2026041304005397,UPPER,42,13,48,216.3,10382.4,Sani Securities Company Ltd.,Thrive Brokerage House Pvt. Ltd,2026-04-13 11:53:46.935062
2026041304005398,UPPER,42,85,52,216.3,11247.6,Sani Securities Company Ltd.,Capital Hub P. Ltd,2026-04-13 11:53:46.935428
2026041304005403,UPPER,21,6,75,215.4,16155.0,Midas Stock Broking Company Private Limited,Agrawal Securities (PVT) Ltd.,2026-04-13 11:53:55.291551
2026041304005418,UPPER,35,85,48,216.3,10382.4,Kohinoor Investment & Securities Pvt. Ltd.,Capital Hub P. Ltd,2026-04-13 11:54:05.575518
2026041304005549,UPPER,42,6,10,216.0,2160.0,Sani Securities Company Ltd.,Agrawal Securities (PVT) Ltd.,2026-04-13 11:55:40.509389
2026041304005556,UPPER,35,6,50,216.0,10800.0,Kohinoor Investment & Securities Pvt. Ltd.,Agrawal Securities (PVT) Ltd.,2026-04-13 11:55:45.592770
2026041304005622,UPPER,1,38,30,215.5,6465.0,Kumari Securities Private Limited,Dipshikha Dhitopatra Karobar Co. Pvt Ltd.,2026-04-13 11:56:13.594514
2026041304005639,UPPER,1,49,300,215.5,64650.0,Kumari Securities Private Limited,Online Securities Pvt. Ltd.,2026-04-13 11:56:21.367374
2026041304005678,UPPER,1,5,1500,215.5,323250.0,Kumari Securities Private Limited,Market Securities & Exchange (PVT) Ltd.,2026-04-13 11:56:47.929766
2026041304005679,UPPER,1,42,170,215.5,36635.0,Kumari Securities Private Limited,Sani Securities Company Ltd.,2026-04-13 11:56:50.154775
2026041304005680,UPPER,44,42,100,215.5,21550.0,Dynamic Money Managers Securities Pvt. Ltd.,Sani Securities Company Ltd.,2026-04-13 11:56:50.155107
2026041304005716,UPPER,35,42,147,215.4,31663.8,Kohinoor Investment & Securities Pvt. Ltd.,Sani Securities Company Ltd.,2026-04-13 11:57:04.130192
2026041304005735,UPPER,28,32,435,215.1,93568.5,Shree Krishna Securities Ltd.,Premier Securities Company Ltd.,2026-04-13 11:57:07.926173
2026041304005736,UPPER,45,32,20,215.0,4300.0,Imperial Securities Company Pvt. Ltd.,Premier Securities Company Ltd.,2026-04-13 11:57:07.926222
2026041304005737,UPPER,42,32,13,215.0,2795.0,Sani Securities Company Ltd.,Premier Securities Company Ltd.,2026-04-13 11:57:07.926247
2026041304005738,UPPER,14,32,500,215.0,107500.0,Nepal Stock House (PVT) Ltd.,Premier Securities Company Ltd.,2026-04-13 11:57:07.926270
2026041304005739,UPPER,49,32,973,214.7,208903.1,Online Securities Pvt. Ltd.,Premier Securities Company Ltd.,2026-04-13 11:57:07.926293
2026041304005740,UPPER,36,32,40,214.0,8560.0,Secured Securities Ltd.,Premier Securities Company Ltd.,2026-04-13 11:57:07.926324
2026041304005741,UPPER,51,32,200,214.0,42800.0,Oxford Securities Pvt. Ltd.,Premier Securities Company Ltd.,2026-04-13 11:57:07.926349
2026041304005742,UPPER,58,32,62,214.0,13268.0,Naasa Securities Co. Ltd.,Premier Securities Company Ltd.,2026-04-13 11:57:07.926415
2026041304005743,UPPER,4,32,295,214.0,63130.0,Opal Securities Investment (PVT) Ltd.,Premier Securities Company Ltd.,2026-04-13 11:57:07.926470
2026041304005744,UPPER,51,32,244,214.0,52216.0,Oxford Securities Pvt. Ltd.,Premier Securities Company Ltd.,2026-04-13 11:57:07.926498
2026041304005745,UPPER,34,32,40,214.0,8560.0,Vision Securities Pvt. Ltd,Premier Securities Company Ltd.,2026-04-13 11:57:07.926519
2026041304005746,UPPER,26,32,78,214.0,16692.0,Asian Securities Private Ltd.,Premier Securities Company Ltd.,2026-04-13 11:57:07.926542
2026041304005882,UPPER,38,33,200,214.1,42820.0,Dipshikha Dhitopatra Karobar Co. Pvt Ltd.,Dakshinkali Investment & Securities Pvt. Ltd.,2026-04-13 11:58:21.142637
2026041304006026,UPPER,74,42,15,215.5,3232.5,KALASH STOCK MARKET PVT. LTD.,Sani Securities Company Ltd.,2026-04-13 11:59:28.259746
2026041304006046,UPPER,22,34,300,214.5,64350.0,Siprabi Securities Pvt. Ltd.,Vision Securities Pvt. Ltd,2026-04-13 11:59:36.260804
2026041304006047,UPPER,38,34,45,214.1,9634.5,Dipshikha Dhitopatra Karobar Co. Pvt Ltd.,Vision Securities Pvt. Ltd,2026-04-13 11:59:36.261599
2026041304006048,UPPER,34,34,100,214.1,21410.0,Vision Securities Pvt. Ltd,Vision Securities Pvt. Ltd,2026-04-13 11:59:36.262128
2026041304006049,UPPER,26,34,922,214.0,197308.0,Asian Securities Private Ltd.,Vision Securities Pvt. Ltd,2026-04-13 11:59:36.262684
2026041304006050,UPPER,58,34,133,214.0,28462.0,Naasa Securities Co. Ltd.,Vision Securities Pvt. Ltd,2026-04-13 11:59:36.263207
2026041304006587,UPPER,4,54,15,215.0,3225.0,Opal Securities Investment (PVT) Ltd.,Sewa Securities Pvt. Ltd.,2026-04-13 12:01:57.508069
2026041304006649,UPPER,58,54,10,215.0,2150.0,Naasa Securities Co. Ltd.,Sewa Securities Pvt. Ltd.,2026-04-13 12:02:21.561618
2026041304006844,UPPER,14,54,15,215.0,3225.0,Nepal Stock House (PVT) Ltd.,Sewa Securities Pvt. Ltd.,2026-04-13 12:03:53.641785
2026041304006845,UPPER,14,57,253,215.0,54395.0,Nepal Stock House (PVT) Ltd.,Aryatara Investment & Securities,2026-04-13 12:03:53.642634
2026041304006871,UPPER,16,59,200,214.8,42960.0,Primo Securities (PVT) Ltd.,Deevyaa Securities & Stock House Pvt. Ltd,2026-04-13 12:04:15.512156
2026041304007036,UPPER,16,58,34,214.6,7296.4,Primo Securities (PVT) Ltd.,Naasa Securities Co. Ltd.,2026-04-13 12:05:31.305096
2026041304007099,UPPER,16,58,10,214.6,2146.0,Primo Securities (PVT) Ltd.,Naasa Securities Co. Ltd.,2026-04-13 12:06:16.425987
2026041304007122,UPPER,13,49,40,214.7,8588.0,Thrive Brokerage House Pvt. Ltd,Online Securities Pvt. Ltd.,2026-04-13 12:06:24.969470
2026041304007186,UPPER,16,39,20,214.6,4292.0,Primo Securities (PVT) Ltd.,Sumeru Securities Pvt. Ltd.,2026-04-13 12:06:58.417704
2026041304007189,UPPER,16,49,100,214.7,21470.0,Primo Securities (PVT) Ltd.,Online Securities Pvt. Ltd.,2026-04-13 12:07:00.866931
2026041304007297,UPPER,58,49,360,214.7,77292.0,Naasa Securities Co. Ltd.,Online Securities Pvt. Ltd.,2026-04-13 12:08:09.447323
2026041304007348,UPPER,68,49,100,214.9,21490.0,Elite Stock House Limited,Online Securities Pvt. Ltd.,2026-04-13 12:08:30.032165
2026041304007349,UPPER,68,57,100,215.0,21500.0,Elite Stock House Limited,Aryatara Investment & Securities,2026-04-13 12:08:30.032637
2026041304007357,UPPER,58,57,1147,215.0,246605.0,Naasa Securities Co. Ltd.,Aryatara Investment & Securities,2026-04-13 12:08:39.776698
2026041304007358,UPPER,58,7,44,215.0,9460.0,Naasa Securities Co. Ltd.,J.F. Securites (PVT) Ltd.,2026-04-13 12:08:39.776802
2026041304007359,UPPER,58,22,25,215.0,5375.0,Naasa Securities Co. Ltd.,Siprabi Securities Pvt. Ltd.,2026-04-13 12:08:39.776894
2026041304007360,UPPER,58,6,100,215.0,21500.0,Naasa Securities Co. Ltd.,Agrawal Securities (PVT) Ltd.,2026-04-13 12:08:39.776961
2026041304007361,UPPER,58,22,300,215.0,64500.0,Naasa Securities Co. Ltd.,Siprabi Securities Pvt. Ltd.,2026-04-13 12:08:39.777034
2026041304007362,UPPER,58,38,20,215.0,4300.0,Naasa Securities Co. Ltd.,Dipshikha Dhitopatra Karobar Co. Pvt Ltd.,2026-04-13 12:08:39.777109
2026041304007363,UPPER,58,29,80,215.0,17200.0,Naasa Securities Co. Ltd.,Trisul Securities & Invt. Ltd.,2026-04-13 12:08:39.777174
2026041304007364,UPPER,58,4,82,215.4,17662.8,Naasa Securities Co. Ltd.,Opal Securities Investment (PVT) Ltd.,2026-04-13 12:08:39.777250
2026041304007365,UPPER,58,47,38,215.6,8192.8,Naasa Securities Co. Ltd.,Neev Securities Pvt. Ltd.,2026-04-13 12:08:39.777380
2026041304007523,UPPER,84,58,18,215.0,3870.0,MILKY WAY SHARE BROKER COMPANY LTD ,Naasa Securities Co. Ltd.,2026-04-13 12:10:17.271748
2026041304007524,UPPER,22,58,34,215.0,7310.0,Siprabi Securities Pvt. Ltd.,Naasa Securities Co. Ltd.,2026-04-13 12:10:17.272166
2026041304007529,UPPER,41,47,70,215.6,15092.0,Linch Stock Market Ltd.,Neev Securities Pvt. Ltd.,2026-04-13 12:10:20.139102
2026041304007533,UPPER,45,47,22,215.6,4743.2,Imperial Securities Company Pvt. Ltd.,Neev Securities Pvt. Ltd.,2026-04-13 12:10:22.652934
2026041304007594,UPPER,58,47,87,215.6,18757.2,Naasa Securities Co. Ltd.,Neev Securities Pvt. Ltd.,2026-04-13 12:10:35.155657
2026041304007635,UPPER,22,58,68,215.0,14620.0,Siprabi Securities Pvt. Ltd.,Naasa Securities Co. Ltd.,2026-04-13 12:11:06.051429
2026041304007636,UPPER,29,58,126,215.0,27090.0,Trisul Securities & Invt. Ltd.,Naasa Securities Co. Ltd.,2026-04-13 12:11:06.052256
2026041304007680,UPPER,29,32,274,215.0,58910.0,Trisul Securities & Invt. Ltd.,Premier Securities Company Ltd.,2026-04-13 12:11:24.685746
2026041304007681,UPPER,36,32,150,215.0,32250.0,Secured Securities Ltd.,Premier Securities Company Ltd.,2026-04-13 12:11:24.685845
2026041304007731,UPPER,58,29,100,215.0,21500.0,Naasa Securities Co. Ltd.,Trisul Securities & Invt. Ltd.,2026-04-13 12:12:12.034019
2026041304007764,UPPER,58,29,33,215.0,7095.0,Naasa Securities Co. Ltd.,Trisul Securities & Invt. Ltd.,2026-04-13 12:12:21.315738
2026041304007765,UPPER,26,29,200,215.0,43000.0,Asian Securities Private Ltd.,Trisul Securities & Invt. Ltd.,2026-04-13 12:12:22.645258
2026041304007768,UPPER,58,29,15,215.0,3225.0,Naasa Securities Co. Ltd.,Trisul Securities & Invt. Ltd.,2026-04-13 12:12:24.204721
2026041304007782,UPPER,38,29,652,215.0,140180.0,Dipshikha Dhitopatra Karobar Co. Pvt Ltd.,Trisul Securities & Invt. Ltd.,2026-04-13 12:12:30.885234
2026041304007783,UPPER,38,34,348,215.0,74820.0,Dipshikha Dhitopatra Karobar Co. Pvt Ltd.,Vision Securities Pvt. Ltd,2026-04-13 12:12:30.886240
2026041304007834,UPPER,49,34,20,215.0,4300.0,Online Securities Pvt. Ltd.,Vision Securities Pvt. Ltd,2026-04-13 12:12:43.257334
2026041304007842,UPPER,33,54,40,214.7,8588.0,Dakshinkali Investment & Securities Pvt. Ltd.,Sewa Securities Pvt. Ltd.,2026-04-13 12:12:45.672348
2026041304007882,UPPER,33,58,10,214.7,2147.0,Dakshinkali Investment & Securities Pvt. Ltd.,Naasa Securities Co. Ltd.,2026-04-13 12:13:13.635148
2026041304007943,UPPER,46,34,10,215.0,2150.0,Kalika Securities Pvt. Ltd.,Vision Securities Pvt. Ltd,2026-04-13 12:13:39.167845
2026041304007964,UPPER,33,14,50,214.7,10735.0,Dakshinkali Investment & Securities Pvt. Ltd.,Nepal Stock House (PVT) Ltd.,2026-04-13 12:13:54.945097
2026041304008023,UPPER,58,34,50,215.0,10750.0,Naasa Securities Co. Ltd.,Vision Securities Pvt. Ltd,2026-04-13 12:14:12.980816
2026041304008096,UPPER,8,34,11,215.0,2365.0,Brilliant Securities Pvt. Ltd.,Vision Securities Pvt. Ltd,2026-04-13 12:14:44.481860
2026041304008185,UPPER,74,34,19,215.0,4085.0,KALASH STOCK MARKET PVT. LTD.,Vision Securities Pvt. Ltd,2026-04-13 12:15:37.469034
2026041304008332,UPPER,58,34,1124,215.0,241660.0,Naasa Securities Co. Ltd.,Vision Securities Pvt. Ltd,2026-04-13 12:16:06.324111
2026041304008333,UPPER,58,58,420,215.0,90300.0,Naasa Securities Co. Ltd.,Naasa Securities Co. Ltd.,2026-04-13 12:16:06.324216
2026041304008334,UPPER,58,34,80,215.0,17200.0,Naasa Securities Co. Ltd.,Vision Securities Pvt. Ltd,2026-04-13 12:16:06.324284
2026041304008335,UPPER,58,44,1000,215.0,215000.0,Naasa Securities Co. Ltd.,Dynamic Money Managers Securities Pvt. Ltd.,2026-04-13 12:16:06.324378
2026041304008336,UPPER,58,8,376,215.0,80840.0,Naasa Securities Co. Ltd.,Brilliant Securities Pvt. Ltd.,2026-04-13 12:16:06.324450
2026041304008343,UPPER,33,14,50,214.7,10735.0,Dakshinkali Investment & Securities Pvt. Ltd.,Nepal Stock House (PVT) Ltd.,2026-04-13 12:16:10.103104
2026041304008391,UPPER,33,43,850,214.7,182495.0,Dakshinkali Investment & Securities Pvt. Ltd.,South Asian Bulls Pvt. Ltd.,2026-04-13 12:16:31.172094
2026041304008392,UPPER,16,43,136,214.6,29185.6,Primo Securities (PVT) Ltd.,South Asian Bulls Pvt. Ltd.,2026-04-13 12:16:31.172582
2026041304008393,UPPER,8,43,14,214.2,2998.8,Brilliant Securities Pvt. Ltd.,South Asian Bulls Pvt. Ltd.,2026-04-13 12:16:31.172794
2026041304008429,UPPER,8,57,10,214.2,2142.0,Brilliant Securities Pvt. Ltd.,Aryatara Investment & Securities,2026-04-13 12:16:43.339774
2026041304008674,UPPER,42,8,24,215.0,5160.0,Sani Securities Company Ltd.,Brilliant Securities Pvt. Ltd.,2026-04-13 12:18:06.009988
2026041304008675,UPPER,42,42,92,215.0,19780.0,Sani Securities Company Ltd.,Sani Securities Company Ltd.,2026-04-13 12:18:06.010911
2026041304008750,UPPER,8,49,100,214.2,21420.0,Brilliant Securities Pvt. Ltd.,Online Securities Pvt. Ltd.,2026-04-13 12:18:44.740005
2026041304009009,UPPER,58,42,13,215.0,2795.0,Naasa Securities Co. Ltd.,Sani Securities Company Ltd.,2026-04-13 12:19:39.022526
2026041304009340,UPPER,21,58,10,214.3,2143.0,Midas Stock Broking Company Private Limited,Naasa Securities Co. Ltd.,2026-04-13 12:22:14.777271
2026041304009360,UPPER,21,36,330,214.3,70719.0,Midas Stock Broking Company Private Limited,Secured Securities Ltd.,2026-04-13 12:22:27.479113
2026041304009409,UPPER,58,57,100,214.8,21480.0,Naasa Securities Co. Ltd.,Aryatara Investment & Securities,2026-04-13 12:22:53.869372
2026041304009465,UPPER,57,45,18,214.4,3859.2,Aryatara Investment & Securities,Imperial Securities Company Pvt. Ltd.,2026-04-13 12:23:22.199627
2026041304009466,UPPER,21,45,282,214.3,60432.6,Midas Stock Broking Company Private Limited,Imperial Securities Company Pvt. Ltd.,2026-04-13 12:23:22.200564
2026041304009477,UPPER,22,57,10,214.8,2148.0,Siprabi Securities Pvt. Ltd.,Aryatara Investment & Securities,2026-04-13 12:23:29.173781
2026041304009619,UPPER,21,5,70,214.7,15029.0,Midas Stock Broking Company Private Limited,Market Securities & Exchange (PVT) Ltd.,2026-04-13 12:24:28.964042
2026041304009704,UPPER,58,58,4,214.1,856.4,Naasa Securities Co. Ltd.,Naasa Securities Co. Ltd.,2026-04-13 12:25:09.062662
2026041304009729,UPPER,21,54,34,214.3,7286.2,Midas Stock Broking Company Private Limited,Sewa Securities Pvt. Ltd.,2026-04-13 12:25:24.625211
2026041304009898,UPPER,21,38,44,214.3,9429.2,Midas Stock Broking Company Private Limited,Dipshikha Dhitopatra Karobar Co. Pvt Ltd.,2026-04-13 12:26:50.629930
2026041304009899,UPPER,8,38,42,214.2,8996.4,Brilliant Securities Pvt. Ltd.,Dipshikha Dhitopatra Karobar Co. Pvt Ltd.,2026-04-13 12:26:50.630063
2026041304009911,UPPER,42,42,8,214.0,1712.0,Sani Securities Company Ltd.,Sani Securities Company Ltd.,2026-04-13 12:26:57.656388
2026041304009932,UPPER,58,5,30,214.5,6435.0,Naasa Securities Co. Ltd.,Market Securities & Exchange (PVT) Ltd.,2026-04-13 12:27:11.109466
2026041304009969,UPPER,11,38,10,214.3,2143.0,Malla & Malla Stock Broking Company Pvt. Limited,Dipshikha Dhitopatra Karobar Co. Pvt Ltd.,2026-04-13 12:27:31.857848
2026041304010025,UPPER,89,57,20,214.8,4296.0,Global IME Securities Limited,Aryatara Investment & Securities,2026-04-13 12:28:00.600576
2026041304010029,UPPER,38,57,370,214.8,79476.0,Dipshikha Dhitopatra Karobar Co. Pvt Ltd.,Aryatara Investment & Securities,2026-04-13 12:28:01.741258
2026041304010030,UPPER,38,57,200,215.0,43000.0,Dipshikha Dhitopatra Karobar Co. Pvt Ltd.,Aryatara Investment & Securities,2026-04-13 12:28:01.742184
2026041304010031,UPPER,38,10,500,215.0,107500.0,Dipshikha Dhitopatra Karobar Co. Pvt Ltd.,Pragyan Securities (PVT) Ltd.,2026-04-13 12:28:01.742852
2026041304010032,UPPER,38,47,400,215.0,86000.0,Dipshikha Dhitopatra Karobar Co. Pvt Ltd.,Neev Securities Pvt. Ltd.,2026-04-13 12:28:01.743511
2026041304010033,UPPER,38,35,68,215.0,14620.0,Dipshikha Dhitopatra Karobar Co. Pvt Ltd.,Kohinoor Investment & Securities Pvt. Ltd.,2026-04-13 12:28:01.744151
2026041304010034,UPPER,38,42,450,215.0,96750.0,Dipshikha Dhitopatra Karobar Co. Pvt Ltd.,Sani Securities Company Ltd.,2026-04-13 12:28:01.744805
2026041304010035,UPPER,38,68,12,215.0,2580.0,Dipshikha Dhitopatra Karobar Co. Pvt Ltd.,Elite Stock House Limited,2026-04-13 12:28:01.745463
2026041304010087,UPPER,38,68,18,215.0,3870.0,Dipshikha Dhitopatra Karobar Co. Pvt Ltd.,Elite Stock House Limited,2026-04-13 12:28:26.120979
2026041304010088,UPPER,38,58,100,215.0,21500.0,Dipshikha Dhitopatra Karobar Co. Pvt Ltd.,Naasa Securities Co. Ltd.,2026-04-13 12:28:26.121914
2026041304010089,UPPER,38,51,882,215.0,189630.0,Dipshikha Dhitopatra Karobar Co. Pvt Ltd.,Oxford Securities Pvt. Ltd.,2026-04-13 12:28:26.122588
2026041304010200,UPPER,58,51,118,215.0,25370.0,Naasa Securities Co. Ltd.,Oxford Securities Pvt. Ltd.,2026-04-13 12:29:10.325709
2026041304010201,UPPER,58,1,78,215.0,16770.0,Naasa Securities Co. Ltd.,Kumari Securities Private Limited,2026-04-13 12:29:10.326203
2026041304010316,UPPER,58,25,11,214.8,2362.8,Naasa Securities Co. Ltd.,Sweta Securities Private Limited,2026-04-13 12:30:04.522706
2026041304010317,UPPER,11,25,19,214.3,4071.7,Malla & Malla Stock Broking Company Pvt. Limited,Sweta Securities Private Limited,2026-04-13 12:30:04.523235
2026041304010333,UPPER,11,5,10,214.3,2143.0,Malla & Malla Stock Broking Company Pvt. Limited,Market Securities & Exchange (PVT) Ltd.,2026-04-13 12:30:17.490727
2026041304010334,UPPER,8,5,399,214.2,85465.8,Brilliant Securities Pvt. Ltd.,Market Securities & Exchange (PVT) Ltd.,2026-04-13 12:30:17.491263
2026041304010335,UPPER,58,5,91,214.1,19483.1,Naasa Securities Co. Ltd.,Market Securities & Exchange (PVT) Ltd.,2026-04-13 12:30:17.491580
2026041304010408,UPPER,62,17,96,215.0,20640.0,Capital Max Securities Ltd,ABC Securities Private Limited,2026-04-13 12:30:49.341643
2026041304010409,UPPER,62,6,134,215.5,28877.0,Capital Max Securities Ltd,Agrawal Securities (PVT) Ltd.,2026-04-13 12:30:49.342100
2026041304010508,UPPER,26,40,100,215.0,21500.0,Asian Securities Private Ltd.,Creative Securities Pvt Ltd,2026-04-13 12:31:47.771548
2026041304010509,UPPER,16,32,30,214.2,6426.0,Primo Securities (PVT) Ltd.,Premier Securities Company Ltd.,2026-04-13 12:31:48.895719
2026041304010510,UPPER,21,32,70,214.2,14994.0,Midas Stock Broking Company Private Limited,Premier Securities Company Ltd.,2026-04-13 12:31:48.895819
2026041304010567,UPPER,45,50,100,215.0,21500.0,Imperial Securities Company Pvt. Ltd.,Cristal Kanchanjanga Securites Pvt. Ltd.,2026-04-13 12:32:25.444667
2026041304010651,UPPER,42,48,600,215.0,129000.0,Sani Securities Company Ltd.,Trishakti Securities Public Limited,2026-04-13 12:33:13.204916
2026041304010652,UPPER,42,49,10,215.0,2150.0,Sani Securities Company Ltd.,Online Securities Pvt. Ltd.,2026-04-13 12:33:13.205425
2026041304010653,UPPER,42,54,10,215.0,2150.0,Sani Securities Company Ltd.,Sewa Securities Pvt. Ltd.,2026-04-13 12:33:13.205692
2026041304010654,UPPER,42,71,100,215.0,21500.0,Sani Securities Company Ltd.,SHUBHAKAMANA SECURITIES PVT. LTD,2026-04-13 12:33:13.206082
2026041304010786,UPPER,42,38,935,215.0,201025.0,Sani Securities Company Ltd.,Dipshikha Dhitopatra Karobar Co. Pvt Ltd.,2026-04-13 12:34:12.157705
2026041304010787,UPPER,42,38,50,215.0,10750.0,Sani Securities Company Ltd.,Dipshikha Dhitopatra Karobar Co. Pvt Ltd.,2026-04-13 12:34:12.158267
2026041304010872,UPPER,35,32,295,214.6,63307.0,Kohinoor Investment & Securities Pvt. Ltd.,Premier Securities Company Ltd.,2026-04-13 12:34:48.640718
2026041304010873,UPPER,21,32,30,214.2,6426.0,Midas Stock Broking Company Private Limited,Premier Securities Company Ltd.,2026-04-13 12:34:48.640834
2026041304010874,UPPER,58,32,19,214.2,4069.8,Naasa Securities Co. Ltd.,Premier Securities Company Ltd.,2026-04-13 12:34:48.640924
2026041304010875,UPPER,58,32,641,214.1,137238.1,Naasa Securities Co. Ltd.,Premier Securities Company Ltd.,2026-04-13 12:34:48.641002
2026041304010929,UPPER,51,34,35,215.0,7525.0,Oxford Securities Pvt. Ltd.,Vision Securities Pvt. Ltd,2026-04-13 12:35:12.348136
2026041304011317,UPPER,58,17,10,214.9,2149.0,Naasa Securities Co. Ltd.,ABC Securities Private Limited,2026-04-13 12:39:18.636977
2026041304011418,UPPER,58,34,11,215.0,2365.0,Naasa Securities Co. Ltd.,Vision Securities Pvt. Ltd,2026-04-13 12:40:11.942184
2026041304011419,UPPER,58,33,44,215.0,9460.0,Naasa Securities Co. Ltd.,Dakshinkali Investment & Securities Pvt. Ltd.,2026-04-13 12:40:11.942682
2026041304011518,UPPER,49,33,13,215.0,2795.0,Online Securities Pvt. Ltd.,Dakshinkali Investment & Securities Pvt. Ltd.,2026-04-13 12:41:07.556928
2026041304011520,UPPER,57,74,97,215.0,20855.0,Aryatara Investment & Securities,KALASH STOCK MARKET PVT. LTD.,2026-04-13 12:41:09.647578
2026041304011521,UPPER,57,58,403,215.0,86645.0,Aryatara Investment & Securities,Naasa Securities Co. Ltd.,2026-04-13 12:41:09.648607
2026041304011904,UPPER,22,58,240,215.0,51600.0,Siprabi Securities Pvt. Ltd.,Naasa Securities Co. Ltd.,2026-04-13 12:44:45.906413
2026041304011950,UPPER,58,35,30,214.5,6435.0,Naasa Securities Co. Ltd.,Kohinoor Investment & Securities Pvt. Ltd.,2026-04-13 12:45:19.204756
2026041304011951,UPPER,42,35,38,214.5,8151.0,Sani Securities Company Ltd.,Kohinoor Investment & Securities Pvt. Ltd.,2026-04-13 12:45:19.205281
2026041304012031,UPPER,49,58,10,215.0,2150.0,Online Securities Pvt. Ltd.,Naasa Securities Co. Ltd.,2026-04-13 12:45:49.201778
2026041304012049,UPPER,42,58,68,214.5,14586.0,Sani Securities Company Ltd.,Naasa Securities Co. Ltd.,2026-04-13 12:45:56.186958
2026041304012206,UPPER,42,42,150,214.5,32175.0,Sani Securities Company Ltd.,Sani Securities Company Ltd.,2026-04-13 12:47:12.799474
2026041304012295,UPPER,42,26,100,214.5,21450.0,Sani Securities Company Ltd.,Asian Securities Private Ltd.,2026-04-13 12:48:11.317927
2026041304012374,UPPER,42,48,104,214.5,22308.0,Sani Securities Company Ltd.,Trishakti Securities Public Limited,2026-04-13 12:48:43.205594
2026041304012375,UPPER,49,48,100,214.5,21450.0,Online Securities Pvt. Ltd.,Trishakti Securities Public Limited,2026-04-13 12:48:43.206081
2026041304012376,UPPER,22,48,50,214.5,10725.0,Siprabi Securities Pvt. Ltd.,Trishakti Securities Public Limited,2026-04-13 12:48:43.206336
2026041304012407,UPPER,57,48,30,214.5,6435.0,Aryatara Investment & Securities,Trishakti Securities Public Limited,2026-04-13 12:48:56.236969
2026041304012417,UPPER,26,48,200,214.4,42880.0,Asian Securities Private Ltd.,Trishakti Securities Public Limited,2026-04-13 12:49:12.048404
2026041304012469,UPPER,58,48,116,214.3,24858.8,Naasa Securities Co. Ltd.,Trishakti Securities Public Limited,2026-04-13 12:50:08.861077
2026041304012550,UPPER,58,7,10,214.3,2143.0,Naasa Securities Co. Ltd.,J.F. Securites (PVT) Ltd.,2026-04-13 12:51:00.448350
2026041304012555,UPPER,58,40,100,214.3,21430.0,Naasa Securities Co. Ltd.,Creative Securities Pvt Ltd,2026-04-13 12:51:04.386703
2026041304012557,UPPER,58,45,25,214.3,5357.5,Naasa Securities Co. Ltd.,Imperial Securities Company Pvt. Ltd.,2026-04-13 12:51:06.947103
2026041304012564,UPPER,58,1,20,214.4,4288.0,Naasa Securities Co. Ltd.,Kumari Securities Private Limited,2026-04-13 12:51:18.939695
2026041304012565,UPPER,58,47,120,214.8,25776.0,Naasa Securities Co. Ltd.,Neev Securities Pvt. Ltd.,2026-04-13 12:51:18.940274
2026041304012579,UPPER,57,47,13,214.8,2792.4,Aryatara Investment & Securities,Neev Securities Pvt. Ltd.,2026-04-13 12:51:31.050538
2026041304012580,UPPER,57,42,200,214.8,42960.0,Aryatara Investment & Securities,Sani Securities Company Ltd.,2026-04-13 12:51:31.051083
2026041304012581,UPPER,57,74,500,214.9,107450.0,Aryatara Investment & Securities,KALASH STOCK MARKET PVT. LTD.,2026-04-13 12:51:31.051375
2026041304012582,UPPER,57,33,169,214.9,36318.1,Aryatara Investment & Securities,Dakshinkali Investment & Securities Pvt. Ltd.,2026-04-13 12:51:31.051674
2026041304012583,UPPER,57,58,106,215.0,22790.0,Aryatara Investment & Securities,Naasa Securities Co. Ltd.,2026-04-13 12:51:31.052014
2026041304012584,UPPER,57,45,12,215.0,2580.0,Aryatara Investment & Securities,Imperial Securities Company Pvt. Ltd.,2026-04-13 12:51:31.052325
2026041304012704,UPPER,44,45,20,215.0,4300.0,Dynamic Money Managers Securities Pvt. Ltd.,Imperial Securities Company Pvt. Ltd.,2026-04-13 12:52:26.923449
2026041304012812,UPPER,14,45,150,214.2,32130.0,Nepal Stock House (PVT) Ltd.,Imperial Securities Company Pvt. Ltd.,2026-04-13 12:53:24.759888
2026041304012813,UPPER,14,49,238,214.2,50979.6,Nepal Stock House (PVT) Ltd.,Online Securities Pvt. Ltd.,2026-04-13 12:53:25.500166
2026041304012837,UPPER,14,56,12,214.2,2570.4,Nepal Stock House (PVT) Ltd.,Sri Hari Securities Pvt. Ltd.,2026-04-13 12:53:46.377692
2026041304012838,UPPER,6,56,84,214.2,17992.8,Agrawal Securities (PVT) Ltd.,Sri Hari Securities Pvt. Ltd.,2026-04-13 12:53:46.378220
2026041304012840,UPPER,3,45,44,215.0,9460.0,Arun Securities (PVT) Ltd.,Imperial Securities Company Pvt. Ltd.,2026-04-13 12:53:46.958235
2026041304012984,UPPER,13,58,17,214.3,3643.1,Thrive Brokerage House Pvt. Ltd,Naasa Securities Co. Ltd.,2026-04-13 12:55:25.538423
2026041304013022,UPPER,13,42,213,214.3,45645.9,Thrive Brokerage House Pvt. Ltd,Sani Securities Company Ltd.,2026-04-13 12:55:32.892065
2026041304013027,UPPER,13,45,50,215.0,10750.0,Thrive Brokerage House Pvt. Ltd,Imperial Securities Company Pvt. Ltd.,2026-04-13 12:55:38.010325
2026041304013039,UPPER,34,45,12,215.0,2580.0,Vision Securities Pvt. Ltd,Imperial Securities Company Pvt. Ltd.,2026-04-13 12:55:40.680901
2026041304013056,UPPER,13,47,500,214.3,107150.0,Thrive Brokerage House Pvt. Ltd,Neev Securities Pvt. Ltd.,2026-04-13 12:56:00.478103
2026041304013127,UPPER,6,74,30,214.9,6447.0,Agrawal Securities (PVT) Ltd.,KALASH STOCK MARKET PVT. LTD.,2026-04-13 12:56:59.148010
2026041304013138,UPPER,40,74,10,214.9,2149.0,Creative Securities Pvt Ltd,KALASH STOCK MARKET PVT. LTD.,2026-04-13 12:57:10.313363
2026041304013252,UPPER,13,58,60,214.3,12858.0,Thrive Brokerage House Pvt. Ltd,Naasa Securities Co. Ltd.,2026-04-13 12:58:28.753433
2026041304013277,UPPER,21,32,1000,214.8,214800.0,Midas Stock Broking Company Private Limited,Premier Securities Company Ltd.,2026-04-13 12:58:45.470010
2026041304013278,UPPER,21,74,460,214.9,98854.0,Midas Stock Broking Company Private Limited,KALASH STOCK MARKET PVT. LTD.,2026-04-13 12:58:45.470128
2026041304013279,UPPER,21,58,1000,214.9,214900.0,Midas Stock Broking Company Private Limited,Naasa Securities Co. Ltd.,2026-04-13 12:58:45.470190
2026041304013280,UPPER,21,45,662,215.0,142330.0,Midas Stock Broking Company Private Limited,Imperial Securities Company Pvt. Ltd.,2026-04-13 12:58:45.470261
2026041304013281,UPPER,21,58,46,215.0,9890.0,Midas Stock Broking Company Private Limited,Naasa Securities Co. Ltd.,2026-04-13 12:58:45.470347
2026041304013282,UPPER,21,38,400,215.0,86000.0,Midas Stock Broking Company Private Limited,Dipshikha Dhitopatra Karobar Co. Pvt Ltd.,2026-04-13 12:58:45.470415
2026041304013283,UPPER,21,48,400,215.0,86000.0,Midas Stock Broking Company Private Limited,Trishakti Securities Public Limited,2026-04-13 12:58:45.470473
2026041304013284,UPPER,21,34,55,215.0,11825.0,Midas Stock Broking Company Private Limited,Vision Securities Pvt. Ltd,2026-04-13 12:58:45.470569
2026041304013285,UPPER,21,45,500,215.0,107500.0,Midas Stock Broking Company Private Limited,Imperial Securities Company Pvt. Ltd.,2026-04-13 12:58:45.470628
2026041304013286,UPPER,21,16,10,215.0,2150.0,Midas Stock Broking Company Private Limited,Primo Securities (PVT) Ltd.,2026-04-13 12:58:45.470712
2026041304013287,UPPER,21,22,20,215.0,4300.0,Midas Stock Broking Company Private Limited,Siprabi Securities Pvt. Ltd.,2026-04-13 12:58:45.470766
2026041304013288,UPPER,21,58,20,215.0,4300.0,Midas Stock Broking Company Private Limited,Naasa Securities Co. Ltd.,2026-04-13 12:58:45.470825
2026041304013289,UPPER,21,16,1210,215.0,260150.0,Midas Stock Broking Company Private Limited,Primo Securities (PVT) Ltd.,2026-04-13 12:58:45.470892
2026041304013290,UPPER,21,36,300,215.0,64500.0,Midas Stock Broking Company Private Limited,Secured Securities Ltd.,2026-04-13 12:58:45.470947
2026041304013291,UPPER,21,38,96,215.0,20640.0,Midas Stock Broking Company Private Limited,Dipshikha Dhitopatra Karobar Co. Pvt Ltd.,2026-04-13 12:58:45.471012
2026041304013292,UPPER,21,45,500,215.0,107500.0,Midas Stock Broking Company Private Limited,Imperial Securities Company Pvt. Ltd.,2026-04-13 12:58:45.471067
2026041304013293,UPPER,21,54,100,215.0,21500.0,Midas Stock Broking Company Private Limited,Sewa Securities Pvt. Ltd.,2026-04-13 12:58:45.471135
2026041304013294,UPPER,21,58,100,215.0,21500.0,Midas Stock Broking Company Private Limited,Naasa Securities Co. Ltd.,2026-04-13 12:58:45.471192
2026041304013295,UPPER,21,36,25,215.0,5375.0,Midas Stock Broking Company Private Limited,Secured Securities Ltd.,2026-04-13 12:58:45.471254
2026041304013296,UPPER,21,45,1000,215.0,215000.0,Midas Stock Broking Company Private Limited,Imperial Securities Company Pvt. Ltd.,2026-04-13 12:58:45.471336
2026041304013297,UPPER,21,34,100,215.0,21500.0,Midas Stock Broking Company Private Limited,Vision Securities Pvt. Ltd,2026-04-13 12:58:45.471401
2026041304013298,UPPER,21,41,1000,215.0,215000.0,Midas Stock Broking Company Private Limited,Linch Stock Market Ltd.,2026-04-13 12:58:45.471465
2026041304013299,UPPER,21,58,200,215.0,43000.0,Midas Stock Broking Company Private Limited,Naasa Securities Co. Ltd.,2026-04-13 12:58:45.471572
2026041304013300,UPPER,21,19,50,215.0,10750.0,Midas Stock Broking Company Private Limited,Nepal Investment And Securities Trading Private Limited,2026-04-13 12:58:45.471624
2026041304013301,UPPER,21,58,50,215.0,10750.0,Midas Stock Broking Company Private Limited,Naasa Securities Co. Ltd.,2026-04-13 12:58:45.471701
2026041304013302,UPPER,21,34,696,215.0,149640.0,Midas Stock Broking Company Private Limited,Vision Securities Pvt. Ltd,2026-04-13 12:58:45.471754
2026041304013323,UPPER,58,43,100,214.4,21440.0,Naasa Securities Co. Ltd.,South Asian Bulls Pvt. Ltd.,2026-04-13 12:59:03.836799
2026041304013324,UPPER,13,43,100,214.3,21430.0,Thrive Brokerage House Pvt. Ltd,South Asian Bulls Pvt. Ltd.,2026-04-13 12:59:03.837928
2026041304013367,UPPER,13,42,300,214.3,64290.0,Thrive Brokerage House Pvt. Ltd,Sani Securities Company Ltd.,2026-04-13 12:59:24.378860
2026041304013390,UPPER,58,34,50,215.0,10750.0,Naasa Securities Co. Ltd.,Vision Securities Pvt. Ltd,2026-04-13 12:59:32.574049
2026041304013454,UPPER,49,34,95,215.0,20425.0,Online Securities Pvt. Ltd.,Vision Securities Pvt. Ltd,2026-04-13 13:00:06.387510
2026041304013507,UPPER,13,43,1000,214.3,214300.0,Thrive Brokerage House Pvt. Ltd,South Asian Bulls Pvt. Ltd.,2026-04-13 13:00:57.338880
2026041304013522,UPPER,13,58,50,214.3,10715.0,Thrive Brokerage House Pvt. Ltd,Naasa Securities Co. Ltd.,2026-04-13 13:01:11.563369
2026041304013549,UPPER,13,33,92,214.3,19715.6,Thrive Brokerage House Pvt. Ltd,Dakshinkali Investment & Securities Pvt. Ltd.,2026-04-13 13:01:22.659663
2026041304013550,UPPER,58,33,74,214.3,15858.2,Naasa Securities Co. Ltd.,Dakshinkali Investment & Securities Pvt. Ltd.,2026-04-13 13:01:22.660209
2026041304013606,UPPER,6,21,156,214.2,33415.2,Agrawal Securities (PVT) Ltd.,Midas Stock Broking Company Private Limited,2026-04-13 13:01:45.978918
2026041304013607,UPPER,58,21,268,214.1,57378.8,Naasa Securities Co. Ltd.,Midas Stock Broking Company Private Limited,2026-04-13 13:01:45.980024
2026041304013608,UPPER,44,21,13,214.1,2783.3,Dynamic Money Managers Securities Pvt. Ltd.,Midas Stock Broking Company Private Limited,2026-04-13 13:01:45.980824
2026041304013609,UPPER,38,21,1000,214.1,214100.0,Dipshikha Dhitopatra Karobar Co. Pvt Ltd.,Midas Stock Broking Company Private Limited,2026-04-13 13:01:45.981608
2026041304013610,UPPER,38,21,1000,214.1,214100.0,Dipshikha Dhitopatra Karobar Co. Pvt Ltd.,Midas Stock Broking Company Private Limited,2026-04-13 13:01:45.982391
2026041304013611,UPPER,49,21,1000,214.1,214100.0,Online Securities Pvt. Ltd.,Midas Stock Broking Company Private Limited,2026-04-13 13:01:45.983156
2026041304013612,UPPER,17,21,1563,214.1,334638.3,ABC Securities Private Limited,Midas Stock Broking Company Private Limited,2026-04-13 13:01:45.983942
2026041304013652,UPPER,17,32,437,214.1,93561.7,ABC Securities Private Limited,Premier Securities Company Ltd.,2026-04-13 13:02:19.153345
2026041304013653,UPPER,17,32,63,214.1,13488.3,ABC Securities Private Limited,Premier Securities Company Ltd.,2026-04-13 13:02:19.153898
2026041304013666,UPPER,17,18,500,214.1,107050.0,ABC Securities Private Limited,Sagarmatha Securities Private Limited,2026-04-13 13:02:24.095473
2026041304013672,UPPER,42,33,10,214.3,2143.0,Sani Securities Company Ltd.,Dakshinkali Investment & Securities Pvt. Ltd.,2026-04-13 13:02:28.172089
2026041304013673,UPPER,58,33,319,214.3,68361.7,Naasa Securities Co. Ltd.,Dakshinkali Investment & Securities Pvt. Ltd.,2026-04-13 13:02:28.408266
2026041304013675,UPPER,58,58,135,214.3,28930.5,Naasa Securities Co. Ltd.,Naasa Securities Co. Ltd.,2026-04-13 13:02:28.736419
2026041304013714,UPPER,58,26,100,214.3,21430.0,Naasa Securities Co. Ltd.,Asian Securities Private Ltd.,2026-04-13 13:02:44.944689
2026041304013741,UPPER,58,58,10,214.3,2143.0,Naasa Securities Co. Ltd.,Naasa Securities Co. Ltd.,2026-04-13 13:03:07.709220
2026041304013811,UPPER,58,42,10,214.5,2145.0,Naasa Securities Co. Ltd.,Sani Securities Company Ltd.,2026-04-13 13:03:49.961328
2026041304013812,UPPER,58,22,274,214.3,58718.2,Naasa Securities Co. Ltd.,Siprabi Securities Pvt. Ltd.,2026-04-13 13:03:50.185459
2026041304013813,UPPER,14,22,2000,214.3,428600.0,Nepal Stock House (PVT) Ltd.,Siprabi Securities Pvt. Ltd.,2026-04-13 13:03:50.185516
2026041304013814,UPPER,17,22,1437,214.1,307661.7,ABC Securities Private Limited,Siprabi Securities Pvt. Ltd.,2026-04-13 13:03:50.185545
2026041304013815,UPPER,49,22,325,214.1,69582.5,Online Securities Pvt. Ltd.,Siprabi Securities Pvt. Ltd.,2026-04-13 13:03:50.185569
2026041304013893,UPPER,49,35,50,214.1,10705.0,Online Securities Pvt. Ltd.,Kohinoor Investment & Securities Pvt. Ltd.,2026-04-13 13:04:35.754255
2026041304013963,UPPER,58,94,50,214.2,10710.0,Naasa Securities Co. Ltd.,K.B.L. Securities Limited ,2026-04-13 13:05:22.628679
2026041304013964,UPPER,49,94,30,214.1,6423.0,Online Securities Pvt. Ltd.,K.B.L. Securities Limited ,2026-04-13 13:05:22.628744
2026041304014064,UPPER,13,32,300,214.2,64260.0,Thrive Brokerage House Pvt. Ltd,Premier Securities Company Ltd.,2026-04-13 13:06:16.765871
2026041304014392,UPPER,13,51,50,214.2,10710.0,Thrive Brokerage House Pvt. Ltd,Oxford Securities Pvt. Ltd.,2026-04-13 13:08:59.740492
2026041304014408,UPPER,13,65,450,214.2,96390.0,Thrive Brokerage House Pvt. Ltd,Sharepro Securities Private Limited,2026-04-13 13:09:09.939708
2026041304014411,UPPER,13,32,700,214.2,149940.0,Thrive Brokerage House Pvt. Ltd,Premier Securities Company Ltd.,2026-04-13 13:09:11.166374
2026041304014484,UPPER,58,32,20,214.2,4284.0,Naasa Securities Co. Ltd.,Premier Securities Company Ltd.,2026-04-13 13:09:41.821068
2026041304014496,UPPER,49,47,595,214.1,127389.5,Online Securities Pvt. Ltd.,Neev Securities Pvt. Ltd.,2026-04-13 13:09:49.659613
2026041304014497,UPPER,58,47,40,214.1,8564.0,Naasa Securities Co. Ltd.,Neev Securities Pvt. Ltd.,2026-04-13 13:09:49.660684
2026041304014498,UPPER,58,47,27,214.0,5778.0,Naasa Securities Co. Ltd.,Neev Securities Pvt. Ltd.,2026-04-13 13:09:49.661515
2026041304014499,UPPER,44,47,1300,214.0,278200.0,Dynamic Money Managers Securities Pvt. Ltd.,Neev Securities Pvt. Ltd.,2026-04-13 13:09:49.662332
2026041304014500,UPPER,32,47,38,214.0,8132.0,Premier Securities Company Ltd.,Neev Securities Pvt. Ltd.,2026-04-13 13:09:49.663119
2026041304014537,UPPER,32,58,10,214.0,2140.0,Premier Securities Company Ltd.,Naasa Securities Co. Ltd.,2026-04-13 13:10:08.883009
2026041304014558,UPPER,32,58,10,214.0,2140.0,Premier Securities Company Ltd.,Naasa Securities Co. Ltd.,2026-04-13 13:10:20.637183
2026041304014578,UPPER,32,29,22,214.0,4708.0,Premier Securities Company Ltd.,Trisul Securities & Invt. Ltd.,2026-04-13 13:10:29.642618
2026041304014579,UPPER,50,29,1000,214.0,214000.0,Cristal Kanchanjanga Securites Pvt. Ltd.,Trisul Securities & Invt. Ltd.,2026-04-13 13:10:29.643926
2026041304014580,UPPER,51,29,50,214.0,10700.0,Oxford Securities Pvt. Ltd.,Trisul Securities & Invt. Ltd.,2026-04-13 13:10:29.644760
2026041304014581,UPPER,59,29,20,214.0,4280.0,Deevyaa Securities & Stock House Pvt. Ltd,Trisul Securities & Invt. Ltd.,2026-04-13 13:10:29.645561
2026041304014582,UPPER,48,29,100,214.0,21400.0,Trishakti Securities Public Limited,Trisul Securities & Invt. Ltd.,2026-04-13 13:10:29.646368
2026041304014583,UPPER,34,29,30,214.0,6420.0,Vision Securities Pvt. Ltd,Trisul Securities & Invt. Ltd.,2026-04-13 13:10:29.647151
2026041304014584,UPPER,45,29,778,214.0,166492.0,Imperial Securities Company Pvt. Ltd.,Trisul Securities & Invt. Ltd.,2026-04-13 13:10:29.647945
2026041304014656,UPPER,13,32,280,214.1,59948.0,Thrive Brokerage House Pvt. Ltd,Premier Securities Company Ltd.,2026-04-13 13:10:56.164960
2026041304014659,UPPER,13,38,70,214.1,14987.0,Thrive Brokerage House Pvt. Ltd,Dipshikha Dhitopatra Karobar Co. Pvt Ltd.,2026-04-13 13:11:00.950684
2026041304014660,UPPER,45,38,930,214.0,199020.0,Imperial Securities Company Pvt. Ltd.,Dipshikha Dhitopatra Karobar Co. Pvt Ltd.,2026-04-13 13:11:00.951231
2026041304014713,UPPER,45,49,96,214.0,20544.0,Imperial Securities Company Pvt. Ltd.,Online Securities Pvt. Ltd.,2026-04-13 13:11:27.087307
2026041304014747,UPPER,45,58,89,214.0,19046.0,Imperial Securities Company Pvt. Ltd.,Naasa Securities Co. Ltd.,2026-04-13 13:11:54.402401
2026041304014772,UPPER,45,4,107,214.0,22898.0,Imperial Securities Company Pvt. Ltd.,Opal Securities Investment (PVT) Ltd.,2026-04-13 13:12:09.136711
2026041304014773,UPPER,36,4,1000,214.0,214000.0,Secured Securities Ltd.,Opal Securities Investment (PVT) Ltd.,2026-04-13 13:12:09.137835
2026041304014774,UPPER,18,4,100,214.0,21400.0,Sagarmatha Securities Private Limited,Opal Securities Investment (PVT) Ltd.,2026-04-13 13:12:09.138656
2026041304014775,UPPER,32,4,500,214.0,107000.0,Premier Securities Company Ltd.,Opal Securities Investment (PVT) Ltd.,2026-04-13 13:12:09.139460
2026041304014776,UPPER,49,4,150,214.0,32100.0,Online Securities Pvt. Ltd.,Opal Securities Investment (PVT) Ltd.,2026-04-13 13:12:09.140252
2026041304014777,UPPER,46,4,194,214.0,41516.0,Kalika Securities Pvt. Ltd.,Opal Securities Investment (PVT) Ltd.,2026-04-13 13:12:09.141060
2026041304014778,UPPER,49,4,190,214.0,40660.0,Online Securities Pvt. Ltd.,Opal Securities Investment (PVT) Ltd.,2026-04-13 13:12:09.141885
2026041304014779,UPPER,8,4,35,214.0,7490.0,Brilliant Securities Pvt. Ltd.,Opal Securities Investment (PVT) Ltd.,2026-04-13 13:12:09.142672
2026041304014780,UPPER,19,4,224,214.0,47936.0,Nepal Investment And Securities Trading Private Limited,Opal Securities Investment (PVT) Ltd.,2026-04-13 13:12:09.143468
2026041304014787,UPPER,19,36,276,214.0,59064.0,Nepal Investment And Securities Trading Private Limited,Secured Securities Ltd.,2026-04-13 13:12:18.658819
2026041304014788,UPPER,50,36,200,214.0,42800.0,Cristal Kanchanjanga Securites Pvt. Ltd.,Secured Securities Ltd.,2026-04-13 13:12:18.660156
2026041304014789,UPPER,75,36,50,214.0,10700.0,N.I.M.B. Stock Markets Limited,Secured Securities Ltd.,2026-04-13 13:12:18.661253
2026041304014790,UPPER,19,36,100,214.0,21400.0,Nepal Investment And Securities Trading Private Limited,Secured Securities Ltd.,2026-04-13 13:12:18.662290
2026041304014791,UPPER,70,36,100,214.0,21400.0,Infinity Securities Limited,Secured Securities Ltd.,2026-04-13 13:12:18.663362
2026041304014792,UPPER,45,36,10,214.0,2140.0,Imperial Securities Company Pvt. Ltd.,Secured Securities Ltd.,2026-04-13 13:12:18.664412
2026041304014793,UPPER,52,36,200,214.0,42800.0,Sundhara Securities Limited,Secured Securities Ltd.,2026-04-13 13:12:18.665446
2026041304014794,UPPER,17,36,30,214.0,6420.0,ABC Securities Private Limited,Secured Securities Ltd.,2026-04-13 13:12:18.665750
2026041304014795,UPPER,89,36,200,214.0,42800.0,Global IME Securities Limited,Secured Securities Ltd.,2026-04-13 13:12:18.666043
2026041304014796,UPPER,17,36,500,214.0,107000.0,ABC Securities Private Limited,Secured Securities Ltd.,2026-04-13 13:12:18.666352
2026041304014797,UPPER,49,36,1000,214.0,214000.0,Online Securities Pvt. Ltd.,Secured Securities Ltd.,2026-04-13 13:12:18.666669
2026041304014822,UPPER,26,4,50,213.9,10695.0,Asian Securities Private Ltd.,Opal Securities Investment (PVT) Ltd.,2026-04-13 13:12:32.800217
2026041304014823,UPPER,45,4,64,213.9,13689.6,Imperial Securities Company Pvt. Ltd.,Opal Securities Investment (PVT) Ltd.,2026-04-13 13:12:32.801362
2026041304014831,UPPER,45,42,100,213.9,21390.0,Imperial Securities Company Pvt. Ltd.,Sani Securities Company Ltd.,2026-04-13 13:12:41.591198
2026041304014860,UPPER,41,36,200,214.0,42800.0,Linch Stock Market Ltd.,Secured Securities Ltd.,2026-04-13 13:12:53.418205
2026041304015033,UPPER,45,49,66,213.9,14117.4,Imperial Securities Company Pvt. Ltd.,Online Securities Pvt. Ltd.,2026-04-13 13:14:22.130549
2026041304015173,UPPER,17,49,10,213.9,2139.0,ABC Securities Private Limited,Online Securities Pvt. Ltd.,2026-04-13 13:15:52.613370
2026041304015305,UPPER,58,49,70,213.9,14973.0,Naasa Securities Co. Ltd.,Online Securities Pvt. Ltd.,2026-04-13 13:16:42.427389
2026041304015330,UPPER,58,49,50,213.9,10695.0,Naasa Securities Co. Ltd.,Online Securities Pvt. Ltd.,2026-04-13 13:17:00.714762
2026041304015453,UPPER,1,36,25,214.0,5350.0,Kumari Securities Private Limited,Secured Securities Ltd.,2026-04-13 13:18:35.688376
2026041304015464,UPPER,58,96,150,213.9,32085.0,Naasa Securities Co. Ltd.,Himalayan Securities Limited,2026-04-13 13:18:46.821106
2026041304015516,UPPER,4,96,146,213.9,31229.4,Opal Securities Investment (PVT) Ltd.,Himalayan Securities Limited,2026-04-13 13:19:31.889869
2026041304015519,UPPER,22,36,109,214.0,23326.0,Siprabi Securities Pvt. Ltd.,Secured Securities Ltd.,2026-04-13 13:19:34.608076
2026041304015520,UPPER,22,22,37,214.0,7918.0,Siprabi Securities Pvt. Ltd.,Siprabi Securities Pvt. Ltd.,2026-04-13 13:19:34.608659
2026041304015546,UPPER,72,22,163,214.0,34882.0,Hatemalo Financial Services Private Limited,Siprabi Securities Pvt. Ltd.,2026-04-13 13:19:52.918358
2026041304015547,UPPER,72,45,525,214.0,112350.0,Hatemalo Financial Services Private Limited,Imperial Securities Company Pvt. Ltd.,2026-04-13 13:19:52.919505
2026041304015548,UPPER,72,4,130,214.0,27820.0,Hatemalo Financial Services Private Limited,Opal Securities Investment (PVT) Ltd.,2026-04-13 13:19:52.920331
2026041304015549,UPPER,72,39,10,214.0,2140.0,Hatemalo Financial Services Private Limited,Sumeru Securities Pvt. Ltd.,2026-04-13 13:19:52.921143
2026041304015550,UPPER,72,19,172,214.0,36808.0,Hatemalo Financial Services Private Limited,Nepal Investment And Securities Trading Private Limited,2026-04-13 13:19:52.921952
2026041304015552,UPPER,17,19,328,214.0,70192.0,ABC Securities Private Limited,Nepal Investment And Securities Trading Private Limited,2026-04-13 13:20:00.883028
2026041304015555,UPPER,17,49,354,214.0,75756.0,ABC Securities Private Limited,Online Securities Pvt. Ltd.,2026-04-13 13:20:02.588226
2026041304015607,UPPER,17,45,318,214.0,68052.0,ABC Securities Private Limited,Imperial Securities Company Pvt. Ltd.,2026-04-13 13:20:35.573357
2026041304015608,UPPER,11,45,72,214.0,15408.0,Malla & Malla Stock Broking Company Pvt. Limited,Imperial Securities Company Pvt. Ltd.,2026-04-13 13:20:35.574540
2026041304015651,UPPER,17,41,100,214.9,21490.0,ABC Securities Private Limited,Linch Stock Market Ltd.,2026-04-13 13:21:09.320233
2026041304015652,UPPER,17,52,100,214.9,21490.0,ABC Securities Private Limited,Sundhara Securities Limited,2026-04-13 13:21:09.321381
2026041304015653,UPPER,17,74,500,214.9,107450.0,ABC Securities Private Limited,KALASH STOCK MARKET PVT. LTD.,2026-04-13 13:21:09.322196
2026041304015654,UPPER,17,52,800,214.9,171920.0,ABC Securities Private Limited,Sundhara Securities Limited,2026-04-13 13:21:09.323023
2026041304015699,UPPER,62,52,200,214.9,42980.0,Capital Max Securities Ltd,Sundhara Securities Limited,2026-04-13 13:21:34.809574
2026041304015700,UPPER,62,14,80,214.9,17192.0,Capital Max Securities Ltd,Nepal Stock House (PVT) Ltd.,2026-04-13 13:21:34.810809
2026041304015741,UPPER,1,14,420,214.9,90258.0,Kumari Securities Private Limited,Nepal Stock House (PVT) Ltd.,2026-04-13 13:21:52.870349
2026041304015742,UPPER,1,34,580,215.0,124700.0,Kumari Securities Private Limited,Vision Securities Pvt. Ltd,2026-04-13 13:21:52.871453
2026041304015748,UPPER,36,34,79,215.0,16985.0,Secured Securities Ltd.,Vision Securities Pvt. Ltd,2026-04-13 13:22:02.228924
2026041304015749,UPPER,36,49,1000,215.0,215000.0,Secured Securities Ltd.,Online Securities Pvt. Ltd.,2026-04-13 13:22:02.229479
2026041304015750,UPPER,36,36,300,215.0,64500.0,Secured Securities Ltd.,Secured Securities Ltd.,2026-04-13 13:22:02.229777
2026041304015751,UPPER,36,52,50,215.0,10750.0,Secured Securities Ltd.,Sundhara Securities Limited,2026-04-13 13:22:02.230065
2026041304015752,UPPER,36,58,200,215.0,43000.0,Secured Securities Ltd.,Naasa Securities Co. Ltd.,2026-04-13 13:22:02.230360
2026041304015753,UPPER,36,49,285,215.0,61275.0,Secured Securities Ltd.,Online Securities Pvt. Ltd.,2026-04-13 13:22:02.230645
2026041304015754,UPPER,36,32,550,215.0,118250.0,Secured Securities Ltd.,Premier Securities Company Ltd.,2026-04-13 13:22:02.230942
2026041304015755,UPPER,36,6,573,215.0,123195.0,Secured Securities Ltd.,Agrawal Securities (PVT) Ltd.,2026-04-13 13:22:02.231279
2026041304015756,UPPER,36,52,100,215.0,21500.0,Secured Securities Ltd.,Sundhara Securities Limited,2026-04-13 13:22:02.231567
2026041304015757,UPPER,36,46,10,215.0,2150.0,Secured Securities Ltd.,Kalika Securities Pvt. Ltd.,2026-04-13 13:22:02.231855
2026041304015758,UPPER,36,11,97,215.0,20855.0,Secured Securities Ltd.,Malla & Malla Stock Broking Company Pvt. Limited,2026-04-13 13:22:02.232169
2026041304015759,UPPER,36,58,50,215.0,10750.0,Secured Securities Ltd.,Naasa Securities Co. Ltd.,2026-04-13 13:22:02.232474
2026041304015760,UPPER,36,11,80,215.0,17200.0,Secured Securities Ltd.,Malla & Malla Stock Broking Company Pvt. Limited,2026-04-13 13:22:02.232739
2026041304015761,UPPER,36,100,200,215.0,43000.0,Secured Securities Ltd.,Sunrise Securities Limited,2026-04-13 13:22:02.233003
2026041304015762,UPPER,36,58,100,215.0,21500.0,Secured Securities Ltd.,Naasa Securities Co. Ltd.,2026-04-13 13:22:02.233264
2026041304015763,UPPER,36,58,300,215.0,64500.0,Secured Securities Ltd.,Naasa Securities Co. Ltd.,2026-04-13 13:22:02.233531
2026041304015764,UPPER,36,11,30,215.0,6450.0,Secured Securities Ltd.,Malla & Malla Stock Broking Company Pvt. Limited,2026-04-13 13:22:02.233794
2026041304015765,UPPER,36,42,996,215.0,214140.0,Secured Securities Ltd.,Sani Securities Company Ltd.,2026-04-13 13:22:02.234055
2026041304015766,UPPER,58,42,4,215.0,860.0,Naasa Securities Co. Ltd.,Sani Securities Company Ltd.,2026-04-13 13:22:02.234214
2026041304015845,UPPER,42,58,200,215.0,43000.0,Sani Securities Company Ltd.,Naasa Securities Co. Ltd.,2026-04-13 13:22:37.026093
2026041304015879,UPPER,72,42,1000,215.1,215100.0,Hatemalo Financial Services Private Limited,Sani Securities Company Ltd.,2026-04-13 13:22:45.570523
2026041304015885,UPPER,49,42,30,215.1,6453.0,Online Securities Pvt. Ltd.,Sani Securities Company Ltd.,2026-04-13 13:22:48.179542
2026041304015906,UPPER,42,49,34,215.0,7310.0,Sani Securities Company Ltd.,Online Securities Pvt. Ltd.,2026-04-13 13:22:53.962828
2026041304015990,UPPER,42,22,10,215.0,2150.0,Sani Securities Company Ltd.,Siprabi Securities Pvt. Ltd.,2026-04-13 13:23:15.189130
2026041304015994,UPPER,22,42,170,215.1,36567.0,Siprabi Securities Pvt. Ltd.,Sani Securities Company Ltd.,2026-04-13 13:23:20.312908
2026041304016009,UPPER,42,45,306,215.0,65790.0,Sani Securities Company Ltd.,Imperial Securities Company Pvt. Ltd.,2026-04-13 13:23:27.290414
2026041304016010,UPPER,4,45,1694,215.0,364210.0,Opal Securities Investment (PVT) Ltd.,Imperial Securities Company Pvt. Ltd.,2026-04-13 13:23:27.290971
2026041304016024,UPPER,4,77,52,215.0,11180.0,Opal Securities Investment (PVT) Ltd.,Nabil Stock Dealer Ltd.,2026-04-13 13:23:34.445173
2026041304016172,UPPER,22,41,100,215.1,21510.0,Siprabi Securities Pvt. Ltd.,Linch Stock Market Ltd.,2026-04-13 13:24:45.681276
2026041304016173,UPPER,4,41,100,215.0,21500.0,Opal Securities Investment (PVT) Ltd.,Linch Stock Market Ltd.,2026-04-13 13:24:45.682456
2026041304016211,UPPER,8,1,100,215.1,21510.0,Brilliant Securities Pvt. Ltd.,Kumari Securities Private Limited,2026-04-13 13:25:00.294915
2026041304016212,UPPER,8,54,400,215.1,86040.0,Brilliant Securities Pvt. Ltd.,Sewa Securities Pvt. Ltd.,2026-04-13 13:25:01.724525
2026041304016213,UPPER,4,54,154,215.0,33110.0,Opal Securities Investment (PVT) Ltd.,Sewa Securities Pvt. Ltd.,2026-04-13 13:25:01.725050
2026041304016214,UPPER,67,54,100,215.0,21500.0,Property Wiard Limited,Sewa Securities Pvt. Ltd.,2026-04-13 13:25:01.725328
2026041304016215,UPPER,11,54,304,215.0,65360.0,Malla & Malla Stock Broking Company Pvt. Limited,Sewa Securities Pvt. Ltd.,2026-04-13 13:25:01.725595
2026041304016217,UPPER,11,13,68,215.0,14620.0,Malla & Malla Stock Broking Company Pvt. Limited,Thrive Brokerage House Pvt. Ltd,2026-04-13 13:25:06.023637
2026041304016218,UPPER,22,13,232,215.0,49880.0,Siprabi Securities Pvt. Ltd.,Thrive Brokerage House Pvt. Ltd,2026-04-13 13:25:06.024976
2026041304016332,UPPER,22,1,22,215.0,4730.0,Siprabi Securities Pvt. Ltd.,Kumari Securities Private Limited,2026-04-13 13:26:12.230385
2026041304016333,UPPER,32,1,46,215.0,9890.0,Premier Securities Company Ltd.,Kumari Securities Private Limited,2026-04-13 13:26:12.230950
2026041304016365,UPPER,32,57,30,215.0,6450.0,Premier Securities Company Ltd.,Aryatara Investment & Securities,2026-04-13 13:26:40.618266
2026041304016366,UPPER,32,13,424,215.0,91160.0,Premier Securities Company Ltd.,Thrive Brokerage House Pvt. Ltd,2026-04-13 13:26:40.783544
2026041304016367,UPPER,35,13,76,215.0,16340.0,Kohinoor Investment & Securities Pvt. Ltd.,Thrive Brokerage House Pvt. Ltd,2026-04-13 13:26:40.784584
2026041304016399,UPPER,35,41,319,215.0,68585.0,Kohinoor Investment & Securities Pvt. Ltd.,Linch Stock Market Ltd.,2026-04-13 13:27:22.352289
2026041304016400,UPPER,35,41,10,215.0,2150.0,Kohinoor Investment & Securities Pvt. Ltd.,Linch Stock Market Ltd.,2026-04-13 13:27:22.353435
2026041304016441,UPPER,49,57,1000,214.9,214900.0,Online Securities Pvt. Ltd.,Aryatara Investment & Securities,2026-04-13 13:27:50.490567
2026041304016549,UPPER,4,41,300,215.0,64500.0,Opal Securities Investment (PVT) Ltd.,Linch Stock Market Ltd.,2026-04-13 13:29:07.537261
2026041304016562,UPPER,49,41,65,215.0,13975.0,Online Securities Pvt. Ltd.,Linch Stock Market Ltd.,2026-04-13 13:29:17.526630
2026041304016630,UPPER,21,36,50,214.8,10740.0,Midas Stock Broking Company Private Limited,Secured Securities Ltd.,2026-04-13 13:29:54.530682
2026041304016631,UPPER,58,36,30,214.8,6444.0,Naasa Securities Co. Ltd.,Secured Securities Ltd.,2026-04-13 13:29:54.531260
2026041304016632,UPPER,21,36,520,214.6,111592.0,Midas Stock Broking Company Private Limited,Secured Securities Ltd.,2026-04-13 13:29:54.531543
2026041304016658,UPPER,74,41,306,215.0,65790.0,KALASH STOCK MARKET PVT. LTD.,Linch Stock Market Ltd.,2026-04-13 13:30:22.534024
2026041304016659,UPPER,74,59,1510,215.0,324650.0,KALASH STOCK MARKET PVT. LTD.,Deevyaa Securities & Stock House Pvt. Ltd,2026-04-13 13:30:22.534135
2026041304016660,UPPER,74,22,100,215.0,21500.0,KALASH STOCK MARKET PVT. LTD.,Siprabi Securities Pvt. Ltd.,2026-04-13 13:30:22.534273
2026041304016661,UPPER,74,42,500,215.0,107500.0,KALASH STOCK MARKET PVT. LTD.,Sani Securities Company Ltd.,2026-04-13 13:30:22.534375
2026041304016662,UPPER,74,58,70,215.0,15050.0,KALASH STOCK MARKET PVT. LTD.,Naasa Securities Co. Ltd.,2026-04-13 13:30:22.534450
2026041304016663,UPPER,74,57,1835,215.0,394525.0,KALASH STOCK MARKET PVT. LTD.,Aryatara Investment & Securities,2026-04-13 13:30:22.534521
2026041304016664,UPPER,74,42,1000,215.2,215200.0,KALASH STOCK MARKET PVT. LTD.,Sani Securities Company Ltd.,2026-04-13 13:30:22.534622
2026041304016665,UPPER,74,48,200,215.3,43060.0,KALASH STOCK MARKET PVT. LTD.,Trishakti Securities Public Limited,2026-04-13 13:30:22.534727
2026041304016666,UPPER,74,1,1200,215.3,258360.0,KALASH STOCK MARKET PVT. LTD.,Kumari Securities Private Limited,2026-04-13 13:30:22.534832
2026041304016667,UPPER,74,21,3279,215.4,706296.6,KALASH STOCK MARKET PVT. LTD.,Midas Stock Broking Company Private Limited,2026-04-13 13:30:22.534872
2026041304016703,UPPER,74,33,100,215.3,21530.0,KALASH STOCK MARKET PVT. LTD.,Dakshinkali Investment & Securities Pvt. Ltd.,2026-04-13 13:30:55.979780
2026041304016704,UPPER,74,21,5900,215.4,1270860.0,KALASH STOCK MARKET PVT. LTD.,Midas Stock Broking Company Private Limited,2026-04-13 13:30:55.979874
2026041304016736,UPPER,57,21,500,215.4,107700.0,Aryatara Investment & Securities,Midas Stock Broking Company Private Limited,2026-04-13 13:31:25.352933
2026041304016743,UPPER,21,17,34,214.6,7296.4,Midas Stock Broking Company Private Limited,ABC Securities Private Limited,2026-04-13 13:31:31.111827
2026041304016853,UPPER,17,48,170,214.7,36499.0,ABC Securities Private Limited,Trishakti Securities Public Limited,2026-04-13 13:32:50.026044
2026041304016856,UPPER,58,65,20,215.0,4300.0,Naasa Securities Co. Ltd.,Sharepro Securities Private Limited,2026-04-13 13:32:52.253647
2026041304016927,UPPER,42,65,30,215.0,6450.0,Sani Securities Company Ltd.,Sharepro Securities Private Limited,2026-04-13 13:33:25.952435
