contractId,stockSymbol,buyerMemberId,sellerMemberId,quantity,rate,amount,businessDate,tradeBookId,stockId,buyerBrokerName,sellerBrokerName,transaction_time,securityName
2026041501001314,ADBL,51,40,300,313.3,93990.0,2026-04-15,186288675,397,Oxford Securities Pvt. Ltd.,Creative Securities Pvt Ltd,2026-04-15 11:04:06.024943,Agricultural Development Bank Limited
2026041501001690,ADBL,51,44,100,313.5,31350.0,2026-04-15,186290060,397,Oxford Securities Pvt. Ltd.,Dynamic Money Managers Securities Pvt. Ltd.,2026-04-15 11:05:48.951178,Agricultural Development Bank Limited
2026041501001691,ADBL,51,44,200,313.5,62700.0,2026-04-15,186290062,397,Oxford Securities Pvt. Ltd.,Dynamic Money Managers Securities Pvt. Ltd.,2026-04-15 11:05:48.951238,Agricultural Development Bank Limited
2026041501001692,ADBL,42,44,1700,313.5,532950.0,2026-04-15,186290063,397,Sani Securities Company Ltd.,Dynamic Money Managers Securities Pvt. Ltd.,2026-04-15 11:05:48.951266,Agricultural Development Bank Limited
2026041501001781,ADBL,14,49,10,315.0,3150.0,2026-04-15,186290366,397,Nepal Stock House (PVT) Ltd.,Online Securities Pvt. Ltd.,2026-04-15 11:06:09.857695,Agricultural Development Bank Limited
2026041501002426,ADBL,1,7,100,315.0,31500.0,2026-04-15,186292879,397,Kumari Securities Private Limited,J.F. Securites (PVT) Ltd.,2026-04-15 11:09:01.310171,Agricultural Development Bank Limited
2026041501002534,ADBL,1,38,10,315.0,3150.0,2026-04-15,186293351,397,Kumari Securities Private Limited,Dipshikha Dhitopatra Karobar Co. Pvt Ltd.,2026-04-15 11:09:36.876520,Agricultural Development Bank Limited
2026041501003277,ADBL,58,77,65,315.1,20481.5,2026-04-15,186296361,397,Naasa Securities Co. Ltd.,Nabil Stock Dealer Ltd.,2026-04-15 11:12:47.955324,Agricultural Development Bank Limited
2026041501004446,ADBL,29,62,10,318.6,3186.0,2026-04-15,186301326,397,Trisul Securities & Invt. Ltd.,Capital Max Securities Ltd,2026-04-15 11:19:12.979413,Agricultural Development Bank Limited
2026041501004804,ADBL,45,42,3,315.0,945.0,2026-04-15,186302725,397,Imperial Securities Company Pvt. Ltd.,Sani Securities Company Ltd.,2026-04-15 11:20:35.739505,Agricultural Development Bank Limited
2026041501004856,ADBL,45,42,2,315.0,630.0,2026-04-15,186303086,397,Imperial Securities Company Pvt. Ltd.,Sani Securities Company Ltd.,2026-04-15 11:20:54.812721,Agricultural Development Bank Limited
2026041501005882,ADBL,53,62,55,316.0,17380.0,2026-04-15,186308015,397,Investment Management Nepal Pvt. Ltd.,Capital Max Securities Ltd,2026-04-15 11:25:57.269531,Agricultural Development Bank Limited
2026041501005896,ADBL,22,34,20,318.0,6360.0,2026-04-15,186308070,397,Siprabi Securities Pvt. Ltd.,Vision Securities Pvt. Ltd,2026-04-15 11:26:04.482992,Agricultural Development Bank Limited
2026041501006294,ADBL,52,54,30,317.0,9510.0,2026-04-15,186309722,397,Sundhara Securities Limited,Sewa Securities Pvt. Ltd.,2026-04-15 11:27:38.209726,Agricultural Development Bank Limited
2026041501006814,ADBL,53,47,100,316.0,31600.0,2026-04-15,186311895,397,Investment Management Nepal Pvt. Ltd.,Neev Securities Pvt. Ltd.,2026-04-15 11:29:54.269130,Agricultural Development Bank Limited
2026041501006969,ADBL,53,45,10,316.0,3160.0,2026-04-15,186312679,397,Investment Management Nepal Pvt. Ltd.,Imperial Securities Company Pvt. Ltd.,2026-04-15 11:30:46.116600,Agricultural Development Bank Limited
2026041501007371,ADBL,65,54,170,317.0,53890.0,2026-04-15,186314293,397,Sharepro Securities Private Limited,Sewa Securities Pvt. Ltd.,2026-04-15 11:32:23.179996,Agricultural Development Bank Limited
2026041501007372,ADBL,65,34,220,318.0,69960.0,2026-04-15,186314295,397,Sharepro Securities Private Limited,Vision Securities Pvt. Ltd,2026-04-15 11:32:23.180109,Agricultural Development Bank Limited
2026041501007373,ADBL,65,52,1000,318.0,318000.0,2026-04-15,186314297,397,Sharepro Securities Private Limited,Sundhara Securities Limited,2026-04-15 11:32:23.180156,Agricultural Development Bank Limited
2026041501007374,ADBL,65,51,1000,318.0,318000.0,2026-04-15,186314299,397,Sharepro Securities Private Limited,Oxford Securities Pvt. Ltd.,2026-04-15 11:32:23.180202,Agricultural Development Bank Limited
2026041501007375,ADBL,65,3,100,318.6,31860.0,2026-04-15,186314301,397,Sharepro Securities Private Limited,Arun Securities (PVT) Ltd.,2026-04-15 11:32:23.180259,Agricultural Development Bank Limited
2026041501007376,ADBL,65,34,150,318.6,47790.0,2026-04-15,186314303,397,Sharepro Securities Private Limited,Vision Securities Pvt. Ltd,2026-04-15 11:32:23.180296,Agricultural Development Bank Limited
2026041501007377,ADBL,65,35,38,318.6,12106.8,2026-04-15,186314305,397,Sharepro Securities Private Limited,Kohinoor Investment & Securities Pvt. Ltd.,2026-04-15 11:32:23.180334,Agricultural Development Bank Limited
2026041501007378,ADBL,65,94,500,318.6,159300.0,2026-04-15,186314307,397,Sharepro Securities Private Limited,K.B.L. Securities Limited ,2026-04-15 11:32:23.180373,Agricultural Development Bank Limited
2026041501007379,ADBL,65,40,1000,318.7,318700.0,2026-04-15,186314309,397,Sharepro Securities Private Limited,Creative Securities Pvt Ltd,2026-04-15 11:32:23.180412,Agricultural Development Bank Limited
2026041501007380,ADBL,65,3,309,318.9,98540.1,2026-04-15,186314311,397,Sharepro Securities Private Limited,Arun Securities (PVT) Ltd.,2026-04-15 11:32:23.180450,Agricultural Development Bank Limited
2026041501007381,ADBL,65,34,400,319.0,127600.0,2026-04-15,186314313,397,Sharepro Securities Private Limited,Vision Securities Pvt. Ltd,2026-04-15 11:32:23.180492,Agricultural Development Bank Limited
2026041501007382,ADBL,65,40,113,319.0,36047.0,2026-04-15,186314316,397,Sharepro Securities Private Limited,Creative Securities Pvt Ltd,2026-04-15 11:32:23.180532,Agricultural Development Bank Limited
2026041501007537,ADBL,65,40,887,319.0,282953.0,2026-04-15,186314733,397,Sharepro Securities Private Limited,Creative Securities Pvt Ltd,2026-04-15 11:32:39.761514,Agricultural Development Bank Limited
2026041501007538,ADBL,65,52,2000,319.0,638000.0,2026-04-15,186314735,397,Sharepro Securities Private Limited,Sundhara Securities Limited,2026-04-15 11:32:39.761615,Agricultural Development Bank Limited
2026041501007539,ADBL,65,49,242,319.0,77198.0,2026-04-15,186314737,397,Sharepro Securities Private Limited,Online Securities Pvt. Ltd.,2026-04-15 11:32:39.761660,Agricultural Development Bank Limited
2026041501007540,ADBL,65,42,97,319.7,31010.9,2026-04-15,186314739,397,Sharepro Securities Private Limited,Sani Securities Company Ltd.,2026-04-15 11:32:39.761704,Agricultural Development Bank Limited
2026041501007541,ADBL,65,32,200,320.0,64000.0,2026-04-15,186314741,397,Sharepro Securities Private Limited,Premier Securities Company Ltd.,2026-04-15 11:32:39.761743,Agricultural Development Bank Limited
2026041501007542,ADBL,65,17,100,320.0,32000.0,2026-04-15,186314743,397,Sharepro Securities Private Limited,ABC Securities Private Limited,2026-04-15 11:32:39.761782,Agricultural Development Bank Limited
2026041501007543,ADBL,65,53,1066,320.0,341120.0,2026-04-15,186314745,397,Sharepro Securities Private Limited,Investment Management Nepal Pvt. Ltd.,2026-04-15 11:32:39.761819,Agricultural Development Bank Limited
2026041501007544,ADBL,65,56,19,320.0,6080.0,2026-04-15,186314747,397,Sharepro Securities Private Limited,Sri Hari Securities Pvt. Ltd.,2026-04-15 11:32:39.761852,Agricultural Development Bank Limited
2026041501007545,ADBL,65,5,29,320.0,9280.0,2026-04-15,186314749,397,Sharepro Securities Private Limited,Market Securities & Exchange (PVT) Ltd.,2026-04-15 11:32:39.761887,Agricultural Development Bank Limited
2026041501007546,ADBL,65,52,2000,320.0,640000.0,2026-04-15,186314751,397,Sharepro Securities Private Limited,Sundhara Securities Limited,2026-04-15 11:32:39.761921,Agricultural Development Bank Limited
2026041501007547,ADBL,65,58,51,320.0,16320.0,2026-04-15,186314753,397,Sharepro Securities Private Limited,Naasa Securities Co. Ltd.,2026-04-15 11:32:39.761954,Agricultural Development Bank Limited
2026041501007548,ADBL,65,28,309,321.0,99189.0,2026-04-15,186314756,397,Sharepro Securities Private Limited,Shree Krishna Securities Ltd.,2026-04-15 11:32:39.761990,Agricultural Development Bank Limited
2026041501007557,ADBL,65,28,91,321.0,29211.0,2026-04-15,186314819,397,Sharepro Securities Private Limited,Shree Krishna Securities Ltd.,2026-04-15 11:32:47.641354,Agricultural Development Bank Limited
2026041501007558,ADBL,65,45,1000,321.0,321000.0,2026-04-15,186314821,397,Sharepro Securities Private Limited,Imperial Securities Company Pvt. Ltd.,2026-04-15 11:32:47.641519,Agricultural Development Bank Limited
2026041501007559,ADBL,65,58,515,321.0,165315.0,2026-04-15,186314824,397,Sharepro Securities Private Limited,Naasa Securities Co. Ltd.,2026-04-15 11:32:47.641620,Agricultural Development Bank Limited
2026041501008129,ADBL,19,6,10,321.0,3210.0,2026-04-15,186317770,397,Nepal Investment And Securities Trading Private Limited,Agrawal Securities (PVT) Ltd.,2026-04-15 11:35:44.470585,Agricultural Development Bank Limited
2026041501008943,ADBL,54,75,150,318.0,47700.0,2026-04-15,186321963,397,Sewa Securities Pvt. Ltd.,N.I.M.B. Stock Markets Limited,2026-04-15 11:40:09.342223,Agricultural Development Bank Limited
2026041501009151,ADBL,49,75,66,316.5,20889.0,2026-04-15,186322977,397,Online Securities Pvt. Ltd.,N.I.M.B. Stock Markets Limited,2026-04-15 11:41:15.023148,Agricultural Development Bank Limited
2026041501010466,ADBL,65,38,2000,318.8,637600.0,2026-04-15,186328469,397,Sharepro Securities Private Limited,Dipshikha Dhitopatra Karobar Co. Pvt Ltd.,2026-04-15 11:46:46.484928,Agricultural Development Bank Limited
2026041501010467,ADBL,65,6,1000,318.9,318900.0,2026-04-15,186328471,397,Sharepro Securities Private Limited,Agrawal Securities (PVT) Ltd.,2026-04-15 11:46:46.485190,Agricultural Development Bank Limited
2026041501010468,ADBL,65,41,2648,319.0,844712.0,2026-04-15,186328473,397,Sharepro Securities Private Limited,Linch Stock Market Ltd.,2026-04-15 11:46:46.485354,Agricultural Development Bank Limited
2026041501010469,ADBL,65,35,90,319.8,28782.0,2026-04-15,186328475,397,Sharepro Securities Private Limited,Kohinoor Investment & Securities Pvt. Ltd.,2026-04-15 11:46:46.485509,Agricultural Development Bank Limited
2026041501010470,ADBL,65,40,1262,320.0,403840.0,2026-04-15,186328478,397,Sharepro Securities Private Limited,Creative Securities Pvt Ltd,2026-04-15 11:46:46.485670,Agricultural Development Bank Limited
2026041501010489,ADBL,32,40,738,320.0,236160.0,2026-04-15,186328585,397,Premier Securities Company Ltd.,Creative Securities Pvt Ltd,2026-04-15 11:46:57.728339,Agricultural Development Bank Limited
2026041501010490,ADBL,32,4,132,320.0,42240.0,2026-04-15,186328587,397,Premier Securities Company Ltd.,Opal Securities Investment (PVT) Ltd.,2026-04-15 11:46:57.728571,Agricultural Development Bank Limited
2026041501010491,ADBL,32,33,30,320.0,9600.0,2026-04-15,186328589,397,Premier Securities Company Ltd.,Dakshinkali Investment & Securities Pvt. Ltd.,2026-04-15 11:46:57.728710,Agricultural Development Bank Limited
2026041501010492,ADBL,32,11,10,320.0,3200.0,2026-04-15,186328591,397,Premier Securities Company Ltd.,Malla & Malla Stock Broking Company Pvt. Limited,2026-04-15 11:46:57.728841,Agricultural Development Bank Limited
2026041501010493,ADBL,32,71,90,320.0,28800.0,2026-04-15,186328594,397,Premier Securities Company Ltd.,SHUBHAKAMANA SECURITIES PVT. LTD,2026-04-15 11:46:57.728978,Agricultural Development Bank Limited
2026041501010514,ADBL,65,71,110,320.0,35200.0,2026-04-15,186328723,397,Sharepro Securities Private Limited,SHUBHAKAMANA SECURITIES PVT. LTD,2026-04-15 11:47:03.559449,Agricultural Development Bank Limited
2026041501010515,ADBL,65,67,10,320.0,3200.0,2026-04-15,186328725,397,Sharepro Securities Private Limited,Property Wiard Limited,2026-04-15 11:47:03.559567,Agricultural Development Bank Limited
2026041501010516,ADBL,65,63,10,320.1,3201.0,2026-04-15,186328727,397,Sharepro Securities Private Limited,Himalayan Brokerage Company Limited,2026-04-15 11:47:03.559620,Agricultural Development Bank Limited
2026041501010517,ADBL,65,22,268,320.9,86001.2,2026-04-15,186328729,397,Sharepro Securities Private Limited,Siprabi Securities Pvt. Ltd.,2026-04-15 11:47:03.559671,Agricultural Development Bank Limited
2026041501010518,ADBL,65,6,40,321.0,12840.0,2026-04-15,186328731,397,Sharepro Securities Private Limited,Agrawal Securities (PVT) Ltd.,2026-04-15 11:47:03.559722,Agricultural Development Bank Limited
2026041501010519,ADBL,65,25,56,321.0,17976.0,2026-04-15,186328733,397,Sharepro Securities Private Limited,Sweta Securities Private Limited,2026-04-15 11:47:03.559769,Agricultural Development Bank Limited
2026041501010520,ADBL,65,3,50,321.0,16050.0,2026-04-15,186328735,397,Sharepro Securities Private Limited,Arun Securities (PVT) Ltd.,2026-04-15 11:47:03.559817,Agricultural Development Bank Limited
2026041501010521,ADBL,65,52,5000,321.0,1605000.0,2026-04-15,186328737,397,Sharepro Securities Private Limited,Sundhara Securities Limited,2026-04-15 11:47:03.559865,Agricultural Development Bank Limited
2026041501010522,ADBL,65,53,450,321.0,144450.0,2026-04-15,186328739,397,Sharepro Securities Private Limited,Investment Management Nepal Pvt. Ltd.,2026-04-15 11:47:03.559906,Agricultural Development Bank Limited
2026041501010523,ADBL,65,40,2000,321.0,642000.0,2026-04-15,186328741,397,Sharepro Securities Private Limited,Creative Securities Pvt Ltd,2026-04-15 11:47:03.559957,Agricultural Development Bank Limited
2026041501010605,ADBL,65,11,10,321.0,3210.0,2026-04-15,186329185,397,Sharepro Securities Private Limited,Malla & Malla Stock Broking Company Pvt. Limited,2026-04-15 11:47:29.331666,Agricultural Development Bank Limited
2026041501010648,ADBL,65,58,16,321.0,5136.0,2026-04-15,186329433,397,Sharepro Securities Private Limited,Naasa Securities Co. Ltd.,2026-04-15 11:47:43.053890,Agricultural Development Bank Limited
2026041501010947,ADBL,34,38,40,320.8,12832.0,2026-04-15,186331028,397,Vision Securities Pvt. Ltd,Dipshikha Dhitopatra Karobar Co. Pvt Ltd.,2026-04-15 11:49:10.522242,Agricultural Development Bank Limited
2026041501011478,ADBL,58,45,46,318.0,14628.0,2026-04-15,186332964,397,Naasa Securities Co. Ltd.,Imperial Securities Company Pvt. Ltd.,2026-04-15 11:50:12.981830,Agricultural Development Bank Limited
2026041501011490,ADBL,6,52,2,315.0,630.0,2026-04-15,186333065,397,Agrawal Securities (PVT) Ltd.,Sundhara Securities Limited,2026-04-15 11:50:20.041647,Agricultural Development Bank Limited
2026041501011502,ADBL,58,58,106,316.6,33559.6,2026-04-15,186333185,397,Naasa Securities Co. Ltd.,Naasa Securities Co. Ltd.,2026-04-15 11:50:26.616137,Agricultural Development Bank Limited
2026041501012527,ADBL,50,51,10,320.0,3200.0,2026-04-15,186336942,397,Cristal Kanchanjanga Securites Pvt. Ltd.,Oxford Securities Pvt. Ltd.,2026-04-15 11:52:35.329283,Agricultural Development Bank Limited
2026041501013387,ADBL,56,51,240,320.0,76800.0,2026-04-15,186340543,397,Sri Hari Securities Pvt. Ltd.,Oxford Securities Pvt. Ltd.,2026-04-15 11:55:11.211514,Agricultural Development Bank Limited
2026041501013388,ADBL,56,38,460,320.8,147568.0,2026-04-15,186340545,397,Sri Hari Securities Pvt. Ltd.,Dipshikha Dhitopatra Karobar Co. Pvt Ltd.,2026-04-15 11:55:11.211629,Agricultural Development Bank Limited
2026041501013389,ADBL,56,52,1800,320.8,577440.0,2026-04-15,186340548,397,Sri Hari Securities Pvt. Ltd.,Sundhara Securities Limited,2026-04-15 11:55:11.211680,Agricultural Development Bank Limited
2026041501013725,ADBL,56,52,200,320.8,64160.0,2026-04-15,186342365,397,Sri Hari Securities Pvt. Ltd.,Sundhara Securities Limited,2026-04-15 11:56:36.308513,Agricultural Development Bank Limited
2026041501013726,ADBL,56,52,2000,320.8,641600.0,2026-04-15,186342368,397,Sri Hari Securities Pvt. Ltd.,Sundhara Securities Limited,2026-04-15 11:56:36.308663,Agricultural Development Bank Limited
2026041501013965,ADBL,42,50,1008,319.0,321552.0,2026-04-15,186343911,397,Sani Securities Company Ltd.,Cristal Kanchanjanga Securites Pvt. Ltd.,2026-04-15 11:57:46.371941,Agricultural Development Bank Limited
2026041501013979,ADBL,49,58,100,321.0,32100.0,2026-04-15,186344013,397,Online Securities Pvt. Ltd.,Naasa Securities Co. Ltd.,2026-04-15 11:57:51.486198,Agricultural Development Bank Limited
2026041501013980,ADBL,49,49,69,321.0,22149.0,2026-04-15,186344015,397,Online Securities Pvt. Ltd.,Online Securities Pvt. Ltd.,2026-04-15 11:57:51.486304,Agricultural Development Bank Limited
2026041501013981,ADBL,49,34,15,321.0,4815.0,2026-04-15,186344018,397,Online Securities Pvt. Ltd.,Vision Securities Pvt. Ltd,2026-04-15 11:57:51.486361,Agricultural Development Bank Limited
2026041501014681,ADBL,56,39,103,319.0,32857.0,2026-04-15,186347461,397,Sri Hari Securities Pvt. Ltd.,Sumeru Securities Pvt. Ltd.,2026-04-15 12:00:14.021683,Agricultural Development Bank Limited
2026041501014682,ADBL,56,52,897,319.5,286591.5,2026-04-15,186347464,397,Sri Hari Securities Pvt. Ltd.,Sundhara Securities Limited,2026-04-15 12:00:14.021879,Agricultural Development Bank Limited
2026041501014719,ADBL,56,52,4103,319.5,1310908.5,2026-04-15,186347631,397,Sri Hari Securities Pvt. Ltd.,Sundhara Securities Limited,2026-04-15 12:00:22.089969,Agricultural Development Bank Limited
2026041501014720,ADBL,56,50,897,319.9,286950.3,2026-04-15,186347634,397,Sri Hari Securities Pvt. Ltd.,Cristal Kanchanjanga Securites Pvt. Ltd.,2026-04-15 12:00:22.090090,Agricultural Development Bank Limited
2026041501015992,ADBL,42,42,155,317.5,49212.5,2026-04-15,186354607,397,Sani Securities Company Ltd.,Sani Securities Company Ltd.,2026-04-15 12:06:39.073570,Agricultural Development Bank Limited
2026041501016746,ADBL,34,58,50,318.0,15900.0,2026-04-15,186358449,397,Vision Securities Pvt. Ltd,Naasa Securities Co. Ltd.,2026-04-15 12:10:41.266502,Agricultural Development Bank Limited
2026041501016747,ADBL,34,57,130,318.0,41340.0,2026-04-15,186358451,397,Vision Securities Pvt. Ltd,Aryatara Investment & Securities,2026-04-15 12:10:41.266649,Agricultural Development Bank Limited
2026041501016748,ADBL,34,34,120,319.0,38280.0,2026-04-15,186358454,397,Vision Securities Pvt. Ltd,Vision Securities Pvt. Ltd,2026-04-15 12:10:41.266717,Agricultural Development Bank Limited
2026041501016815,ADBL,56,52,5000,318.0,1590000.0,2026-04-15,186358910,397,Sri Hari Securities Pvt. Ltd.,Sundhara Securities Limited,2026-04-15 12:11:12.321848,Agricultural Development Bank Limited
2026041501017618,ADBL,42,58,845,317.5,268287.5,2026-04-15,186362506,397,Sani Securities Company Ltd.,Naasa Securities Co. Ltd.,2026-04-15 12:14:28.506975,Agricultural Development Bank Limited
2026041501017722,ADBL,21,58,155,317.1,49150.5,2026-04-15,186363085,397,Midas Stock Broking Company Private Limited,Naasa Securities Co. Ltd.,2026-04-15 12:15:01.412931,Agricultural Development Bank Limited
2026041501019739,ADBL,48,62,182,318.0,57876.0,2026-04-15,186369197,397,Trishakti Securities Public Limited,Capital Max Securities Ltd,2026-04-15 12:18:04.072525,Agricultural Development Bank Limited
2026041501020562,ADBL,56,50,95,319.9,30390.5,2026-04-15,186372869,397,Sri Hari Securities Pvt. Ltd.,Cristal Kanchanjanga Securites Pvt. Ltd.,2026-04-15 12:21:00.764204,Agricultural Development Bank Limited
2026041501020563,ADBL,56,4,200,320.0,64000.0,2026-04-15,186372871,397,Sri Hari Securities Pvt. Ltd.,Opal Securities Investment (PVT) Ltd.,2026-04-15 12:21:00.764502,Agricultural Development Bank Limited
2026041501020564,ADBL,56,87,20,320.0,6400.0,2026-04-15,186372873,397,Sri Hari Securities Pvt. Ltd.,S.P.S.A. Securities Limited,2026-04-15 12:21:00.764679,Agricultural Development Bank Limited
2026041501020565,ADBL,56,25,500,320.0,160000.0,2026-04-15,186372875,397,Sri Hari Securities Pvt. Ltd.,Sweta Securities Private Limited,2026-04-15 12:21:00.764853,Agricultural Development Bank Limited
2026041501020566,ADBL,56,16,150,320.0,48000.0,2026-04-15,186372877,397,Sri Hari Securities Pvt. Ltd.,Primo Securities (PVT) Ltd.,2026-04-15 12:21:00.765048,Agricultural Development Bank Limited
2026041501020567,ADBL,56,40,100,320.9,32090.0,2026-04-15,186372879,397,Sri Hari Securities Pvt. Ltd.,Creative Securities Pvt Ltd,2026-04-15 12:21:00.765210,Agricultural Development Bank Limited
2026041501020568,ADBL,56,40,300,320.9,96270.0,2026-04-15,186372881,397,Sri Hari Securities Pvt. Ltd.,Creative Securities Pvt Ltd,2026-04-15 12:21:00.765374,Agricultural Development Bank Limited
2026041501020569,ADBL,56,40,200,320.9,64180.0,2026-04-15,186372883,397,Sri Hari Securities Pvt. Ltd.,Creative Securities Pvt Ltd,2026-04-15 12:21:00.765541,Agricultural Development Bank Limited
2026041501020570,ADBL,56,34,95,321.0,30495.0,2026-04-15,186372885,397,Sri Hari Securities Pvt. Ltd.,Vision Securities Pvt. Ltd,2026-04-15 12:21:00.765711,Agricultural Development Bank Limited
2026041501020571,ADBL,56,45,35,321.0,11235.0,2026-04-15,186372887,397,Sri Hari Securities Pvt. Ltd.,Imperial Securities Company Pvt. Ltd.,2026-04-15 12:21:00.765876,Agricultural Development Bank Limited
2026041501020572,ADBL,56,29,675,321.0,216675.0,2026-04-15,186372889,397,Sri Hari Securities Pvt. Ltd.,Trisul Securities & Invt. Ltd.,2026-04-15 12:21:00.766062,Agricultural Development Bank Limited
2026041501020573,ADBL,56,58,50,321.0,16050.0,2026-04-15,186372891,397,Sri Hari Securities Pvt. Ltd.,Naasa Securities Co. Ltd.,2026-04-15 12:21:00.766231,Agricultural Development Bank Limited
2026041501020574,ADBL,56,13,580,321.0,186180.0,2026-04-15,186372894,397,Sri Hari Securities Pvt. Ltd.,Thrive Brokerage House Pvt. Ltd,2026-04-15 12:21:00.766390,Agricultural Development Bank Limited
2026041501022290,ADBL,56,48,19,320.0,6080.0,2026-04-15,186381241,397,Sri Hari Securities Pvt. Ltd.,Trishakti Securities Public Limited,2026-04-15 12:27:26.735768,Agricultural Development Bank Limited
2026041501022291,ADBL,56,58,500,320.5,160250.0,2026-04-15,186381243,397,Sri Hari Securities Pvt. Ltd.,Naasa Securities Co. Ltd.,2026-04-15 12:27:26.735935,Agricultural Development Bank Limited
2026041501022292,ADBL,56,13,68,321.0,21828.0,2026-04-15,186381245,397,Sri Hari Securities Pvt. Ltd.,Thrive Brokerage House Pvt. Ltd,2026-04-15 12:27:26.736003,Agricultural Development Bank Limited
2026041501022293,ADBL,56,32,100,321.0,32100.0,2026-04-15,186381247,397,Sri Hari Securities Pvt. Ltd.,Premier Securities Company Ltd.,2026-04-15 12:27:26.736075,Agricultural Development Bank Limited
2026041501022294,ADBL,56,58,100,321.0,32100.0,2026-04-15,186381249,397,Sri Hari Securities Pvt. Ltd.,Naasa Securities Co. Ltd.,2026-04-15 12:27:26.736135,Agricultural Development Bank Limited
2026041501022295,ADBL,56,81,213,321.0,68373.0,2026-04-15,186381252,397,Sri Hari Securities Pvt. Ltd.,Aakashbhairab Securities Ltd.,2026-04-15 12:27:26.736196,Agricultural Development Bank Limited
2026041501022705,ADBL,65,54,999,320.0,319680.0,2026-04-15,186383795,397,Sharepro Securities Private Limited,Sewa Securities Pvt. Ltd.,2026-04-15 12:29:46.408954,Agricultural Development Bank Limited
2026041501022706,ADBL,65,81,206,321.0,66126.0,2026-04-15,186383797,397,Sharepro Securities Private Limited,Aakashbhairab Securities Ltd.,2026-04-15 12:29:46.409176,Agricultural Development Bank Limited
2026041501022707,ADBL,65,49,92,321.0,29532.0,2026-04-15,186383799,397,Sharepro Securities Private Limited,Online Securities Pvt. Ltd.,2026-04-15 12:29:46.409243,Agricultural Development Bank Limited
2026041501022708,ADBL,65,33,203,321.0,65163.0,2026-04-15,186383802,397,Sharepro Securities Private Limited,Dakshinkali Investment & Securities Pvt. Ltd.,2026-04-15 12:29:46.409305,Agricultural Development Bank Limited
2026041501023596,ADBL,58,6,70,321.0,22470.0,2026-04-15,186387596,397,Naasa Securities Co. Ltd.,Agrawal Securities (PVT) Ltd.,2026-04-15 12:33:00.805143,Agricultural Development Bank Limited
2026041501024954,ADBL,56,50,91,320.5,29165.5,2026-04-15,186393781,397,Sri Hari Securities Pvt. Ltd.,Cristal Kanchanjanga Securites Pvt. Ltd.,2026-04-15 12:38:01.871510,Agricultural Development Bank Limited
2026041501024955,ADBL,56,6,385,321.0,123585.0,2026-04-15,186393783,397,Sri Hari Securities Pvt. Ltd.,Agrawal Securities (PVT) Ltd.,2026-04-15 12:38:01.871802,Agricultural Development Bank Limited
2026041501024956,ADBL,56,35,1550,321.0,497550.0,2026-04-15,186393785,397,Sri Hari Securities Pvt. Ltd.,Kohinoor Investment & Securities Pvt. Ltd.,2026-04-15 12:38:01.872004,Agricultural Development Bank Limited
2026041501024957,ADBL,56,6,41,321.0,13161.0,2026-04-15,186393787,397,Sri Hari Securities Pvt. Ltd.,Agrawal Securities (PVT) Ltd.,2026-04-15 12:38:01.872232,Agricultural Development Bank Limited
2026041501024958,ADBL,56,94,433,321.0,138993.0,2026-04-15,186393790,397,Sri Hari Securities Pvt. Ltd.,K.B.L. Securities Limited ,2026-04-15 12:38:01.872439,Agricultural Development Bank Limited
2026041501025088,ADBL,60,50,150,319.0,47850.0,2026-04-15,186394301,397,Nagarik Stock Dealer ,Cristal Kanchanjanga Securites Pvt. Ltd.,2026-04-15 12:38:29.872217,Agricultural Development Bank Limited
2026041501025334,ADBL,56,50,1000,320.5,320500.0,2026-04-15,186395396,397,Sri Hari Securities Pvt. Ltd.,Cristal Kanchanjanga Securites Pvt. Ltd.,2026-04-15 12:39:33.945248,Agricultural Development Bank Limited
2026041501025510,ADBL,60,50,10,319.0,3190.0,2026-04-15,186396122,397,Nagarik Stock Dealer ,Cristal Kanchanjanga Securites Pvt. Ltd.,2026-04-15 12:40:18.903132,Agricultural Development Bank Limited
2026041501025511,ADBL,48,50,818,318.0,260124.0,2026-04-15,186396124,397,Trishakti Securities Public Limited,Cristal Kanchanjanga Securites Pvt. Ltd.,2026-04-15 12:40:18.903417,Agricultural Development Bank Limited
2026041501025512,ADBL,42,50,172,318.0,54696.0,2026-04-15,186396125,397,Sani Securities Company Ltd.,Cristal Kanchanjanga Securites Pvt. Ltd.,2026-04-15 12:40:18.903607,Agricultural Development Bank Limited
2026041501026493,ADBL,39,50,240,318.1,76344.0,2026-04-15,186400749,397,Sumeru Securities Pvt. Ltd.,Cristal Kanchanjanga Securites Pvt. Ltd.,2026-04-15 12:44:39.322976,Agricultural Development Bank Limited
2026041501026974,ADBL,33,52,15000,318.2,4773000.0,2026-04-15,186403091,397,Dakshinkali Investment & Securities Pvt. Ltd.,Sundhara Securities Limited,2026-04-15 12:47:08.210174,Agricultural Development Bank Limited
2026041501027302,ADBL,39,45,14,318.1,4453.4,2026-04-15,186404829,397,Sumeru Securities Pvt. Ltd.,Imperial Securities Company Pvt. Ltd.,2026-04-15 12:49:03.116089,Agricultural Development Bank Limited
2026041501028139,ADBL,42,50,59,318.5,18791.5,2026-04-15,186408505,397,Sani Securities Company Ltd.,Cristal Kanchanjanga Securites Pvt. Ltd.,2026-04-15 12:52:52.016709,Agricultural Development Bank Limited
2026041501028477,ADBL,42,33,155,318.5,49367.5,2026-04-15,186410145,397,Sani Securities Company Ltd.,Dakshinkali Investment & Securities Pvt. Ltd.,2026-04-15 12:54:34.970314,Agricultural Development Bank Limited
2026041501028619,ADBL,66,45,32,319.0,10208.0,2026-04-15,186410761,397,Miyo Securities Pvt Ltd,Imperial Securities Company Pvt. Ltd.,2026-04-15 12:55:04.132978,Agricultural Development Bank Limited
2026041501028620,ADBL,66,1,1968,319.0,627792.0,2026-04-15,186410764,397,Miyo Securities Pvt Ltd,Kumari Securities Private Limited,2026-04-15 12:55:04.133195,Agricultural Development Bank Limited
2026041501028659,ADBL,66,1,32,319.0,10208.0,2026-04-15,186411023,397,Miyo Securities Pvt Ltd,Kumari Securities Private Limited,2026-04-15 12:55:18.728185,Agricultural Development Bank Limited
2026041501028777,ADBL,4,46,14,320.0,4480.0,2026-04-15,186411705,397,Opal Securities Investment (PVT) Ltd.,Kalika Securities Pvt. Ltd.,2026-04-15 12:56:05.429273,Agricultural Development Bank Limited
2026041501028778,ADBL,4,41,20,320.0,6400.0,2026-04-15,186411707,397,Opal Securities Investment (PVT) Ltd.,Linch Stock Market Ltd.,2026-04-15 12:56:05.429508,Agricultural Development Bank Limited
2026041501028779,ADBL,4,53,211,320.0,67520.0,2026-04-15,186411709,397,Opal Securities Investment (PVT) Ltd.,Investment Management Nepal Pvt. Ltd.,2026-04-15 12:56:05.429603,Agricultural Development Bank Limited
2026041501028780,ADBL,4,38,26,320.0,8320.0,2026-04-15,186411711,397,Opal Securities Investment (PVT) Ltd.,Dipshikha Dhitopatra Karobar Co. Pvt Ltd.,2026-04-15 12:56:05.429673,Agricultural Development Bank Limited
2026041501028781,ADBL,4,35,40,320.0,12800.0,2026-04-15,186411713,397,Opal Securities Investment (PVT) Ltd.,Kohinoor Investment & Securities Pvt. Ltd.,2026-04-15 12:56:05.429742,Agricultural Development Bank Limited
2026041501029235,ADBL,4,40,150,320.0,48000.0,2026-04-15,186413641,397,Opal Securities Investment (PVT) Ltd.,Creative Securities Pvt Ltd,2026-04-15 12:57:47.302992,Agricultural Development Bank Limited
2026041501029238,ADBL,4,13,39,320.0,12480.0,2026-04-15,186413656,397,Opal Securities Investment (PVT) Ltd.,Thrive Brokerage House Pvt. Ltd,2026-04-15 12:57:48.343905,Agricultural Development Bank Limited
2026041501029590,ADBL,50,13,61,320.0,19520.0,2026-04-15,186415415,397,Cristal Kanchanjanga Securites Pvt. Ltd.,Thrive Brokerage House Pvt. Ltd,2026-04-15 12:59:58.177238,Agricultural Development Bank Limited
2026041501029591,ADBL,50,50,1,320.0,320.0,2026-04-15,186415417,397,Cristal Kanchanjanga Securites Pvt. Ltd.,Cristal Kanchanjanga Securites Pvt. Ltd.,2026-04-15 12:59:58.177484,Agricultural Development Bank Limited
2026041501029891,ADBL,38,34,20,320.0,6400.0,2026-04-15,186417037,397,Dipshikha Dhitopatra Karobar Co. Pvt Ltd.,Vision Securities Pvt. Ltd,2026-04-15 13:01:45.327034,Agricultural Development Bank Limited
2026041501029947,ADBL,38,56,40,320.0,12800.0,2026-04-15,186417382,397,Dipshikha Dhitopatra Karobar Co. Pvt Ltd.,Sri Hari Securities Pvt. Ltd.,2026-04-15 13:02:10.403080,Agricultural Development Bank Limited
2026041501030280,ADBL,14,56,105,319.5,33547.5,2026-04-15,186419153,397,Nepal Stock House (PVT) Ltd.,Sri Hari Securities Pvt. Ltd.,2026-04-15 13:04:11.884143,Agricultural Development Bank Limited
2026041501030369,ADBL,14,58,21,319.5,6709.5,2026-04-15,186419533,397,Nepal Stock House (PVT) Ltd.,Naasa Securities Co. Ltd.,2026-04-15 13:04:22.401496,Agricultural Development Bank Limited
2026041501031204,ADBL,56,59,100,320.4,32040.0,2026-04-15,186423779,397,Sri Hari Securities Pvt. Ltd.,Deevyaa Securities & Stock House Pvt. Ltd,2026-04-15 13:08:43.743294,Agricultural Development Bank Limited
2026041501031205,ADBL,56,58,168,320.5,53844.0,2026-04-15,186423781,397,Sri Hari Securities Pvt. Ltd.,Naasa Securities Co. Ltd.,2026-04-15 13:08:43.743634,Agricultural Development Bank Limited
2026041501031206,ADBL,56,96,100,320.5,32050.0,2026-04-15,186423783,397,Sri Hari Securities Pvt. Ltd.,Himalayan Securities Limited,2026-04-15 13:08:43.743836,Agricultural Development Bank Limited
2026041501031207,ADBL,56,5,100,320.9,32090.0,2026-04-15,186423785,397,Sri Hari Securities Pvt. Ltd.,Market Securities & Exchange (PVT) Ltd.,2026-04-15 13:08:43.744049,Agricultural Development Bank Limited
2026041501031208,ADBL,56,94,67,321.0,21507.0,2026-04-15,186423787,397,Sri Hari Securities Pvt. Ltd.,K.B.L. Securities Limited ,2026-04-15 13:08:43.744242,Agricultural Development Bank Limited
2026041501031209,ADBL,56,38,52,321.0,16692.0,2026-04-15,186423789,397,Sri Hari Securities Pvt. Ltd.,Dipshikha Dhitopatra Karobar Co. Pvt Ltd.,2026-04-15 13:08:43.744420,Agricultural Development Bank Limited
2026041501031210,ADBL,56,17,64,321.0,20544.0,2026-04-15,186423791,397,Sri Hari Securities Pvt. Ltd.,ABC Securities Private Limited,2026-04-15 13:08:43.744609,Agricultural Development Bank Limited
2026041501031211,ADBL,56,40,100,321.1,32110.0,2026-04-15,186423793,397,Sri Hari Securities Pvt. Ltd.,Creative Securities Pvt Ltd,2026-04-15 13:08:43.744800,Agricultural Development Bank Limited
2026041501031212,ADBL,56,57,50,321.1,16055.0,2026-04-15,186423795,397,Sri Hari Securities Pvt. Ltd.,Aryatara Investment & Securities,2026-04-15 13:08:43.744988,Agricultural Development Bank Limited
2026041501031213,ADBL,56,7,10,321.2,3212.0,2026-04-15,186423797,397,Sri Hari Securities Pvt. Ltd.,J.F. Securites (PVT) Ltd.,2026-04-15 13:08:43.745192,Agricultural Development Bank Limited
2026041501031214,ADBL,56,54,100,321.2,32120.0,2026-04-15,186423799,397,Sri Hari Securities Pvt. Ltd.,Sewa Securities Pvt. Ltd.,2026-04-15 13:08:43.745374,Agricultural Development Bank Limited
2026041501031215,ADBL,56,45,104,321.4,33425.6,2026-04-15,186423801,397,Sri Hari Securities Pvt. Ltd.,Imperial Securities Company Pvt. Ltd.,2026-04-15 13:08:43.745547,Agricultural Development Bank Limited
2026041501031216,ADBL,56,40,100,321.4,32140.0,2026-04-15,186423803,397,Sri Hari Securities Pvt. Ltd.,Creative Securities Pvt Ltd,2026-04-15 13:08:43.745731,Agricultural Development Bank Limited
2026041501031217,ADBL,56,3,200,321.5,64300.0,2026-04-15,186423805,397,Sri Hari Securities Pvt. Ltd.,Arun Securities (PVT) Ltd.,2026-04-15 13:08:43.745918,Agricultural Development Bank Limited
2026041501031218,ADBL,56,42,3500,321.6,1125600.0,2026-04-15,186423807,397,Sri Hari Securities Pvt. Ltd.,Sani Securities Company Ltd.,2026-04-15 13:08:43.746105,Agricultural Development Bank Limited
2026041501031219,ADBL,56,58,20,322.0,6440.0,2026-04-15,186423809,397,Sri Hari Securities Pvt. Ltd.,Naasa Securities Co. Ltd.,2026-04-15 13:08:43.746285,Agricultural Development Bank Limited
2026041501031220,ADBL,56,6,20,322.0,6440.0,2026-04-15,186423811,397,Sri Hari Securities Pvt. Ltd.,Agrawal Securities (PVT) Ltd.,2026-04-15 13:08:43.746464,Agricultural Development Bank Limited
2026041501031221,ADBL,56,36,145,322.0,46690.0,2026-04-15,186423814,397,Sri Hari Securities Pvt. Ltd.,Secured Securities Ltd.,2026-04-15 13:08:43.746630,Agricultural Development Bank Limited
2026041501031245,ADBL,56,36,263,322.0,84686.0,2026-04-15,186424001,397,Sri Hari Securities Pvt. Ltd.,Secured Securities Ltd.,2026-04-15 13:08:57.337898,Agricultural Development Bank Limited
2026041501031246,ADBL,56,54,60,322.0,19320.0,2026-04-15,186424003,397,Sri Hari Securities Pvt. Ltd.,Sewa Securities Pvt. Ltd.,2026-04-15 13:08:57.338108,Agricultural Development Bank Limited
2026041501031247,ADBL,56,49,15,322.0,4830.0,2026-04-15,186424005,397,Sri Hari Securities Pvt. Ltd.,Online Securities Pvt. Ltd.,2026-04-15 13:08:57.338206,Agricultural Development Bank Limited
2026041501031248,ADBL,56,8,130,322.0,41860.0,2026-04-15,186424007,397,Sri Hari Securities Pvt. Ltd.,Brilliant Securities Pvt. Ltd.,2026-04-15 13:08:57.338270,Agricultural Development Bank Limited
2026041501031249,ADBL,56,54,103,322.0,33166.0,2026-04-15,186424009,397,Sri Hari Securities Pvt. Ltd.,Sewa Securities Pvt. Ltd.,2026-04-15 13:08:57.338335,Agricultural Development Bank Limited
2026041501031250,ADBL,56,45,687,322.0,221214.0,2026-04-15,186424011,397,Sri Hari Securities Pvt. Ltd.,Imperial Securities Company Pvt. Ltd.,2026-04-15 13:08:57.338400,Agricultural Development Bank Limited
2026041501031251,ADBL,56,52,53,322.0,17066.0,2026-04-15,186424013,397,Sri Hari Securities Pvt. Ltd.,Sundhara Securities Limited,2026-04-15 13:08:57.338465,Agricultural Development Bank Limited
2026041501031252,ADBL,56,10,100,322.0,32200.0,2026-04-15,186424015,397,Sri Hari Securities Pvt. Ltd.,Pragyan Securities (PVT) Ltd.,2026-04-15 13:08:57.338529,Agricultural Development Bank Limited
2026041501031253,ADBL,56,42,177,322.0,56994.0,2026-04-15,186424017,397,Sri Hari Securities Pvt. Ltd.,Sani Securities Company Ltd.,2026-04-15 13:08:57.338591,Agricultural Development Bank Limited
2026041501031254,ADBL,56,51,18,322.8,5810.4,2026-04-15,186424019,397,Sri Hari Securities Pvt. Ltd.,Oxford Securities Pvt. Ltd.,2026-04-15 13:08:57.338655,Agricultural Development Bank Limited
2026041501031255,ADBL,56,42,361,322.8,116530.8,2026-04-15,186424021,397,Sri Hari Securities Pvt. Ltd.,Sani Securities Company Ltd.,2026-04-15 13:08:57.338737,Agricultural Development Bank Limited
2026041501031256,ADBL,56,51,19,322.8,6133.2,2026-04-15,186424023,397,Sri Hari Securities Pvt. Ltd.,Oxford Securities Pvt. Ltd.,2026-04-15 13:08:57.338796,Agricultural Development Bank Limited
2026041501031257,ADBL,56,58,20,323.0,6460.0,2026-04-15,186424025,397,Sri Hari Securities Pvt. Ltd.,Naasa Securities Co. Ltd.,2026-04-15 13:08:57.338860,Agricultural Development Bank Limited
2026041501031258,ADBL,56,58,65,323.0,20995.0,2026-04-15,186424027,397,Sri Hari Securities Pvt. Ltd.,Naasa Securities Co. Ltd.,2026-04-15 13:08:57.338921,Agricultural Development Bank Limited
2026041501031259,ADBL,56,41,1001,323.0,323323.0,2026-04-15,186424029,397,Sri Hari Securities Pvt. Ltd.,Linch Stock Market Ltd.,2026-04-15 13:08:57.338982,Agricultural Development Bank Limited
2026041501031260,ADBL,56,45,100,323.0,32300.0,2026-04-15,186424031,397,Sri Hari Securities Pvt. Ltd.,Imperial Securities Company Pvt. Ltd.,2026-04-15 13:08:57.339047,Agricultural Development Bank Limited
2026041501031261,ADBL,56,58,85,323.3,27480.5,2026-04-15,186424033,397,Sri Hari Securities Pvt. Ltd.,Naasa Securities Co. Ltd.,2026-04-15 13:08:57.339119,Agricultural Development Bank Limited
2026041501031262,ADBL,56,29,10,323.4,3234.0,2026-04-15,186424035,397,Sri Hari Securities Pvt. Ltd.,Trisul Securities & Invt. Ltd.,2026-04-15 13:08:57.339177,Agricultural Development Bank Limited
2026041501031263,ADBL,56,17,100,323.4,32340.0,2026-04-15,186424037,397,Sri Hari Securities Pvt. Ltd.,ABC Securities Private Limited,2026-04-15 13:08:57.339241,Agricultural Development Bank Limited
2026041501031264,ADBL,56,58,10,323.4,3234.0,2026-04-15,186424039,397,Sri Hari Securities Pvt. Ltd.,Naasa Securities Co. Ltd.,2026-04-15 13:08:57.339300,Agricultural Development Bank Limited
2026041501031265,ADBL,56,53,99,324.0,32076.0,2026-04-15,186424041,397,Sri Hari Securities Pvt. Ltd.,Investment Management Nepal Pvt. Ltd.,2026-04-15 13:08:57.339365,Agricultural Development Bank Limited
2026041501031266,ADBL,56,48,182,324.0,58968.0,2026-04-15,186424043,397,Sri Hari Securities Pvt. Ltd.,Trishakti Securities Public Limited,2026-04-15 13:08:57.339420,Agricultural Development Bank Limited
2026041501031267,ADBL,56,48,50,324.0,16200.0,2026-04-15,186424045,397,Sri Hari Securities Pvt. Ltd.,Trishakti Securities Public Limited,2026-04-15 13:08:57.339478,Agricultural Development Bank Limited
2026041501031268,ADBL,56,21,292,324.0,94608.0,2026-04-15,186424048,397,Sri Hari Securities Pvt. Ltd.,Midas Stock Broking Company Private Limited,2026-04-15 13:08:57.339540,Agricultural Development Bank Limited
2026041501031320,ADBL,65,21,708,324.0,229392.0,2026-04-15,186424387,397,Sharepro Securities Private Limited,Midas Stock Broking Company Private Limited,2026-04-15 13:09:19.879045,Agricultural Development Bank Limited
2026041501031321,ADBL,65,49,41,324.0,13284.0,2026-04-15,186424389,397,Sharepro Securities Private Limited,Online Securities Pvt. Ltd.,2026-04-15 13:09:19.879307,Agricultural Development Bank Limited
2026041501031322,ADBL,65,49,10,324.0,3240.0,2026-04-15,186424391,397,Sharepro Securities Private Limited,Online Securities Pvt. Ltd.,2026-04-15 13:09:19.879483,Agricultural Development Bank Limited
2026041501031323,ADBL,65,77,121,324.0,39204.0,2026-04-15,186424393,397,Sharepro Securities Private Limited,Nabil Stock Dealer Ltd.,2026-04-15 13:09:19.879653,Agricultural Development Bank Limited
2026041501031324,ADBL,65,58,70,324.0,22680.0,2026-04-15,186424395,397,Sharepro Securities Private Limited,Naasa Securities Co. Ltd.,2026-04-15 13:09:19.879851,Agricultural Development Bank Limited
2026041501031325,ADBL,65,94,500,324.2,162100.0,2026-04-15,186424397,397,Sharepro Securities Private Limited,K.B.L. Securities Limited ,2026-04-15 13:09:19.880036,Agricultural Development Bank Limited
2026041501031326,ADBL,65,34,1190,324.9,386631.0,2026-04-15,186424399,397,Sharepro Securities Private Limited,Vision Securities Pvt. Ltd,2026-04-15 13:09:19.880195,Agricultural Development Bank Limited
2026041501031327,ADBL,65,52,5000,324.9,1624500.0,2026-04-15,186424401,397,Sharepro Securities Private Limited,Sundhara Securities Limited,2026-04-15 13:09:19.880363,Agricultural Development Bank Limited
2026041501031328,ADBL,65,58,10,324.9,3249.0,2026-04-15,186424403,397,Sharepro Securities Private Limited,Naasa Securities Co. Ltd.,2026-04-15 13:09:19.880528,Agricultural Development Bank Limited
2026041501031329,ADBL,65,38,20,324.9,6498.0,2026-04-15,186424405,397,Sharepro Securities Private Limited,Dipshikha Dhitopatra Karobar Co. Pvt Ltd.,2026-04-15 13:09:19.880749,Agricultural Development Bank Limited
2026041501031330,ADBL,65,61,163,324.9,52958.7,2026-04-15,186424407,397,Sharepro Securities Private Limited,BHOLE GANESH SECURITIES LTD,2026-04-15 13:09:19.880904,Agricultural Development Bank Limited
2026041501031331,ADBL,65,14,500,325.0,162500.0,2026-04-15,186424409,397,Sharepro Securities Private Limited,Nepal Stock House (PVT) Ltd.,2026-04-15 13:09:19.881078,Agricultural Development Bank Limited
2026041501031332,ADBL,65,40,1667,325.0,541775.0,2026-04-15,186424412,397,Sharepro Securities Private Limited,Creative Securities Pvt Ltd,2026-04-15 13:09:19.881255,Agricultural Development Bank Limited
2026041501031346,ADBL,65,40,333,325.0,108225.0,2026-04-15,186424621,397,Sharepro Securities Private Limited,Creative Securities Pvt Ltd,2026-04-15 13:09:29.604069,Agricultural Development Bank Limited
2026041501031347,ADBL,65,39,200,325.0,65000.0,2026-04-15,186424623,397,Sharepro Securities Private Limited,Sumeru Securities Pvt. Ltd.,2026-04-15 13:09:29.604199,Agricultural Development Bank Limited
2026041501031348,ADBL,65,16,125,325.0,40625.0,2026-04-15,186424625,397,Sharepro Securities Private Limited,Primo Securities (PVT) Ltd.,2026-04-15 13:09:29.604254,Agricultural Development Bank Limited
2026041501031349,ADBL,65,39,20,325.0,6500.0,2026-04-15,186424627,397,Sharepro Securities Private Limited,Sumeru Securities Pvt. Ltd.,2026-04-15 13:09:29.604308,Agricultural Development Bank Limited
2026041501031350,ADBL,65,6,582,325.0,189150.0,2026-04-15,186424629,397,Sharepro Securities Private Limited,Agrawal Securities (PVT) Ltd.,2026-04-15 13:09:29.604361,Agricultural Development Bank Limited
2026041501031351,ADBL,65,6,500,325.0,162500.0,2026-04-15,186424631,397,Sharepro Securities Private Limited,Agrawal Securities (PVT) Ltd.,2026-04-15 13:09:29.604413,Agricultural Development Bank Limited
2026041501031352,ADBL,65,52,120,325.0,39000.0,2026-04-15,186424633,397,Sharepro Securities Private Limited,Sundhara Securities Limited,2026-04-15 13:09:29.604463,Agricultural Development Bank Limited
2026041501031353,ADBL,65,33,300,325.0,97500.0,2026-04-15,186424635,397,Sharepro Securities Private Limited,Dakshinkali Investment & Securities Pvt. Ltd.,2026-04-15 13:09:29.604518,Agricultural Development Bank Limited
2026041501031354,ADBL,65,16,20,325.0,6500.0,2026-04-15,186424638,397,Sharepro Securities Private Limited,Primo Securities (PVT) Ltd.,2026-04-15 13:09:29.604569,Agricultural Development Bank Limited
2026041501031503,ADBL,3,45,150,320.5,48075.0,2026-04-15,186425338,397,Arun Securities (PVT) Ltd.,Imperial Securities Company Pvt. Ltd.,2026-04-15 13:10:14.648281,Agricultural Development Bank Limited
2026041501031522,ADBL,65,16,30,325.0,9750.0,2026-04-15,186425431,397,Sharepro Securities Private Limited,Primo Securities (PVT) Ltd.,2026-04-15 13:10:20.684471,Agricultural Development Bank Limited
2026041501031523,ADBL,65,52,4970,325.0,1615250.0,2026-04-15,186425434,397,Sharepro Securities Private Limited,Sundhara Securities Limited,2026-04-15 13:10:20.684595,Agricultural Development Bank Limited
2026041501032318,ADBL,4,45,10,323.6,3236.0,2026-04-15,186430249,397,Opal Securities Investment (PVT) Ltd.,Imperial Securities Company Pvt. Ltd.,2026-04-15 13:15:31.419082,Agricultural Development Bank Limited
2026041501032464,ADBL,4,8,10,323.6,3236.0,2026-04-15,186431153,397,Opal Securities Investment (PVT) Ltd.,Brilliant Securities Pvt. Ltd.,2026-04-15 13:16:41.056781,Agricultural Development Bank Limited
2026041501032528,ADBL,4,88,162,323.6,52423.2,2026-04-15,186431507,397,Opal Securities Investment (PVT) Ltd.,Blue Chip Securities Ltd,2026-04-15 13:17:05.806407,Agricultural Development Bank Limited
2026041501032541,ADBL,4,62,69,323.6,22328.4,2026-04-15,186431577,397,Opal Securities Investment (PVT) Ltd.,Capital Max Securities Ltd,2026-04-15 13:17:10.892728,Agricultural Development Bank Limited
2026041501032548,ADBL,4,48,749,323.6,242376.4,2026-04-15,186431666,397,Opal Securities Investment (PVT) Ltd.,Trishakti Securities Public Limited,2026-04-15 13:17:16.581293,Agricultural Development Bank Limited
2026041501033677,ADBL,13,19,150,322.0,48300.0,2026-04-15,186437654,397,Thrive Brokerage House Pvt. Ltd,Nepal Investment And Securities Trading Private Limited,2026-04-15 13:24:56.004937,Agricultural Development Bank Limited
2026041501033792,ADBL,32,32,50,321.0,16050.0,2026-04-15,186438239,397,Premier Securities Company Ltd.,Premier Securities Company Ltd.,2026-04-15 13:25:44.462831,Agricultural Development Bank Limited
2026041501033887,ADBL,58,51,100,320.3,32030.0,2026-04-15,186438740,397,Naasa Securities Co. Ltd.,Oxford Securities Pvt. Ltd.,2026-04-15 13:26:16.210186,Agricultural Development Bank Limited
2026041501034172,ADBL,45,39,6,316.6,1899.6,2026-04-15,186440259,397,Imperial Securities Company Pvt. Ltd.,Sumeru Securities Pvt. Ltd.,2026-04-15 13:28:07.049563,Agricultural Development Bank Limited
2026041501034370,ADBL,45,59,2,315.0,630.0,2026-04-15,186441043,397,Imperial Securities Company Pvt. Ltd.,Deevyaa Securities & Stock House Pvt. Ltd,2026-04-15 13:28:48.506802,Agricultural Development Bank Limited
2026041501034597,ADBL,89,14,20,320.1,6402.0,2026-04-15,186442231,397,Global IME Securities Limited,Nepal Stock House (PVT) Ltd.,2026-04-15 13:30:16.572976,Agricultural Development Bank Limited
2026041501034611,ADBL,89,48,30,320.1,9603.0,2026-04-15,186442298,397,Global IME Securities Limited,Trishakti Securities Public Limited,2026-04-15 13:30:18.943273,Agricultural Development Bank Limited
2026041501034612,ADBL,77,48,221,320.1,70742.1,2026-04-15,186442299,397,Nabil Stock Dealer Ltd.,Trishakti Securities Public Limited,2026-04-15 13:30:18.943477,Agricultural Development Bank Limited
2026041501034892,ADBL,58,19,900,320.0,288000.0,2026-04-15,186443908,397,Naasa Securities Co. Ltd.,Nepal Investment And Securities Trading Private Limited,2026-04-15 13:32:24.695166,Agricultural Development Bank Limited
2026041501034907,ADBL,58,19,100,320.0,32000.0,2026-04-15,186444003,397,Naasa Securities Co. Ltd.,Nepal Investment And Securities Trading Private Limited,2026-04-15 13:32:31.890586,Agricultural Development Bank Limited
2026041501034959,ADBL,58,56,331,320.0,105920.0,2026-04-15,186444281,397,Naasa Securities Co. Ltd.,Sri Hari Securities Pvt. Ltd.,2026-04-15 13:32:51.469160,Agricultural Development Bank Limited
2026041501035351,ADBL,58,42,132,320.0,42240.0,2026-04-15,186446387,397,Naasa Securities Co. Ltd.,Sani Securities Company Ltd.,2026-04-15 13:35:27.888609,Agricultural Development Bank Limited
2026041501035547,ADBL,58,36,10,320.0,3200.0,2026-04-15,186447291,397,Naasa Securities Co. Ltd.,Secured Securities Ltd.,2026-04-15 13:36:54.264681,Agricultural Development Bank Limited
2026041501035651,ADBL,58,57,121,320.0,38720.0,2026-04-15,186447723,397,Naasa Securities Co. Ltd.,Aryatara Investment & Securities,2026-04-15 13:37:39.902190,Agricultural Development Bank Limited
2026041501036351,ADBL,17,17,625,321.5,200937.5,2026-04-15,186451397,397,ABC Securities Private Limited,ABC Securities Private Limited,2026-04-15 13:43:06.392964,Agricultural Development Bank Limited
2026041501036352,ADBL,17,53,50,322.0,16100.0,2026-04-15,186451399,397,ABC Securities Private Limited,Investment Management Nepal Pvt. Ltd.,2026-04-15 13:43:06.393339,Agricultural Development Bank Limited
2026041501036353,ADBL,17,43,17,322.0,5474.0,2026-04-15,186451401,397,ABC Securities Private Limited,South Asian Bulls Pvt. Ltd.,2026-04-15 13:43:06.393593,Agricultural Development Bank Limited
2026041501036354,ADBL,17,21,13,322.0,4186.0,2026-04-15,186451403,397,ABC Securities Private Limited,Midas Stock Broking Company Private Limited,2026-04-15 13:43:06.393946,Agricultural Development Bank Limited
2026041501036355,ADBL,17,57,20,322.9,6458.0,2026-04-15,186451405,397,ABC Securities Private Limited,Aryatara Investment & Securities,2026-04-15 13:43:06.394446,Agricultural Development Bank Limited
2026041501036356,ADBL,17,57,20,323.0,6460.0,2026-04-15,186451407,397,ABC Securities Private Limited,Aryatara Investment & Securities,2026-04-15 13:43:06.394712,Agricultural Development Bank Limited
2026041501036357,ADBL,17,58,25,323.0,8075.0,2026-04-15,186451409,397,ABC Securities Private Limited,Naasa Securities Co. Ltd.,2026-04-15 13:43:06.394935,Agricultural Development Bank Limited
2026041501036358,ADBL,17,49,50,323.0,16150.0,2026-04-15,186451411,397,ABC Securities Private Limited,Online Securities Pvt. Ltd.,2026-04-15 13:43:06.395209,Agricultural Development Bank Limited
2026041501036359,ADBL,17,14,210,323.1,67851.0,2026-04-15,186451413,397,ABC Securities Private Limited,Nepal Stock House (PVT) Ltd.,2026-04-15 13:43:06.395606,Agricultural Development Bank Limited
2026041501036360,ADBL,17,65,19970,323.1,6452307.0,2026-04-15,186451416,397,ABC Securities Private Limited,Sharepro Securities Private Limited,2026-04-15 13:43:06.395906,Agricultural Development Bank Limited
2026041501037921,ADBL,41,58,4,318.0,1272.0,2026-04-15,186459827,397,Linch Stock Market Ltd.,Naasa Securities Co. Ltd.,2026-04-15 13:53:01.301494,Agricultural Development Bank Limited
2026041501038019,ADBL,41,47,3,318.1,954.3,2026-04-15,186460279,397,Linch Stock Market Ltd.,Neev Securities Pvt. Ltd.,2026-04-15 13:53:32.701604,Agricultural Development Bank Limited
2026041501038081,ADBL,42,17,10,322.5,3225.0,2026-04-15,186460689,397,Sani Securities Company Ltd.,ABC Securities Private Limited,2026-04-15 13:54:03.407449,Agricultural Development Bank Limited
2026041501038082,ADBL,42,50,20,323.0,6460.0,2026-04-15,186460692,397,Sani Securities Company Ltd.,Cristal Kanchanjanga Securites Pvt. Ltd.,2026-04-15 13:54:03.407830,Agricultural Development Bank Limited
2026041501038217,ADBL,42,43,20,320.4,6408.0,2026-04-15,186461637,397,Sani Securities Company Ltd.,South Asian Bulls Pvt. Ltd.,2026-04-15 13:55:12.781545,Agricultural Development Bank Limited
2026041501038319,ADBL,42,59,30,320.5,9615.0,2026-04-15,186462249,397,Sani Securities Company Ltd.,Deevyaa Securities & Stock House Pvt. Ltd,2026-04-15 13:56:09.221181,Agricultural Development Bank Limited
2026041501038403,ADBL,42,50,150,320.5,48075.0,2026-04-15,186462557,397,Sani Securities Company Ltd.,Cristal Kanchanjanga Securites Pvt. Ltd.,2026-04-15 13:56:38.928992,Agricultural Development Bank Limited
2026041501038767,ADBL,77,65,10000,320.6,3206000.0,2026-04-15,186464135,397,Nabil Stock Dealer Ltd.,Sharepro Securities Private Limited,2026-04-15 13:58:55.313740,Agricultural Development Bank Limited
2026041501038845,ADBL,41,33,3,318.8,956.4,2026-04-15,186464501,397,Linch Stock Market Ltd.,Dakshinkali Investment & Securities Pvt. Ltd.,2026-04-15 13:59:32.358948,Agricultural Development Bank Limited
2026041501039042,ADBL,41,28,20,322.9,6458.0,2026-04-15,186465568,397,Linch Stock Market Ltd.,Shree Krishna Securities Ltd.,2026-04-15 14:01:18.602891,Agricultural Development Bank Limited
2026041501039078,ADBL,56,50,180,323.0,58140.0,2026-04-15,186465661,397,Sri Hari Securities Pvt. Ltd.,Cristal Kanchanjanga Securites Pvt. Ltd.,2026-04-15 14:01:28.888189,Agricultural Development Bank Limited
2026041501039079,ADBL,56,57,13,323.0,4199.0,2026-04-15,186465663,397,Sri Hari Securities Pvt. Ltd.,Aryatara Investment & Securities,2026-04-15 14:01:28.888591,Agricultural Development Bank Limited
2026041501039080,ADBL,56,59,11,323.0,3553.0,2026-04-15,186465665,397,Sri Hari Securities Pvt. Ltd.,Deevyaa Securities & Stock House Pvt. Ltd,2026-04-15 14:01:28.888842,Agricultural Development Bank Limited
2026041501039081,ADBL,56,36,100,323.0,32300.0,2026-04-15,186465667,397,Sri Hari Securities Pvt. Ltd.,Secured Securities Ltd.,2026-04-15 14:01:28.889102,Agricultural Development Bank Limited
2026041501039082,ADBL,56,65,30,323.1,9693.0,2026-04-15,186465669,397,Sri Hari Securities Pvt. Ltd.,Sharepro Securities Private Limited,2026-04-15 14:01:28.889349,Agricultural Development Bank Limited
2026041501039083,ADBL,56,35,516,323.4,166874.4,2026-04-15,186465671,397,Sri Hari Securities Pvt. Ltd.,Kohinoor Investment & Securities Pvt. Ltd.,2026-04-15 14:01:28.889582,Agricultural Development Bank Limited
2026041501039084,ADBL,56,59,50,323.4,16170.0,2026-04-15,186465673,397,Sri Hari Securities Pvt. Ltd.,Deevyaa Securities & Stock House Pvt. Ltd,2026-04-15 14:01:28.889816,Agricultural Development Bank Limited
2026041501039085,ADBL,56,8,2009,323.5,649911.5,2026-04-15,186465675,397,Sri Hari Securities Pvt. Ltd.,Brilliant Securities Pvt. Ltd.,2026-04-15 14:01:28.890065,Agricultural Development Bank Limited
2026041501039086,ADBL,56,57,20,323.7,6474.0,2026-04-15,186465677,397,Sri Hari Securities Pvt. Ltd.,Aryatara Investment & Securities,2026-04-15 14:01:28.890302,Agricultural Development Bank Limited
2026041501039087,ADBL,56,22,500,323.8,161900.0,2026-04-15,186465679,397,Sri Hari Securities Pvt. Ltd.,Siprabi Securities Pvt. Ltd.,2026-04-15 14:01:28.890537,Agricultural Development Bank Limited
2026041501039088,ADBL,56,58,62,323.8,20075.6,2026-04-15,186465681,397,Sri Hari Securities Pvt. Ltd.,Naasa Securities Co. Ltd.,2026-04-15 14:01:28.890759,Agricultural Development Bank Limited
2026041501039089,ADBL,56,21,400,323.9,129560.0,2026-04-15,186465683,397,Sri Hari Securities Pvt. Ltd.,Midas Stock Broking Company Private Limited,2026-04-15 14:01:28.890994,Agricultural Development Bank Limited
2026041501039090,ADBL,56,42,500,323.9,161950.0,2026-04-15,186465685,397,Sri Hari Securities Pvt. Ltd.,Sani Securities Company Ltd.,2026-04-15 14:01:28.891235,Agricultural Development Bank Limited
2026041501039091,ADBL,56,7,10,323.9,3239.0,2026-04-15,186465687,397,Sri Hari Securities Pvt. Ltd.,J.F. Securites (PVT) Ltd.,2026-04-15 14:01:28.891467,Agricultural Development Bank Limited
2026041501039092,ADBL,56,7,20,323.9,6478.0,2026-04-15,186465689,397,Sri Hari Securities Pvt. Ltd.,J.F. Securites (PVT) Ltd.,2026-04-15 14:01:28.891693,Agricultural Development Bank Limited
2026041501039093,ADBL,56,14,579,324.0,187596.0,2026-04-15,186465692,397,Sri Hari Securities Pvt. Ltd.,Nepal Stock House (PVT) Ltd.,2026-04-15 14:01:28.891909,Agricultural Development Bank Limited
2026041501039126,ADBL,65,14,4421,324.0,1432404.0,2026-04-15,186465829,397,Sharepro Securities Private Limited,Nepal Stock House (PVT) Ltd.,2026-04-15 14:01:50.002872,Agricultural Development Bank Limited
2026041501039127,ADBL,65,45,10,324.0,3240.0,2026-04-15,186465831,397,Sharepro Securities Private Limited,Imperial Securities Company Pvt. Ltd.,2026-04-15 14:01:50.003269,Agricultural Development Bank Limited
2026041501039128,ADBL,65,35,15,324.0,4860.0,2026-04-15,186465833,397,Sharepro Securities Private Limited,Kohinoor Investment & Securities Pvt. Ltd.,2026-04-15 14:01:50.003514,Agricultural Development Bank Limited
2026041501039129,ADBL,65,45,26,324.0,8424.0,2026-04-15,186465835,397,Sharepro Securities Private Limited,Imperial Securities Company Pvt. Ltd.,2026-04-15 14:01:50.003750,Agricultural Development Bank Limited
2026041501039130,ADBL,65,57,40,324.0,12960.0,2026-04-15,186465837,397,Sharepro Securities Private Limited,Aryatara Investment & Securities,2026-04-15 14:01:50.003994,Agricultural Development Bank Limited
2026041501039131,ADBL,65,52,100,324.0,32400.0,2026-04-15,186465839,397,Sharepro Securities Private Limited,Sundhara Securities Limited,2026-04-15 14:01:50.004241,Agricultural Development Bank Limited
2026041501039132,ADBL,65,38,210,324.0,68040.0,2026-04-15,186465841,397,Sharepro Securities Private Limited,Dipshikha Dhitopatra Karobar Co. Pvt Ltd.,2026-04-15 14:01:50.004475,Agricultural Development Bank Limited
2026041501039133,ADBL,65,34,500,324.8,162400.0,2026-04-15,186465843,397,Sharepro Securities Private Limited,Vision Securities Pvt. Ltd,2026-04-15 14:01:50.004709,Agricultural Development Bank Limited
2026041501039134,ADBL,65,52,30,325.0,9750.0,2026-04-15,186465845,397,Sharepro Securities Private Limited,Sundhara Securities Limited,2026-04-15 14:01:50.004942,Agricultural Development Bank Limited
2026041501039135,ADBL,65,38,100,325.0,32500.0,2026-04-15,186465847,397,Sharepro Securities Private Limited,Dipshikha Dhitopatra Karobar Co. Pvt Ltd.,2026-04-15 14:01:50.005188,Agricultural Development Bank Limited
2026041501039136,ADBL,65,52,5000,325.0,1625000.0,2026-04-15,186465849,397,Sharepro Securities Private Limited,Sundhara Securities Limited,2026-04-15 14:01:50.005406,Agricultural Development Bank Limited
2026041501039137,ADBL,65,44,600,325.0,195000.0,2026-04-15,186465851,397,Sharepro Securities Private Limited,Dynamic Money Managers Securities Pvt. Ltd.,2026-04-15 14:01:50.005636,Agricultural Development Bank Limited
2026041501039138,ADBL,65,35,113,325.0,36725.0,2026-04-15,186465853,397,Sharepro Securities Private Limited,Kohinoor Investment & Securities Pvt. Ltd.,2026-04-15 14:01:50.005853,Agricultural Development Bank Limited
2026041501039139,ADBL,65,14,100,325.0,32500.0,2026-04-15,186465855,397,Sharepro Securities Private Limited,Nepal Stock House (PVT) Ltd.,2026-04-15 14:01:50.006091,Agricultural Development Bank Limited
2026041501039140,ADBL,65,42,700,325.0,227500.0,2026-04-15,186465857,397,Sharepro Securities Private Limited,Sani Securities Company Ltd.,2026-04-15 14:01:50.006324,Agricultural Development Bank Limited
2026041501039141,ADBL,65,56,100,325.0,32500.0,2026-04-15,186465859,397,Sharepro Securities Private Limited,Sri Hari Securities Pvt. Ltd.,2026-04-15 14:01:50.006536,Agricultural Development Bank Limited
2026041501039142,ADBL,65,45,100,325.0,32500.0,2026-04-15,186465861,397,Sharepro Securities Private Limited,Imperial Securities Company Pvt. Ltd.,2026-04-15 14:01:50.006746,Agricultural Development Bank Limited
2026041501039143,ADBL,65,54,50,325.0,16250.0,2026-04-15,186465863,397,Sharepro Securities Private Limited,Sewa Securities Pvt. Ltd.,2026-04-15 14:01:50.006959,Agricultural Development Bank Limited
2026041501039144,ADBL,65,7,20,325.0,6500.0,2026-04-15,186465865,397,Sharepro Securities Private Limited,J.F. Securites (PVT) Ltd.,2026-04-15 14:01:50.007184,Agricultural Development Bank Limited
2026041501039145,ADBL,65,53,2500,325.0,812500.0,2026-04-15,186465867,397,Sharepro Securities Private Limited,Investment Management Nepal Pvt. Ltd.,2026-04-15 14:01:50.007401,Agricultural Development Bank Limited
2026041501039146,ADBL,65,96,265,325.0,86125.0,2026-04-15,186465870,397,Sharepro Securities Private Limited,Himalayan Securities Limited,2026-04-15 14:01:50.007583,Agricultural Development Bank Limited
2026041501039171,ADBL,65,96,1195,325.0,388375.0,2026-04-15,186465991,397,Sharepro Securities Private Limited,Himalayan Securities Limited,2026-04-15 14:02:03.202967,Agricultural Development Bank Limited
2026041501039172,ADBL,65,19,54,325.0,17550.0,2026-04-15,186465993,397,Sharepro Securities Private Limited,Nepal Investment And Securities Trading Private Limited,2026-04-15 14:02:03.203363,Agricultural Development Bank Limited
2026041501039173,ADBL,65,58,41,325.0,13325.0,2026-04-15,186465995,397,Sharepro Securities Private Limited,Naasa Securities Co. Ltd.,2026-04-15 14:02:03.203586,Agricultural Development Bank Limited
2026041501039174,ADBL,65,42,401,325.0,130325.0,2026-04-15,186465997,397,Sharepro Securities Private Limited,Sani Securities Company Ltd.,2026-04-15 14:02:03.203803,Agricultural Development Bank Limited
2026041501039175,ADBL,65,32,13,325.0,4225.0,2026-04-15,186465999,397,Sharepro Securities Private Limited,Premier Securities Company Ltd.,2026-04-15 14:02:03.204018,Agricultural Development Bank Limited
2026041501039176,ADBL,65,32,34,325.0,11050.0,2026-04-15,186466001,397,Sharepro Securities Private Limited,Premier Securities Company Ltd.,2026-04-15 14:02:03.204246,Agricultural Development Bank Limited
2026041501039177,ADBL,65,11,500,325.0,162500.0,2026-04-15,186466003,397,Sharepro Securities Private Limited,Malla & Malla Stock Broking Company Pvt. Limited,2026-04-15 14:02:03.204458,Agricultural Development Bank Limited
2026041501039178,ADBL,65,26,23,325.0,7475.0,2026-04-15,186466005,397,Sharepro Securities Private Limited,Asian Securities Private Ltd.,2026-04-15 14:02:03.204672,Agricultural Development Bank Limited
2026041501039179,ADBL,65,49,20,325.0,6500.0,2026-04-15,186466007,397,Sharepro Securities Private Limited,Online Securities Pvt. Ltd.,2026-04-15 14:02:03.204881,Agricultural Development Bank Limited
2026041501039180,ADBL,65,51,309,325.1,100455.9,2026-04-15,186466009,397,Sharepro Securities Private Limited,Oxford Securities Pvt. Ltd.,2026-04-15 14:02:03.205106,Agricultural Development Bank Limited
2026041501039181,ADBL,65,4,72,325.2,23414.4,2026-04-15,186466011,397,Sharepro Securities Private Limited,Opal Securities Investment (PVT) Ltd.,2026-04-15 14:02:03.205319,Agricultural Development Bank Limited
2026041501039182,ADBL,65,45,20,326.0,6520.0,2026-04-15,186466013,397,Sharepro Securities Private Limited,Imperial Securities Company Pvt. Ltd.,2026-04-15 14:02:03.205530,Agricultural Development Bank Limited
2026041501039183,ADBL,65,40,2000,326.0,652000.0,2026-04-15,186466015,397,Sharepro Securities Private Limited,Creative Securities Pvt Ltd,2026-04-15 14:02:03.205740,Agricultural Development Bank Limited
2026041501039184,ADBL,65,4,100,326.0,32600.0,2026-04-15,186466017,397,Sharepro Securities Private Limited,Opal Securities Investment (PVT) Ltd.,2026-04-15 14:02:03.205946,Agricultural Development Bank Limited
2026041501039185,ADBL,65,11,30,326.0,9780.0,2026-04-15,186466019,397,Sharepro Securities Private Limited,Malla & Malla Stock Broking Company Pvt. Limited,2026-04-15 14:02:03.206162,Agricultural Development Bank Limited
2026041501039186,ADBL,65,16,232,326.0,75632.0,2026-04-15,186466021,397,Sharepro Securities Private Limited,Primo Securities (PVT) Ltd.,2026-04-15 14:02:03.206365,Agricultural Development Bank Limited
2026041501039187,ADBL,65,48,103,326.0,33578.0,2026-04-15,186466023,397,Sharepro Securities Private Limited,Trishakti Securities Public Limited,2026-04-15 14:02:03.206566,Agricultural Development Bank Limited
2026041501039188,ADBL,65,1,10,326.0,3260.0,2026-04-15,186466025,397,Sharepro Securities Private Limited,Kumari Securities Private Limited,2026-04-15 14:02:03.206763,Agricultural Development Bank Limited
2026041501039189,ADBL,65,19,872,326.0,284272.0,2026-04-15,186466027,397,Sharepro Securities Private Limited,Nepal Investment And Securities Trading Private Limited,2026-04-15 14:02:03.206961,Agricultural Development Bank Limited
2026041501039190,ADBL,65,32,500,326.0,163000.0,2026-04-15,186466029,397,Sharepro Securities Private Limited,Premier Securities Company Ltd.,2026-04-15 14:02:03.207167,Agricultural Development Bank Limited
2026041501039191,ADBL,65,36,471,326.0,153546.0,2026-04-15,186466032,397,Sharepro Securities Private Limited,Secured Securities Ltd.,2026-04-15 14:02:03.207354,Agricultural Development Bank Limited
2026041501039437,ADBL,41,51,8,320.0,2560.0,2026-04-15,186466937,397,Linch Stock Market Ltd.,Oxford Securities Pvt. Ltd.,2026-04-15 14:03:29.138198,Agricultural Development Bank Limited
2026041501039488,ADBL,53,36,29,326.0,9454.0,2026-04-15,186467167,397,Investment Management Nepal Pvt. Ltd.,Secured Securities Ltd.,2026-04-15 14:03:58.533677,Agricultural Development Bank Limited
2026041501039489,ADBL,53,52,2000,326.0,652000.0,2026-04-15,186467169,397,Investment Management Nepal Pvt. Ltd.,Sundhara Securities Limited,2026-04-15 14:03:58.534020,Agricultural Development Bank Limited
2026041501039490,ADBL,53,7,20,326.4,6528.0,2026-04-15,186467171,397,Investment Management Nepal Pvt. Ltd.,J.F. Securites (PVT) Ltd.,2026-04-15 14:03:58.534248,Agricultural Development Bank Limited
2026041501039491,ADBL,53,52,328,326.4,107059.2,2026-04-15,186467175,397,Investment Management Nepal Pvt. Ltd.,Sundhara Securities Limited,2026-04-15 14:03:58.534452,Agricultural Development Bank Limited
2026041501039492,ADBL,53,94,20,326.4,6528.0,2026-04-15,186467177,397,Investment Management Nepal Pvt. Ltd.,K.B.L. Securities Limited ,2026-04-15 14:03:58.534657,Agricultural Development Bank Limited
2026041501039493,ADBL,53,58,131,326.4,42758.4,2026-04-15,186467179,397,Investment Management Nepal Pvt. Ltd.,Naasa Securities Co. Ltd.,2026-04-15 14:03:58.534854,Agricultural Development Bank Limited
2026041501039494,ADBL,53,58,10,326.5,3265.0,2026-04-15,186467181,397,Investment Management Nepal Pvt. Ltd.,Naasa Securities Co. Ltd.,2026-04-15 14:03:58.535062,Agricultural Development Bank Limited
2026041501039495,ADBL,53,32,10,326.7,3267.0,2026-04-15,186467183,397,Investment Management Nepal Pvt. Ltd.,Premier Securities Company Ltd.,2026-04-15 14:03:58.535261,Agricultural Development Bank Limited
2026041501039496,ADBL,53,7,20,326.7,6534.0,2026-04-15,186467185,397,Investment Management Nepal Pvt. Ltd.,J.F. Securites (PVT) Ltd.,2026-04-15 14:03:58.535453,Agricultural Development Bank Limited
2026041501039497,ADBL,53,29,200,326.9,65380.0,2026-04-15,186467187,397,Investment Management Nepal Pvt. Ltd.,Trisul Securities & Invt. Ltd.,2026-04-15 14:03:58.535656,Agricultural Development Bank Limited
2026041501039498,ADBL,53,16,200,327.0,65400.0,2026-04-15,186467189,397,Investment Management Nepal Pvt. Ltd.,Primo Securities (PVT) Ltd.,2026-04-15 14:03:58.535843,Agricultural Development Bank Limited
2026041501039499,ADBL,53,57,593,327.0,193911.0,2026-04-15,186467191,397,Investment Management Nepal Pvt. Ltd.,Aryatara Investment & Securities,2026-04-15 14:03:58.536042,Agricultural Development Bank Limited
2026041501039500,ADBL,53,47,100,327.0,32700.0,2026-04-15,186467193,397,Investment Management Nepal Pvt. Ltd.,Neev Securities Pvt. Ltd.,2026-04-15 14:03:58.536215,Agricultural Development Bank Limited
2026041501039501,ADBL,53,7,30,327.0,9810.0,2026-04-15,186467195,397,Investment Management Nepal Pvt. Ltd.,J.F. Securites (PVT) Ltd.,2026-04-15 14:03:58.536394,Agricultural Development Bank Limited
2026041501039502,ADBL,53,42,169,327.0,55263.0,2026-04-15,186467197,397,Investment Management Nepal Pvt. Ltd.,Sani Securities Company Ltd.,2026-04-15 14:03:58.536579,Agricultural Development Bank Limited
2026041501039503,ADBL,53,35,130,327.0,42510.0,2026-04-15,186467200,397,Investment Management Nepal Pvt. Ltd.,Kohinoor Investment & Securities Pvt. Ltd.,2026-04-15 14:03:58.536756,Agricultural Development Bank Limited
2026041501039867,ADBL,46,32,100,326.0,32600.0,2026-04-15,186469126,397,Kalika Securities Pvt. Ltd.,Premier Securities Company Ltd.,2026-04-15 14:07:04.809289,Agricultural Development Bank Limited
2026041501039917,ADBL,47,42,100,326.0,32600.0,2026-04-15,186469412,397,Neev Securities Pvt. Ltd.,Sani Securities Company Ltd.,2026-04-15 14:07:38.497973,Agricultural Development Bank Limited
2026041501040221,ADBL,58,57,21,325.0,6825.0,2026-04-15,186471151,397,Naasa Securities Co. Ltd.,Aryatara Investment & Securities,2026-04-15 14:10:37.138592,Agricultural Development Bank Limited
2026041501040293,ADBL,46,80,200,325.8,65160.0,2026-04-15,186471498,397,Kalika Securities Pvt. Ltd.,Indira securities pvt. ltd,2026-04-15 14:11:09.554230,Agricultural Development Bank Limited
2026041501040304,ADBL,47,80,100,325.8,32580.0,2026-04-15,186471536,397,Neev Securities Pvt. Ltd.,Indira securities pvt. ltd,2026-04-15 14:11:11.437460,Agricultural Development Bank Limited
2026041501040424,ADBL,58,35,789,325.0,256425.0,2026-04-15,186472326,397,Naasa Securities Co. Ltd.,Kohinoor Investment & Securities Pvt. Ltd.,2026-04-15 14:12:27.150357,Agricultural Development Bank Limited
2026041501040425,ADBL,29,35,211,325.0,68575.0,2026-04-15,186472327,397,Trisul Securities & Invt. Ltd.,Kohinoor Investment & Securities Pvt. Ltd.,2026-04-15 14:12:27.150702,Agricultural Development Bank Limited
2026041501040452,ADBL,29,28,189,325.0,61425.0,2026-04-15,186472458,397,Trisul Securities & Invt. Ltd.,Shree Krishna Securities Ltd.,2026-04-15 14:12:44.846483,Agricultural Development Bank Limited
2026041501040499,ADBL,14,28,50,325.0,16250.0,2026-04-15,186472732,397,Nepal Stock House (PVT) Ltd.,Shree Krishna Securities Ltd.,2026-04-15 14:13:13.225930,Agricultural Development Bank Limited
2026041501040575,ADBL,47,28,35,325.0,11375.0,2026-04-15,186473096,397,Neev Securities Pvt. Ltd.,Shree Krishna Securities Ltd.,2026-04-15 14:13:46.240355,Agricultural Development Bank Limited
2026041501040773,ADBL,58,28,20,325.0,6500.0,2026-04-15,186474094,397,Naasa Securities Co. Ltd.,Shree Krishna Securities Ltd.,2026-04-15 14:15:05.513444,Agricultural Development Bank Limited
2026041501040829,ADBL,48,28,500,325.0,162500.0,2026-04-15,186474454,397,Trishakti Securities Public Limited,Shree Krishna Securities Ltd.,2026-04-15 14:15:45.032229,Agricultural Development Bank Limited
2026041501040890,ADBL,19,58,20,322.0,6440.0,2026-04-15,186474837,397,Nepal Investment And Securities Trading Private Limited,Naasa Securities Co. Ltd.,2026-04-15 14:16:25.434588,Agricultural Development Bank Limited
2026041501041284,ADBL,19,41,10,322.0,3220.0,2026-04-15,186476947,397,Nepal Investment And Securities Trading Private Limited,Linch Stock Market Ltd.,2026-04-15 14:18:59.918678,Agricultural Development Bank Limited
2026041501041578,ADBL,19,45,15,322.0,4830.0,2026-04-15,186478812,397,Nepal Investment And Securities Trading Private Limited,Imperial Securities Company Pvt. Ltd.,2026-04-15 14:21:01.207757,Agricultural Development Bank Limited
2026041501041579,ADBL,11,45,100,322.0,32200.0,2026-04-15,186478814,397,Malla & Malla Stock Broking Company Pvt. Limited,Imperial Securities Company Pvt. Ltd.,2026-04-15 14:21:01.208156,Agricultural Development Bank Limited
2026041501041580,ADBL,57,45,10,322.0,3220.0,2026-04-15,186478815,397,Aryatara Investment & Securities,Imperial Securities Company Pvt. Ltd.,2026-04-15 14:21:01.208399,Agricultural Development Bank Limited
2026041501042372,ADBL,3,1,100,324.3,32430.0,2026-04-15,186483888,397,Arun Securities (PVT) Ltd.,Kumari Securities Private Limited,2026-04-15 14:25:33.085842,Agricultural Development Bank Limited
2026041501042730,ADBL,34,38,10,322.0,3220.0,2026-04-15,186486517,397,Vision Securities Pvt. Ltd,Dipshikha Dhitopatra Karobar Co. Pvt Ltd.,2026-04-15 14:27:47.419607,Agricultural Development Bank Limited
2026041501042731,ADBL,34,5,191,323.0,61693.0,2026-04-15,186486520,397,Vision Securities Pvt. Ltd,Market Securities & Exchange (PVT) Ltd.,2026-04-15 14:27:47.419807,Agricultural Development Bank Limited
2026041501043218,ADBL,57,51,25,322.1,8052.5,2026-04-15,186489612,397,Aryatara Investment & Securities,Oxford Securities Pvt. Ltd.,2026-04-15 14:30:24.489655,Agricultural Development Bank Limited
2026041501043219,ADBL,42,51,55,322.0,17710.0,2026-04-15,186489613,397,Sani Securities Company Ltd.,Oxford Securities Pvt. Ltd.,2026-04-15 14:30:24.489876,Agricultural Development Bank Limited
2026041501043382,ADBL,42,13,33,322.0,10626.0,2026-04-15,186490745,397,Sani Securities Company Ltd.,Thrive Brokerage House Pvt. Ltd,2026-04-15 14:31:27.955182,Agricultural Development Bank Limited
2026041501043520,ADBL,42,14,12,322.0,3864.0,2026-04-15,186491554,397,Sani Securities Company Ltd.,Nepal Stock House (PVT) Ltd.,2026-04-15 14:32:11.660998,Agricultural Development Bank Limited
2026041501043521,ADBL,58,14,203,322.0,65366.0,2026-04-15,186491555,397,Naasa Securities Co. Ltd.,Nepal Stock House (PVT) Ltd.,2026-04-15 14:32:11.661205,Agricultural Development Bank Limited
2026041501043582,ADBL,58,1,97,322.0,31234.0,2026-04-15,186492048,397,Naasa Securities Co. Ltd.,Kumari Securities Private Limited,2026-04-15 14:32:33.704863,Agricultural Development Bank Limited
2026041501043802,ADBL,7,57,37,321.5,11895.5,2026-04-15,186493207,397,J.F. Securites (PVT) Ltd.,Aryatara Investment & Securities,2026-04-15 14:33:35.874995,Agricultural Development Bank Limited
2026041501043905,ADBL,7,1,149,321.5,47903.5,2026-04-15,186493830,397,J.F. Securites (PVT) Ltd.,Kumari Securities Private Limited,2026-04-15 14:34:18.604490,Agricultural Development Bank Limited
2026041501043906,ADBL,41,1,180,321.5,57870.0,2026-04-15,186493832,397,Linch Stock Market Ltd.,Kumari Securities Private Limited,2026-04-15 14:34:18.604901,Agricultural Development Bank Limited
2026041501043907,ADBL,4,1,400,321.5,128600.0,2026-04-15,186493834,397,Opal Securities Investment (PVT) Ltd.,Kumari Securities Private Limited,2026-04-15 14:34:18.605195,Agricultural Development Bank Limited
2026041501043908,ADBL,21,1,500,321.4,160700.0,2026-04-15,186493836,397,Midas Stock Broking Company Private Limited,Kumari Securities Private Limited,2026-04-15 14:34:18.605465,Agricultural Development Bank Limited
2026041501043909,ADBL,48,1,122,321.4,39210.8,2026-04-15,186493837,397,Trishakti Securities Public Limited,Kumari Securities Private Limited,2026-04-15 14:34:18.605703,Agricultural Development Bank Limited
2026041501044211,ADBL,48,80,33,321.4,10606.2,2026-04-15,186495597,397,Trishakti Securities Public Limited,Indira securities pvt. ltd,2026-04-15 14:35:48.848534,Agricultural Development Bank Limited
2026041501044260,ADBL,34,36,500,322.0,161000.0,2026-04-15,186495956,397,Vision Securities Pvt. Ltd,Secured Securities Ltd.,2026-04-15 14:36:06.976654,Agricultural Development Bank Limited
2026041501044402,ADBL,48,38,345,321.4,110883.0,2026-04-15,186496904,397,Trishakti Securities Public Limited,Dipshikha Dhitopatra Karobar Co. Pvt Ltd.,2026-04-15 14:37:14.541856,Agricultural Development Bank Limited
2026041501044837,ADBL,42,48,19,321.3,6104.7,2026-04-15,186499399,397,Sani Securities Company Ltd.,Trishakti Securities Public Limited,2026-04-15 14:39:52.626298,Agricultural Development Bank Limited
2026041501044948,ADBL,58,38,50,321.4,16070.0,2026-04-15,186500092,397,Naasa Securities Co. Ltd.,Dipshikha Dhitopatra Karobar Co. Pvt Ltd.,2026-04-15 14:40:42.104709,Agricultural Development Bank Limited
2026041501044989,ADBL,42,38,220,321.3,70686.0,2026-04-15,186500433,397,Sani Securities Company Ltd.,Dipshikha Dhitopatra Karobar Co. Pvt Ltd.,2026-04-15 14:41:01.631463,Agricultural Development Bank Limited
2026041501044993,ADBL,41,38,105,321.4,33747.0,2026-04-15,186500469,397,Linch Stock Market Ltd.,Dipshikha Dhitopatra Karobar Co. Pvt Ltd.,2026-04-15 14:41:05.184832,Agricultural Development Bank Limited
2026041501045156,ADBL,41,57,130,321.4,41782.0,2026-04-15,186501371,397,Linch Stock Market Ltd.,Aryatara Investment & Securities,2026-04-15 14:42:06.154388,Agricultural Development Bank Limited
2026041501045347,ADBL,57,4,10,322.0,3220.0,2026-04-15,186502104,397,Aryatara Investment & Securities,Opal Securities Investment (PVT) Ltd.,2026-04-15 14:42:48.942655,Agricultural Development Bank Limited
2026041501045436,ADBL,41,5,16,321.4,5142.4,2026-04-15,186502505,397,Linch Stock Market Ltd.,Market Securities & Exchange (PVT) Ltd.,2026-04-15 14:43:09.196964,Agricultural Development Bank Limited
2026041501045470,ADBL,41,57,200,321.4,64280.0,2026-04-15,186502757,397,Linch Stock Market Ltd.,Aryatara Investment & Securities,2026-04-15 14:43:20.838407,Agricultural Development Bank Limited
2026041501045703,ADBL,41,35,49,321.4,15748.6,2026-04-15,186503870,397,Linch Stock Market Ltd.,Kohinoor Investment & Securities Pvt. Ltd.,2026-04-15 14:44:15.759989,Agricultural Development Bank Limited
2026041501045704,ADBL,14,35,441,321.4,141737.4,2026-04-15,186503871,397,Nepal Stock House (PVT) Ltd.,Kohinoor Investment & Securities Pvt. Ltd.,2026-04-15 14:44:15.760408,Agricultural Development Bank Limited
2026041501045791,ADBL,14,17,353,321.4,113454.2,2026-04-15,186504190,397,Nepal Stock House (PVT) Ltd.,ABC Securities Private Limited,2026-04-15 14:44:30.762545,Agricultural Development Bank Limited
2026041501045792,ADBL,42,17,610,321.3,195993.0,2026-04-15,186504192,397,Sani Securities Company Ltd.,ABC Securities Private Limited,2026-04-15 14:44:30.762941,Agricultural Development Bank Limited
2026041501045880,ADBL,48,17,15,321.0,4815.0,2026-04-15,186504590,397,Trishakti Securities Public Limited,ABC Securities Private Limited,2026-04-15 14:44:54.618466,Agricultural Development Bank Limited
2026041501045881,ADBL,42,17,14,321.0,4494.0,2026-04-15,186504592,397,Sani Securities Company Ltd.,ABC Securities Private Limited,2026-04-15 14:44:54.618696,Agricultural Development Bank Limited
2026041501045882,ADBL,42,17,200,320.8,64160.0,2026-04-15,186504594,397,Sani Securities Company Ltd.,ABC Securities Private Limited,2026-04-15 14:44:54.618785,Agricultural Development Bank Limited
2026041501045883,ADBL,42,17,576,320.5,184608.0,2026-04-15,186504596,397,Sani Securities Company Ltd.,ABC Securities Private Limited,2026-04-15 14:44:54.618873,Agricultural Development Bank Limited
2026041501045884,ADBL,62,17,2195,320.3,703058.5,2026-04-15,186504597,397,Capital Max Securities Ltd,ABC Securities Private Limited,2026-04-15 14:44:54.618960,Agricultural Development Bank Limited
2026041501045948,ADBL,22,57,129,320.5,41344.5,2026-04-15,186505082,397,Siprabi Securities Pvt. Ltd.,Aryatara Investment & Securities,2026-04-15 14:45:23.873856,Agricultural Development Bank Limited
2026041501045949,ADBL,65,57,21,320.4,6728.4,2026-04-15,186505083,397,Sharepro Securities Private Limited,Aryatara Investment & Securities,2026-04-15 14:45:23.874411,Agricultural Development Bank Limited
2026041501046167,ADBL,57,57,10,320.5,3205.0,2026-04-15,186506146,397,Aryatara Investment & Securities,Aryatara Investment & Securities,2026-04-15 14:46:18.978170,Agricultural Development Bank Limited
2026041501046168,ADBL,65,57,34,320.4,10893.6,2026-04-15,186506147,397,Sharepro Securities Private Limited,Aryatara Investment & Securities,2026-04-15 14:46:18.978383,Agricultural Development Bank Limited
2026041501046179,ADBL,65,17,2000,320.4,640800.0,2026-04-15,186506213,397,Sharepro Securities Private Limited,ABC Securities Private Limited,2026-04-15 14:46:25.050340,Agricultural Development Bank Limited
2026041501046192,ADBL,35,4,10,322.0,3220.0,2026-04-15,186506282,397,Kohinoor Investment & Securities Pvt. Ltd.,Opal Securities Investment (PVT) Ltd.,2026-04-15 14:46:30.025517,Agricultural Development Bank Limited
2026041501046359,ADBL,65,25,125,320.4,40050.0,2026-04-15,186507209,397,Sharepro Securities Private Limited,Sweta Securities Private Limited,2026-04-15 14:47:28.528164,Agricultural Development Bank Limited
2026041501047167,ADBL,1,4,30,322.0,9660.0,2026-04-15,186510745,397,Kumari Securities Private Limited,Opal Securities Investment (PVT) Ltd.,2026-04-15 14:50:01.080683,Agricultural Development Bank Limited
2026041501047168,ADBL,1,6,11,322.0,3542.0,2026-04-15,186510747,397,Kumari Securities Private Limited,Agrawal Securities (PVT) Ltd.,2026-04-15 14:50:01.080892,Agricultural Development Bank Limited
2026041501047175,ADBL,62,34,638,320.6,204542.8,2026-04-15,186510777,397,Capital Max Securities Ltd,Vision Securities Pvt. Ltd,2026-04-15 14:50:02.589109,Agricultural Development Bank Limited
2026041501047243,ADBL,7,57,15,322.0,4830.0,2026-04-15,186511030,397,J.F. Securites (PVT) Ltd.,Aryatara Investment & Securities,2026-04-15 14:50:14.990416,Agricultural Development Bank Limited
2026041501048377,ADBL,38,8,100,321.0,32100.0,2026-04-15,186515889,397,Dipshikha Dhitopatra Karobar Co. Pvt Ltd.,Brilliant Securities Pvt. Ltd.,2026-04-15 14:53:29.343486,Agricultural Development Bank Limited
2026041501048484,ADBL,38,34,18,321.0,5778.0,2026-04-15,186516497,397,Dipshikha Dhitopatra Karobar Co. Pvt Ltd.,Vision Securities Pvt. Ltd,2026-04-15 14:54:02.208072,Agricultural Development Bank Limited
2026041501048631,ADBL,21,6,70,321.1,22477.0,2026-04-15,186517345,397,Midas Stock Broking Company Private Limited,Agrawal Securities (PVT) Ltd.,2026-04-15 14:54:37.739083,Agricultural Development Bank Limited
2026041501048880,ADBL,21,22,17,321.1,5458.7,2026-04-15,186518875,397,Midas Stock Broking Company Private Limited,Siprabi Securities Pvt. Ltd.,2026-04-15 14:55:30.218063,Agricultural Development Bank Limited
2026041501048949,ADBL,65,57,15,322.0,4830.0,2026-04-15,186519303,397,Sharepro Securities Private Limited,Aryatara Investment & Securities,2026-04-15 14:55:46.221772,Agricultural Development Bank Limited
2026041501048950,ADBL,65,58,40,322.0,12880.0,2026-04-15,186519305,397,Sharepro Securities Private Limited,Naasa Securities Co. Ltd.,2026-04-15 14:55:46.221954,Agricultural Development Bank Limited
2026041501048951,ADBL,65,34,50,322.0,16100.0,2026-04-15,186519307,397,Sharepro Securities Private Limited,Vision Securities Pvt. Ltd,2026-04-15 14:55:46.222049,Agricultural Development Bank Limited
2026041501048952,ADBL,65,57,50,322.0,16100.0,2026-04-15,186519309,397,Sharepro Securities Private Limited,Aryatara Investment & Securities,2026-04-15 14:55:46.222133,Agricultural Development Bank Limited
2026041501048953,ADBL,65,58,500,322.6,161300.0,2026-04-15,186519311,397,Sharepro Securities Private Limited,Naasa Securities Co. Ltd.,2026-04-15 14:55:46.222220,Agricultural Development Bank Limited
2026041501048954,ADBL,65,32,350,322.7,112945.0,2026-04-15,186519313,397,Sharepro Securities Private Limited,Premier Securities Company Ltd.,2026-04-15 14:55:46.222307,Agricultural Development Bank Limited
2026041501048955,ADBL,65,57,129,323.0,41667.0,2026-04-15,186519315,397,Sharepro Securities Private Limited,Aryatara Investment & Securities,2026-04-15 14:55:46.222391,Agricultural Development Bank Limited
2026041501048956,ADBL,65,35,370,323.0,119510.0,2026-04-15,186519317,397,Sharepro Securities Private Limited,Kohinoor Investment & Securities Pvt. Ltd.,2026-04-15 14:55:46.222473,Agricultural Development Bank Limited
2026041501048957,ADBL,65,42,106,323.0,34238.0,2026-04-15,186519319,397,Sharepro Securities Private Limited,Sani Securities Company Ltd.,2026-04-15 14:55:46.222555,Agricultural Development Bank Limited
2026041501048958,ADBL,65,14,100,323.0,32300.0,2026-04-15,186519321,397,Sharepro Securities Private Limited,Nepal Stock House (PVT) Ltd.,2026-04-15 14:55:46.222638,Agricultural Development Bank Limited
2026041501048959,ADBL,65,26,200,323.0,64600.0,2026-04-15,186519323,397,Sharepro Securities Private Limited,Asian Securities Private Ltd.,2026-04-15 14:55:46.222720,Agricultural Development Bank Limited
2026041501048960,ADBL,65,54,100,323.0,32300.0,2026-04-15,186519325,397,Sharepro Securities Private Limited,Sewa Securities Pvt. Ltd.,2026-04-15 14:55:46.222801,Agricultural Development Bank Limited
2026041501048961,ADBL,65,57,20,323.0,6460.0,2026-04-15,186519327,397,Sharepro Securities Private Limited,Aryatara Investment & Securities,2026-04-15 14:55:46.222881,Agricultural Development Bank Limited
2026041501048962,ADBL,65,57,18,323.5,5823.0,2026-04-15,186519329,397,Sharepro Securities Private Limited,Aryatara Investment & Securities,2026-04-15 14:55:46.222964,Agricultural Development Bank Limited
2026041501048963,ADBL,65,6,100,324.0,32400.0,2026-04-15,186519331,397,Sharepro Securities Private Limited,Agrawal Securities (PVT) Ltd.,2026-04-15 14:55:46.223049,Agricultural Development Bank Limited
2026041501048964,ADBL,65,45,500,324.0,162000.0,2026-04-15,186519333,397,Sharepro Securities Private Limited,Imperial Securities Company Pvt. Ltd.,2026-04-15 14:55:46.223129,Agricultural Development Bank Limited
2026041501048965,ADBL,65,3,100,324.0,32400.0,2026-04-15,186519335,397,Sharepro Securities Private Limited,Arun Securities (PVT) Ltd.,2026-04-15 14:55:46.223208,Agricultural Development Bank Limited
2026041501048966,ADBL,65,28,206,324.0,66744.0,2026-04-15,186519337,397,Sharepro Securities Private Limited,Shree Krishna Securities Ltd.,2026-04-15 14:55:46.223286,Agricultural Development Bank Limited
2026041501048967,ADBL,65,1,1033,324.0,334692.0,2026-04-15,186519339,397,Sharepro Securities Private Limited,Kumari Securities Private Limited,2026-04-15 14:55:46.223364,Agricultural Development Bank Limited
2026041501048968,ADBL,65,25,143,324.0,46332.0,2026-04-15,186519341,397,Sharepro Securities Private Limited,Sweta Securities Private Limited,2026-04-15 14:55:46.223444,Agricultural Development Bank Limited
2026041501048969,ADBL,65,58,500,324.0,162000.0,2026-04-15,186519343,397,Sharepro Securities Private Limited,Naasa Securities Co. Ltd.,2026-04-15 14:55:46.223520,Agricultural Development Bank Limited
2026041501049008,ADBL,65,8,500,324.4,162200.0,2026-04-15,186519517,397,Sharepro Securities Private Limited,Brilliant Securities Pvt. Ltd.,2026-04-15 14:55:53.676663,Agricultural Development Bank Limited
2026041501049009,ADBL,65,7,20,324.9,6498.0,2026-04-15,186519519,397,Sharepro Securities Private Limited,J.F. Securites (PVT) Ltd.,2026-04-15 14:55:53.677063,Agricultural Development Bank Limited
2026041501049010,ADBL,65,4,100,325.0,32500.0,2026-04-15,186519521,397,Sharepro Securities Private Limited,Opal Securities Investment (PVT) Ltd.,2026-04-15 14:55:53.677314,Agricultural Development Bank Limited
2026041501049011,ADBL,65,6,300,325.0,97500.0,2026-04-15,186519523,397,Sharepro Securities Private Limited,Agrawal Securities (PVT) Ltd.,2026-04-15 14:55:53.677550,Agricultural Development Bank Limited
2026041501049012,ADBL,65,49,82,325.0,26650.0,2026-04-15,186519525,397,Sharepro Securities Private Limited,Online Securities Pvt. Ltd.,2026-04-15 14:55:53.677778,Agricultural Development Bank Limited
2026041501049013,ADBL,65,42,100,325.0,32500.0,2026-04-15,186519527,397,Sharepro Securities Private Limited,Sani Securities Company Ltd.,2026-04-15 14:55:53.677995,Agricultural Development Bank Limited
2026041501049014,ADBL,65,32,100,325.0,32500.0,2026-04-15,186519529,397,Sharepro Securities Private Limited,Premier Securities Company Ltd.,2026-04-15 14:55:53.678224,Agricultural Development Bank Limited
2026041501049015,ADBL,65,42,260,325.0,84500.0,2026-04-15,186519531,397,Sharepro Securities Private Limited,Sani Securities Company Ltd.,2026-04-15 14:55:53.678438,Agricultural Development Bank Limited
2026041501049016,ADBL,65,42,609,325.0,197925.0,2026-04-15,186519533,397,Sharepro Securities Private Limited,Sani Securities Company Ltd.,2026-04-15 14:55:53.678668,Agricultural Development Bank Limited
2026041501049017,ADBL,65,42,165,325.0,53625.0,2026-04-15,186519535,397,Sharepro Securities Private Limited,Sani Securities Company Ltd.,2026-04-15 14:55:53.678898,Agricultural Development Bank Limited
2026041501049018,ADBL,65,29,100,325.0,32500.0,2026-04-15,186519537,397,Sharepro Securities Private Limited,Trisul Securities & Invt. Ltd.,2026-04-15 14:55:53.679132,Agricultural Development Bank Limited
2026041501049029,ADBL,65,26,500,325.0,162500.0,2026-04-15,186519747,397,Sharepro Securities Private Limited,Asian Securities Private Ltd.,2026-04-15 14:55:58.551585,Agricultural Development Bank Limited
2026041501049321,ADBL,41,49,2,319.0,638.0,2026-04-15,186521315,397,Linch Stock Market Ltd.,Online Securities Pvt. Ltd.,2026-04-15 14:56:49.192479,Agricultural Development Bank Limited
2026041501049539,ADBL,4,64,130,325.0,42250.0,2026-04-15,186523013,397,Opal Securities Investment (PVT) Ltd.,SUN SECURITIES PVT LTD,2026-04-15 14:57:39.700355,Agricultural Development Bank Limited
2026041501049624,ADBL,4,35,168,325.0,54600.0,2026-04-15,186523758,397,Opal Securities Investment (PVT) Ltd.,Kohinoor Investment & Securities Pvt. Ltd.,2026-04-15 14:57:59.144486,Agricultural Development Bank Limited
2026041501050370,ADBL,33,35,100,324.9,32490.0,2026-04-15,186528470,397,Dakshinkali Investment & Securities Pvt. Ltd.,Kohinoor Investment & Securities Pvt. Ltd.,2026-04-15 14:59:36.001070,Agricultural Development Bank Limited
2026041501050371,ADBL,50,35,40,324.5,12980.0,2026-04-15,186528472,397,Cristal Kanchanjanga Securites Pvt. Ltd.,Kohinoor Investment & Securities Pvt. Ltd.,2026-04-15 14:59:36.001265,Agricultural Development Bank Limited
2026041501050674,ADBL,65,35,692,324.5,224554.0,2026-04-15,186530725,397,Sharepro Securities Private Limited,Kohinoor Investment & Securities Pvt. Ltd.,2026-04-15 14:59:57.546179,Agricultural Development Bank Limited
2026041501050675,ADBL,65,34,10,325.0,3250.0,2026-04-15,186530727,397,Sharepro Securities Private Limited,Vision Securities Pvt. Ltd,2026-04-15 14:59:57.546224,Agricultural Development Bank Limited
2026041501050676,ADBL,65,14,50,325.0,16250.0,2026-04-15,186530729,397,Sharepro Securities Private Limited,Nepal Stock House (PVT) Ltd.,2026-04-15 14:59:57.546258,Agricultural Development Bank Limited
2026041501050677,ADBL,65,63,75,325.0,24375.0,2026-04-15,186530731,397,Sharepro Securities Private Limited,Himalayan Brokerage Company Limited,2026-04-15 14:59:57.546285,Agricultural Development Bank Limited
2026041501050678,ADBL,65,8,1000,325.0,325000.0,2026-04-15,186530733,397,Sharepro Securities Private Limited,Brilliant Securities Pvt. Ltd.,2026-04-15 14:59:57.546313,Agricultural Development Bank Limited
2026041501050679,ADBL,65,1,173,325.0,56225.0,2026-04-15,186530736,397,Sharepro Securities Private Limited,Kumari Securities Private Limited,2026-04-15 14:59:57.546342,Agricultural Development Bank Limited
2026041501050768,ADBL,33,1,100,325.0,32500.0,2026-04-15,186531122,397,Dakshinkali Investment & Securities Pvt. Ltd.,Kumari Securities Private Limited,2026-04-15 14:59:58.061187,Agricultural Development Bank Limited
2026041501050793,ADBL,65,44,18,322.0,5796.0,2026-04-15,186531150,397,Sharepro Securities Private Limited,Dynamic Money Managers Securities Pvt. Ltd.,2026-04-15 14:59:59.667205,Agricultural Development Bank Limited
