contractId,stockSymbol,buyerMemberId,sellerMemberId,quantity,rate,amount,businessDate,tradeBookId,stockId,buyerBrokerName,sellerBrokerName,transaction_time,securityName
2026041504000054,AHPC,52,14,35,294.5,10307.5,2026-04-15,186285180,360,Sundhara Securities Limited,Nepal Stock House (PVT) Ltd.,2026-04-15 11:00:42.629666,Arun Valley Hydropower Development Co. Ltd.
2026041504000174,AHPC,41,14,61,294.5,17964.5,2026-04-15,186286823,360,Linch Stock Market Ltd.,Nepal Stock House (PVT) Ltd.,2026-04-15 11:02:29.420467,Arun Valley Hydropower Development Co. Ltd.
2026041504000175,AHPC,41,14,39,294.5,11485.5,2026-04-15,186286826,360,Linch Stock Market Ltd.,Nepal Stock House (PVT) Ltd.,2026-04-15 11:02:29.420619,Arun Valley Hydropower Development Co. Ltd.
2026041504000239,AHPC,58,34,10,294.5,2945.0,2026-04-15,186287340,360,Naasa Securities Co. Ltd.,Vision Securities Pvt. Ltd,2026-04-15 11:02:52.514061,Arun Valley Hydropower Development Co. Ltd.
2026041504000395,AHPC,35,35,1000,294.4,294400.0,2026-04-15,186288820,360,Kohinoor Investment & Securities Pvt. Ltd.,Kohinoor Investment & Securities Pvt. Ltd.,2026-04-15 11:04:16.803049,Arun Valley Hydropower Development Co. Ltd.
2026041504000494,AHPC,6,62,75,294.5,22087.5,2026-04-15,186289486,360,Agrawal Securities (PVT) Ltd.,Capital Max Securities Ltd,2026-04-15 11:05:00.847364,Arun Valley Hydropower Development Co. Ltd.
2026041504000537,AHPC,46,62,22,294.5,6479.0,2026-04-15,186289770,360,Kalika Securities Pvt. Ltd.,Capital Max Securities Ltd,2026-04-15 11:05:26.820495,Arun Valley Hydropower Development Co. Ltd.
2026041504000601,AHPC,49,40,15,294.5,4417.5,2026-04-15,186290212,360,Online Securities Pvt. Ltd.,Creative Securities Pvt Ltd,2026-04-15 11:05:57.951583,Arun Valley Hydropower Development Co. Ltd.
2026041504000666,AHPC,26,40,100,294.5,29450.0,2026-04-15,186290690,360,Asian Securities Private Ltd.,Creative Securities Pvt Ltd,2026-04-15 11:06:32.724820,Arun Valley Hydropower Development Co. Ltd.
2026041504000682,AHPC,58,40,12,294.5,3534.0,2026-04-15,186290834,360,Naasa Securities Co. Ltd.,Creative Securities Pvt Ltd,2026-04-15 11:06:43.830544,Arun Valley Hydropower Development Co. Ltd.
2026041504000820,AHPC,44,39,10,294.3,2943.0,2026-04-15,186291568,360,Dynamic Money Managers Securities Pvt. Ltd.,Sumeru Securities Pvt. Ltd.,2026-04-15 11:07:31.656271,Arun Valley Hydropower Development Co. Ltd.
2026041504000833,AHPC,49,39,90,294.3,26487.0,2026-04-15,186291623,360,Online Securities Pvt. Ltd.,Sumeru Securities Pvt. Ltd.,2026-04-15 11:07:35.483647,Arun Valley Hydropower Development Co. Ltd.
2026041504000834,AHPC,49,40,123,294.5,36223.5,2026-04-15,186291625,360,Online Securities Pvt. Ltd.,Creative Securities Pvt Ltd,2026-04-15 11:07:35.483690,Arun Valley Hydropower Development Co. Ltd.
2026041504000835,AHPC,49,67,787,295.5,232558.5,2026-04-15,186291628,360,Online Securities Pvt. Ltd.,Property Wiard Limited,2026-04-15 11:07:35.483716,Arun Valley Hydropower Development Co. Ltd.
2026041504000914,AHPC,56,42,200,294.1,58820.0,2026-04-15,186292299,360,Sri Hari Securities Pvt. Ltd.,Sani Securities Company Ltd.,2026-04-15 11:08:16.984468,Arun Valley Hydropower Development Co. Ltd.
2026041504000964,AHPC,29,7,346,294.0,101724.0,2026-04-15,186292579,360,Trisul Securities & Invt. Ltd.,J.F. Securites (PVT) Ltd.,2026-04-15 11:08:38.414365,Arun Valley Hydropower Development Co. Ltd.
2026041504001196,AHPC,29,21,654,294.0,192276.0,2026-04-15,186294472,360,Trisul Securities & Invt. Ltd.,Midas Stock Broking Company Private Limited,2026-04-15 11:10:39.342613,Arun Valley Hydropower Development Co. Ltd.
2026041504001197,AHPC,16,21,100,294.0,29400.0,2026-04-15,186294474,360,Primo Securities (PVT) Ltd.,Midas Stock Broking Company Private Limited,2026-04-15 11:10:39.342895,Arun Valley Hydropower Development Co. Ltd.
2026041504001198,AHPC,34,21,11,294.0,3234.0,2026-04-15,186294476,360,Vision Securities Pvt. Ltd,Midas Stock Broking Company Private Limited,2026-04-15 11:10:39.343086,Arun Valley Hydropower Development Co. Ltd.
2026041504001269,AHPC,50,39,20,293.9,5878.0,2026-04-15,186294966,360,Cristal Kanchanjanga Securites Pvt. Ltd.,Sumeru Securities Pvt. Ltd.,2026-04-15 11:11:08.610335,Arun Valley Hydropower Development Co. Ltd.
2026041504001279,AHPC,43,21,235,294.0,69090.0,2026-04-15,186295019,360,South Asian Bulls Pvt. Ltd.,Midas Stock Broking Company Private Limited,2026-04-15 11:11:13.859341,Arun Valley Hydropower Development Co. Ltd.
2026041504001369,AHPC,43,36,219,294.0,64386.0,2026-04-15,186295577,360,South Asian Bulls Pvt. Ltd.,Secured Securities Ltd.,2026-04-15 11:11:50.483167,Arun Valley Hydropower Development Co. Ltd.
2026041504001409,AHPC,43,58,125,294.0,36750.0,2026-04-15,186295847,360,South Asian Bulls Pvt. Ltd.,Naasa Securities Co. Ltd.,2026-04-15 11:12:08.757024,Arun Valley Hydropower Development Co. Ltd.
2026041504001411,AHPC,43,34,441,294.0,129654.0,2026-04-15,186295884,360,South Asian Bulls Pvt. Ltd.,Vision Securities Pvt. Ltd,2026-04-15 11:12:12.558018,Arun Valley Hydropower Development Co. Ltd.
2026041504001452,AHPC,22,34,59,294.0,17346.0,2026-04-15,186296049,360,Siprabi Securities Pvt. Ltd.,Vision Securities Pvt. Ltd,2026-04-15 11:12:25.621914,Arun Valley Hydropower Development Co. Ltd.
2026041504001453,AHPC,22,76,191,294.0,56154.0,2026-04-15,186296052,360,Siprabi Securities Pvt. Ltd.,Machhapuchchhre Securities Limited,2026-04-15 11:12:25.622130,Arun Valley Hydropower Development Co. Ltd.
2026041504001491,AHPC,58,45,16,293.0,4688.0,2026-04-15,186296261,360,Naasa Securities Co. Ltd.,Imperial Securities Company Pvt. Ltd.,2026-04-15 11:12:41.291573,Arun Valley Hydropower Development Co. Ltd.
2026041504001551,AHPC,58,58,35,293.0,10255.0,2026-04-15,186296801,360,Naasa Securities Co. Ltd.,Naasa Securities Co. Ltd.,2026-04-15 11:13:24.540917,Arun Valley Hydropower Development Co. Ltd.
2026041504001789,AHPC,39,16,150,293.7,44055.0,2026-04-15,186298393,360,Sumeru Securities Pvt. Ltd.,Primo Securities (PVT) Ltd.,2026-04-15 11:15:30.623473,Arun Valley Hydropower Development Co. Ltd.
2026041504001790,AHPC,39,76,50,294.0,14700.0,2026-04-15,186298396,360,Sumeru Securities Pvt. Ltd.,Machhapuchchhre Securities Limited,2026-04-15 11:15:30.623510,Arun Valley Hydropower Development Co. Ltd.
2026041504001899,AHPC,26,76,509,294.0,149646.0,2026-04-15,186299111,360,Asian Securities Private Ltd.,Machhapuchchhre Securities Limited,2026-04-15 11:16:20.076636,Arun Valley Hydropower Development Co. Ltd.
2026041504001900,AHPC,26,65,900,294.0,264600.0,2026-04-15,186299113,360,Asian Securities Private Ltd.,Sharepro Securities Private Limited,2026-04-15 11:16:20.076813,Arun Valley Hydropower Development Co. Ltd.
2026041504001904,AHPC,26,62,100,294.0,29400.0,2026-04-15,186299145,360,Asian Securities Private Ltd.,Capital Max Securities Ltd,2026-04-15 11:16:23.711559,Arun Valley Hydropower Development Co. Ltd.
2026041504001922,AHPC,1,49,205,294.5,60372.5,2026-04-15,186299360,360,Kumari Securities Private Limited,Online Securities Pvt. Ltd.,2026-04-15 11:16:40.183160,Arun Valley Hydropower Development Co. Ltd.
2026041504001925,AHPC,26,44,1000,294.0,294000.0,2026-04-15,186299399,360,Asian Securities Private Ltd.,Dynamic Money Managers Securities Pvt. Ltd.,2026-04-15 11:16:41.757532,Arun Valley Hydropower Development Co. Ltd.
2026041504001926,AHPC,42,49,290,294.5,85405.0,2026-04-15,186299401,360,Sani Securities Company Ltd.,Online Securities Pvt. Ltd.,2026-04-15 11:16:42.169678,Arun Valley Hydropower Development Co. Ltd.
2026041504001927,AHPC,42,49,54,295.0,15930.0,2026-04-15,186299403,360,Sani Securities Company Ltd.,Online Securities Pvt. Ltd.,2026-04-15 11:16:42.170014,Arun Valley Hydropower Development Co. Ltd.
2026041504001928,AHPC,42,59,50,295.0,14750.0,2026-04-15,186299405,360,Sani Securities Company Ltd.,Deevyaa Securities & Stock House Pvt. Ltd,2026-04-15 11:16:42.170250,Arun Valley Hydropower Development Co. Ltd.
2026041504001929,AHPC,42,42,100,295.0,29500.0,2026-04-15,186299407,360,Sani Securities Company Ltd.,Sani Securities Company Ltd.,2026-04-15 11:16:42.170481,Arun Valley Hydropower Development Co. Ltd.
2026041504001930,AHPC,42,49,89,295.0,26255.0,2026-04-15,186299409,360,Sani Securities Company Ltd.,Online Securities Pvt. Ltd.,2026-04-15 11:16:42.170684,Arun Valley Hydropower Development Co. Ltd.
2026041504001939,AHPC,42,39,100,295.0,29500.0,2026-04-15,186299459,360,Sani Securities Company Ltd.,Sumeru Securities Pvt. Ltd.,2026-04-15 11:16:47.066136,Arun Valley Hydropower Development Co. Ltd.
2026041504001987,AHPC,42,39,100,295.0,29500.0,2026-04-15,186299773,360,Sani Securities Company Ltd.,Sumeru Securities Pvt. Ltd.,2026-04-15 11:17:15.097982,Arun Valley Hydropower Development Co. Ltd.
2026041504002026,AHPC,42,49,35,295.0,10325.0,2026-04-15,186299963,360,Sani Securities Company Ltd.,Online Securities Pvt. Ltd.,2026-04-15 11:17:31.584370,Arun Valley Hydropower Development Co. Ltd.
2026041504002043,AHPC,42,16,182,295.0,53690.0,2026-04-15,186300093,360,Sani Securities Company Ltd.,Primo Securities (PVT) Ltd.,2026-04-15 11:17:44.652996,Arun Valley Hydropower Development Co. Ltd.
2026041504002163,AHPC,42,39,10,295.0,2950.0,2026-04-15,186301188,360,Sani Securities Company Ltd.,Sumeru Securities Pvt. Ltd.,2026-04-15 11:19:01.539125,Arun Valley Hydropower Development Co. Ltd.
2026041504002166,AHPC,26,58,50,294.0,14700.0,2026-04-15,186301197,360,Asian Securities Private Ltd.,Naasa Securities Co. Ltd.,2026-04-15 11:19:02.763292,Arun Valley Hydropower Development Co. Ltd.
2026041504002183,AHPC,42,39,90,295.0,26550.0,2026-04-15,186301303,360,Sani Securities Company Ltd.,Sumeru Securities Pvt. Ltd.,2026-04-15 11:19:10.126014,Arun Valley Hydropower Development Co. Ltd.
2026041504002184,AHPC,42,26,210,295.0,61950.0,2026-04-15,186301306,360,Sani Securities Company Ltd.,Asian Securities Private Ltd.,2026-04-15 11:19:10.126177,Arun Valley Hydropower Development Co. Ltd.
2026041504002185,AHPC,80,26,90,295.0,26550.0,2026-04-15,186301337,360,Indira securities pvt. ltd,Asian Securities Private Ltd.,2026-04-15 11:19:14.208947,Arun Valley Hydropower Development Co. Ltd.
2026041504002198,AHPC,80,50,310,295.0,91450.0,2026-04-15,186301383,360,Indira securities pvt. ltd,Cristal Kanchanjanga Securites Pvt. Ltd.,2026-04-15 11:19:19.920246,Arun Valley Hydropower Development Co. Ltd.
2026041504002211,AHPC,80,57,25,295.0,7375.0,2026-04-15,186301451,360,Indira securities pvt. ltd,Aryatara Investment & Securities,2026-04-15 11:19:24.984129,Arun Valley Hydropower Development Co. Ltd.
2026041504002253,AHPC,80,3,75,295.0,22125.0,2026-04-15,186301626,360,Indira securities pvt. ltd,Arun Securities (PVT) Ltd.,2026-04-15 11:19:34.944413,Arun Valley Hydropower Development Co. Ltd.
2026041504002260,AHPC,29,3,925,295.0,272875.0,2026-04-15,186301745,360,Trisul Securities & Invt. Ltd.,Arun Securities (PVT) Ltd.,2026-04-15 11:19:42.585075,Arun Valley Hydropower Development Co. Ltd.
2026041504002261,AHPC,29,67,163,295.0,48085.0,2026-04-15,186301747,360,Trisul Securities & Invt. Ltd.,Property Wiard Limited,2026-04-15 11:19:42.585445,Arun Valley Hydropower Development Co. Ltd.
2026041504002307,AHPC,29,3,2000,295.0,590000.0,2026-04-15,186301935,360,Trisul Securities & Invt. Ltd.,Arun Securities (PVT) Ltd.,2026-04-15 11:19:56.481588,Arun Valley Hydropower Development Co. Ltd.
2026041504002332,AHPC,29,66,324,295.0,95580.0,2026-04-15,186302120,360,Trisul Securities & Invt. Ltd.,Miyo Securities Pvt Ltd,2026-04-15 11:20:04.196873,Arun Valley Hydropower Development Co. Ltd.
2026041504002347,AHPC,59,66,681,295.0,200895.0,2026-04-15,186302239,360,Deevyaa Securities & Stock House Pvt. Ltd,Miyo Securities Pvt Ltd,2026-04-15 11:20:11.255630,Arun Valley Hydropower Development Co. Ltd.
2026041504002348,AHPC,59,50,150,295.0,44250.0,2026-04-15,186302241,360,Deevyaa Securities & Stock House Pvt. Ltd,Cristal Kanchanjanga Securites Pvt. Ltd.,2026-04-15 11:20:11.255977,Arun Valley Hydropower Development Co. Ltd.
2026041504002349,AHPC,59,1,169,295.0,49855.0,2026-04-15,186302244,360,Deevyaa Securities & Stock House Pvt. Ltd,Kumari Securities Private Limited,2026-04-15 11:20:11.517939,Arun Valley Hydropower Development Co. Ltd.
2026041504002414,AHPC,34,1,84,295.0,24780.0,2026-04-15,186303015,360,Vision Securities Pvt. Ltd,Kumari Securities Private Limited,2026-04-15 11:20:52.304161,Arun Valley Hydropower Development Co. Ltd.
2026041504002415,AHPC,34,76,13,295.0,3835.0,2026-04-15,186303018,360,Vision Securities Pvt. Ltd,Machhapuchchhre Securities Limited,2026-04-15 11:20:52.304548,Arun Valley Hydropower Development Co. Ltd.
2026041504002464,AHPC,26,49,441,294.0,129654.0,2026-04-15,186303208,360,Asian Securities Private Ltd.,Online Securities Pvt. Ltd.,2026-04-15 11:21:00.610661,Arun Valley Hydropower Development Co. Ltd.
2026041504002465,AHPC,29,49,1559,294.0,458346.0,2026-04-15,186303209,360,Trisul Securities & Invt. Ltd.,Online Securities Pvt. Ltd.,2026-04-15 11:21:00.611058,Arun Valley Hydropower Development Co. Ltd.
2026041504002499,AHPC,58,76,10,295.0,2950.0,2026-04-15,186303522,360,Naasa Securities Co. Ltd.,Machhapuchchhre Securities Limited,2026-04-15 11:21:20.632814,Arun Valley Hydropower Development Co. Ltd.
2026041504002583,AHPC,16,67,990,294.1,291159.0,2026-04-15,186303948,360,Primo Securities (PVT) Ltd.,Property Wiard Limited,2026-04-15 11:21:48.302936,Arun Valley Hydropower Development Co. Ltd.
2026041504002584,AHPC,29,67,10,294.0,2940.0,2026-04-15,186303949,360,Trisul Securities & Invt. Ltd.,Property Wiard Limited,2026-04-15 11:21:48.303151,Arun Valley Hydropower Development Co. Ltd.
2026041504002670,AHPC,29,48,200,294.0,58800.0,2026-04-15,186304673,360,Trisul Securities & Invt. Ltd.,Trishakti Securities Public Limited,2026-04-15 11:22:33.435093,Arun Valley Hydropower Development Co. Ltd.
2026041504002693,AHPC,29,76,1277,294.0,375438.0,2026-04-15,186305017,360,Trisul Securities & Invt. Ltd.,Machhapuchchhre Securities Limited,2026-04-15 11:22:53.932417,Arun Valley Hydropower Development Co. Ltd.
2026041504002727,AHPC,42,6,13,294.8,3832.4,2026-04-15,186305315,360,Sani Securities Company Ltd.,Agrawal Securities (PVT) Ltd.,2026-04-15 11:23:19.051450,Arun Valley Hydropower Development Co. Ltd.
2026041504002728,AHPC,42,42,12,294.8,3537.6,2026-04-15,186305318,360,Sani Securities Company Ltd.,Sani Securities Company Ltd.,2026-04-15 11:23:19.051819,Arun Valley Hydropower Development Co. Ltd.
2026041504002733,AHPC,29,57,275,294.0,80850.0,2026-04-15,186305335,360,Trisul Securities & Invt. Ltd.,Aryatara Investment & Securities,2026-04-15 11:23:21.253805,Arun Valley Hydropower Development Co. Ltd.
2026041504002780,AHPC,14,16,20,294.7,5894.0,2026-04-15,186305644,360,Nepal Stock House (PVT) Ltd.,Primo Securities (PVT) Ltd.,2026-04-15 11:23:42.493481,Arun Valley Hydropower Development Co. Ltd.
2026041504002805,AHPC,29,48,200,294.0,58800.0,2026-04-15,186305809,360,Trisul Securities & Invt. Ltd.,Trishakti Securities Public Limited,2026-04-15 11:23:53.552548,Arun Valley Hydropower Development Co. Ltd.
2026041504002814,AHPC,29,25,10,294.0,2940.0,2026-04-15,186305849,360,Trisul Securities & Invt. Ltd.,Sweta Securities Private Limited,2026-04-15 11:23:55.718257,Arun Valley Hydropower Development Co. Ltd.
2026041504002841,AHPC,29,45,1000,294.0,294000.0,2026-04-15,186306011,360,Trisul Securities & Invt. Ltd.,Imperial Securities Company Pvt. Ltd.,2026-04-15 11:24:06.265389,Arun Valley Hydropower Development Co. Ltd.
2026041504002863,AHPC,29,49,400,294.0,117600.0,2026-04-15,186306257,360,Trisul Securities & Invt. Ltd.,Online Securities Pvt. Ltd.,2026-04-15 11:24:24.190492,Arun Valley Hydropower Development Co. Ltd.
2026041504002906,AHPC,29,16,80,294.7,23576.0,2026-04-15,186306847,360,Trisul Securities & Invt. Ltd.,Primo Securities (PVT) Ltd.,2026-04-15 11:24:49.169721,Arun Valley Hydropower Development Co. Ltd.
2026041504002907,AHPC,29,26,100,294.7,29470.0,2026-04-15,186306849,360,Trisul Securities & Invt. Ltd.,Asian Securities Private Ltd.,2026-04-15 11:24:49.170099,Arun Valley Hydropower Development Co. Ltd.
2026041504002908,AHPC,29,42,113,294.8,33312.4,2026-04-15,186306851,360,Trisul Securities & Invt. Ltd.,Sani Securities Company Ltd.,2026-04-15 11:24:49.170381,Arun Valley Hydropower Development Co. Ltd.
2026041504002916,AHPC,58,58,10,295.0,2950.0,2026-04-15,186306948,360,Naasa Securities Co. Ltd.,Naasa Securities Co. Ltd.,2026-04-15 11:24:54.679038,Arun Valley Hydropower Development Co. Ltd.
2026041504002952,AHPC,29,32,207,294.9,61044.3,2026-04-15,186307436,360,Trisul Securities & Invt. Ltd.,Premier Securities Company Ltd.,2026-04-15 11:25:20.000902,Arun Valley Hydropower Development Co. Ltd.
2026041504002993,AHPC,58,32,60,294.9,17694.0,2026-04-15,186307894,360,Naasa Securities Co. Ltd.,Premier Securities Company Ltd.,2026-04-15 11:25:47.242804,Arun Valley Hydropower Development Co. Ltd.
2026041504003015,AHPC,46,34,60,294.7,17682.0,2026-04-15,186308063,360,Kalika Securities Pvt. Ltd.,Vision Securities Pvt. Ltd,2026-04-15 11:26:04.176661,Arun Valley Hydropower Development Co. Ltd.
2026041504003147,AHPC,58,14,200,294.1,58820.0,2026-04-15,186309315,360,Naasa Securities Co. Ltd.,Nepal Stock House (PVT) Ltd.,2026-04-15 11:27:15.784830,Arun Valley Hydropower Development Co. Ltd.
2026041504003161,AHPC,22,49,89,294.2,26183.8,2026-04-15,186309500,360,Siprabi Securities Pvt. Ltd.,Online Securities Pvt. Ltd.,2026-04-15 11:27:27.370080,Arun Valley Hydropower Development Co. Ltd.
2026041504003162,AHPC,58,49,98,294.1,28821.8,2026-04-15,186309501,360,Naasa Securities Co. Ltd.,Online Securities Pvt. Ltd.,2026-04-15 11:27:27.370308,Arun Valley Hydropower Development Co. Ltd.
2026041504003421,AHPC,58,44,200,294.1,58820.0,2026-04-15,186311827,360,Naasa Securities Co. Ltd.,Dynamic Money Managers Securities Pvt. Ltd.,2026-04-15 11:29:50.065483,Arun Valley Hydropower Development Co. Ltd.
2026041504003522,AHPC,58,45,60,294.1,17646.0,2026-04-15,186312628,360,Naasa Securities Co. Ltd.,Imperial Securities Company Pvt. Ltd.,2026-04-15 11:30:43.154107,Arun Valley Hydropower Development Co. Ltd.
2026041504003523,AHPC,58,45,240,294.1,70584.0,2026-04-15,186312629,360,Naasa Securities Co. Ltd.,Imperial Securities Company Pvt. Ltd.,2026-04-15 11:30:43.154530,Arun Valley Hydropower Development Co. Ltd.
2026041504003571,AHPC,58,37,260,294.1,76466.0,2026-04-15,186313024,360,Naasa Securities Co. Ltd.,Swarna Laxmi Securities Pvt. Ltd.,2026-04-15 11:31:09.698791,Arun Valley Hydropower Development Co. Ltd.
2026041504003651,AHPC,35,37,500,294.1,147050.0,2026-04-15,186313778,360,Kohinoor Investment & Securities Pvt. Ltd.,Swarna Laxmi Securities Pvt. Ltd.,2026-04-15 11:31:53.020520,Arun Valley Hydropower Development Co. Ltd.
2026041504003666,AHPC,52,37,1240,294.1,364684.0,2026-04-15,186313885,360,Sundhara Securities Limited,Swarna Laxmi Securities Pvt. Ltd.,2026-04-15 11:31:59.187254,Arun Valley Hydropower Development Co. Ltd.
2026041504003669,AHPC,52,13,260,294.1,76466.0,2026-04-15,186313898,360,Sundhara Securities Limited,Thrive Brokerage House Pvt. Ltd,2026-04-15 11:32:00.827480,Arun Valley Hydropower Development Co. Ltd.
2026041504003670,AHPC,29,13,55,294.0,16170.0,2026-04-15,186313900,360,Trisul Securities & Invt. Ltd.,Thrive Brokerage House Pvt. Ltd,2026-04-15 11:32:00.827683,Arun Valley Hydropower Development Co. Ltd.
2026041504003709,AHPC,35,32,733,294.9,216161.7,2026-04-15,186314595,360,Kohinoor Investment & Securities Pvt. Ltd.,Premier Securities Company Ltd.,2026-04-15 11:32:28.529591,Arun Valley Hydropower Development Co. Ltd.
2026041504003710,AHPC,35,26,100,294.9,29490.0,2026-04-15,186314597,360,Kohinoor Investment & Securities Pvt. Ltd.,Asian Securities Private Ltd.,2026-04-15 11:32:28.530002,Arun Valley Hydropower Development Co. Ltd.
2026041504003711,AHPC,35,58,115,295.0,33925.0,2026-04-15,186314599,360,Kohinoor Investment & Securities Pvt. Ltd.,Naasa Securities Co. Ltd.,2026-04-15 11:32:28.530278,Arun Valley Hydropower Development Co. Ltd.
2026041504003712,AHPC,35,19,105,295.0,30975.0,2026-04-15,186314601,360,Kohinoor Investment & Securities Pvt. Ltd.,Nepal Investment And Securities Trading Private Limited,2026-04-15 11:32:28.530571,Arun Valley Hydropower Development Co. Ltd.
2026041504003713,AHPC,35,58,401,295.0,118295.0,2026-04-15,186314603,360,Kohinoor Investment & Securities Pvt. Ltd.,Naasa Securities Co. Ltd.,2026-04-15 11:32:28.530846,Arun Valley Hydropower Development Co. Ltd.
2026041504003714,AHPC,35,6,105,295.0,30975.0,2026-04-15,186314605,360,Kohinoor Investment & Securities Pvt. Ltd.,Agrawal Securities (PVT) Ltd.,2026-04-15 11:32:28.531114,Arun Valley Hydropower Development Co. Ltd.
2026041504003715,AHPC,35,33,50,295.0,14750.0,2026-04-15,186314607,360,Kohinoor Investment & Securities Pvt. Ltd.,Dakshinkali Investment & Securities Pvt. Ltd.,2026-04-15 11:32:28.531410,Arun Valley Hydropower Development Co. Ltd.
2026041504003716,AHPC,35,29,391,295.0,115345.0,2026-04-15,186314610,360,Kohinoor Investment & Securities Pvt. Ltd.,Trisul Securities & Invt. Ltd.,2026-04-15 11:32:28.531678,Arun Valley Hydropower Development Co. Ltd.
2026041504003742,AHPC,58,88,2,294.1,588.2,2026-04-15,186314829,360,Naasa Securities Co. Ltd.,Blue Chip Securities Ltd,2026-04-15 11:32:48.285905,Arun Valley Hydropower Development Co. Ltd.
2026041504003773,AHPC,35,29,1609,295.0,474655.0,2026-04-15,186315009,360,Kohinoor Investment & Securities Pvt. Ltd.,Trisul Securities & Invt. Ltd.,2026-04-15 11:33:00.015768,Arun Valley Hydropower Development Co. Ltd.
2026041504003774,AHPC,35,36,300,295.0,88500.0,2026-04-15,186315011,360,Kohinoor Investment & Securities Pvt. Ltd.,Secured Securities Ltd.,2026-04-15 11:33:00.016005,Arun Valley Hydropower Development Co. Ltd.
2026041504003775,AHPC,35,45,157,295.0,46315.0,2026-04-15,186315013,360,Kohinoor Investment & Securities Pvt. Ltd.,Imperial Securities Company Pvt. Ltd.,2026-04-15 11:33:00.016113,Arun Valley Hydropower Development Co. Ltd.
2026041504003816,AHPC,35,40,250,295.0,73750.0,2026-04-15,186315431,360,Kohinoor Investment & Securities Pvt. Ltd.,Creative Securities Pvt Ltd,2026-04-15 11:33:26.292826,Arun Valley Hydropower Development Co. Ltd.
2026041504003823,AHPC,35,50,100,295.0,29500.0,2026-04-15,186315523,360,Kohinoor Investment & Securities Pvt. Ltd.,Cristal Kanchanjanga Securites Pvt. Ltd.,2026-04-15 11:33:32.296445,Arun Valley Hydropower Development Co. Ltd.
2026041504003843,AHPC,35,16,84,295.0,24780.0,2026-04-15,186315702,360,Kohinoor Investment & Securities Pvt. Ltd.,Primo Securities (PVT) Ltd.,2026-04-15 11:33:44.712001,Arun Valley Hydropower Development Co. Ltd.
2026041504003939,AHPC,38,16,516,294.9,152168.4,2026-04-15,186316311,360,Dipshikha Dhitopatra Karobar Co. Pvt Ltd.,Primo Securities (PVT) Ltd.,2026-04-15 11:34:14.900248,Arun Valley Hydropower Development Co. Ltd.
2026041504003980,AHPC,58,43,40,295.4,11816.0,2026-04-15,186316649,360,Naasa Securities Co. Ltd.,South Asian Bulls Pvt. Ltd.,2026-04-15 11:34:33.722198,Arun Valley Hydropower Development Co. Ltd.
2026041504003981,AHPC,58,19,10,295.5,2955.0,2026-04-15,186316652,360,Naasa Securities Co. Ltd.,Nepal Investment And Securities Trading Private Limited,2026-04-15 11:34:33.722242,Arun Valley Hydropower Development Co. Ltd.
2026041504004159,AHPC,38,14,280,295.0,82600.0,2026-04-15,186317719,360,Dipshikha Dhitopatra Karobar Co. Pvt Ltd.,Nepal Stock House (PVT) Ltd.,2026-04-15 11:35:41.752916,Arun Valley Hydropower Development Co. Ltd.
2026041504004160,AHPC,38,58,4,295.0,1180.0,2026-04-15,186317721,360,Dipshikha Dhitopatra Karobar Co. Pvt Ltd.,Naasa Securities Co. Ltd.,2026-04-15 11:35:41.753071,Arun Valley Hydropower Development Co. Ltd.
2026041504004193,AHPC,58,34,10,295.4,2954.0,2026-04-15,186317922,360,Naasa Securities Co. Ltd.,Vision Securities Pvt. Ltd,2026-04-15 11:35:53.611355,Arun Valley Hydropower Development Co. Ltd.
2026041504004532,AHPC,11,94,15,294.3,4414.5,2026-04-15,186320595,360,Malla & Malla Stock Broking Company Pvt. Limited,K.B.L. Securities Limited ,2026-04-15 11:38:47.192294,Arun Valley Hydropower Development Co. Ltd.
2026041504004533,AHPC,45,34,25,295.3,7382.5,2026-04-15,186320600,360,Imperial Securities Company Pvt. Ltd.,Vision Securities Pvt. Ltd,2026-04-15 11:38:47.679819,Arun Valley Hydropower Development Co. Ltd.
2026041504004597,AHPC,11,58,12,294.3,3531.6,2026-04-15,186320885,360,Malla & Malla Stock Broking Company Pvt. Limited,Naasa Securities Co. Ltd.,2026-04-15 11:39:08.910084,Arun Valley Hydropower Development Co. Ltd.
2026041504004615,AHPC,58,65,10,295.0,2950.0,2026-04-15,186321146,360,Naasa Securities Co. Ltd.,Sharepro Securities Private Limited,2026-04-15 11:39:19.003787,Arun Valley Hydropower Development Co. Ltd.
2026041504004669,AHPC,58,34,65,295.3,19194.5,2026-04-15,186321615,360,Naasa Securities Co. Ltd.,Vision Securities Pvt. Ltd,2026-04-15 11:39:54.491042,Arun Valley Hydropower Development Co. Ltd.
2026041504004670,AHPC,58,57,57,295.3,16832.1,2026-04-15,186321618,360,Naasa Securities Co. Ltd.,Aryatara Investment & Securities,2026-04-15 11:39:54.491488,Arun Valley Hydropower Development Co. Ltd.
2026041504004679,AHPC,11,62,29,294.3,8534.7,2026-04-15,186321641,360,Malla & Malla Stock Broking Company Pvt. Limited,Capital Max Securities Ltd,2026-04-15 11:39:55.876420,Arun Valley Hydropower Development Co. Ltd.
2026041504004741,AHPC,58,57,34,295.3,10040.2,2026-04-15,186322264,360,Naasa Securities Co. Ltd.,Aryatara Investment & Securities,2026-04-15 11:40:33.560341,Arun Valley Hydropower Development Co. Ltd.
2026041504005046,AHPC,58,8,11,295.4,3249.4,2026-04-15,186324836,360,Naasa Securities Co. Ltd.,Brilliant Securities Pvt. Ltd.,2026-04-15 11:43:16.969942,Arun Valley Hydropower Development Co. Ltd.
2026041504005057,AHPC,11,46,94,294.5,27683.0,2026-04-15,186324920,360,Malla & Malla Stock Broking Company Pvt. Limited,Kalika Securities Pvt. Ltd.,2026-04-15 11:43:24.754397,Arun Valley Hydropower Development Co. Ltd.
2026041504005058,AHPC,58,46,906,294.4,266726.4,2026-04-15,186324921,360,Naasa Securities Co. Ltd.,Kalika Securities Pvt. Ltd.,2026-04-15 11:43:24.754958,Arun Valley Hydropower Development Co. Ltd.
2026041504005088,AHPC,58,8,10,295.4,2954.0,2026-04-15,186325292,360,Naasa Securities Co. Ltd.,Brilliant Securities Pvt. Ltd.,2026-04-15 11:43:43.169110,Arun Valley Hydropower Development Co. Ltd.
2026041504005127,AHPC,58,8,20,295.4,5908.0,2026-04-15,186325616,360,Naasa Securities Co. Ltd.,Brilliant Securities Pvt. Ltd.,2026-04-15 11:44:06.547951,Arun Valley Hydropower Development Co. Ltd.
2026041504005146,AHPC,36,44,1000,295.0,295000.0,2026-04-15,186325755,360,Secured Securities Ltd.,Dynamic Money Managers Securities Pvt. Ltd.,2026-04-15 11:44:10.793231,Arun Valley Hydropower Development Co. Ltd.
2026041504005308,AHPC,58,8,10,295.4,2954.0,2026-04-15,186326706,360,Naasa Securities Co. Ltd.,Brilliant Securities Pvt. Ltd.,2026-04-15 11:45:18.421855,Arun Valley Hydropower Development Co. Ltd.
2026041504005387,AHPC,38,8,199,295.4,58784.6,2026-04-15,186327223,360,Dipshikha Dhitopatra Karobar Co. Pvt Ltd.,Brilliant Securities Pvt. Ltd.,2026-04-15 11:45:42.454163,Arun Valley Hydropower Development Co. Ltd.
2026041504005388,AHPC,38,50,301,295.4,88915.4,2026-04-15,186327226,360,Dipshikha Dhitopatra Karobar Co. Pvt Ltd.,Cristal Kanchanjanga Securites Pvt. Ltd.,2026-04-15 11:45:42.454685,Arun Valley Hydropower Development Co. Ltd.
2026041504005399,AHPC,53,50,199,295.4,58784.6,2026-04-15,186327317,360,Investment Management Nepal Pvt. Ltd.,Cristal Kanchanjanga Securites Pvt. Ltd.,2026-04-15 11:45:47.925997,Arun Valley Hydropower Development Co. Ltd.
2026041504005400,AHPC,53,62,71,295.4,20973.4,2026-04-15,186327320,360,Investment Management Nepal Pvt. Ltd.,Capital Max Securities Ltd,2026-04-15 11:45:47.926279,Arun Valley Hydropower Development Co. Ltd.
2026041504005557,AHPC,42,62,240,295.4,70896.0,2026-04-15,186328468,360,Sani Securities Company Ltd.,Capital Max Securities Ltd,2026-04-15 11:46:46.385649,Arun Valley Hydropower Development Co. Ltd.
2026041504005604,AHPC,58,62,189,295.4,55830.6,2026-04-15,186328859,360,Naasa Securities Co. Ltd.,Capital Max Securities Ltd,2026-04-15 11:47:10.576667,Arun Valley Hydropower Development Co. Ltd.
2026041504005605,AHPC,58,19,90,295.5,26595.0,2026-04-15,186328861,360,Naasa Securities Co. Ltd.,Nepal Investment And Securities Trading Private Limited,2026-04-15 11:47:10.576947,Arun Valley Hydropower Development Co. Ltd.
2026041504005606,AHPC,58,58,30,295.5,8865.0,2026-04-15,186328863,360,Naasa Securities Co. Ltd.,Naasa Securities Co. Ltd.,2026-04-15 11:47:10.577078,Arun Valley Hydropower Development Co. Ltd.
2026041504005607,AHPC,58,45,1000,295.5,295500.0,2026-04-15,186328865,360,Naasa Securities Co. Ltd.,Imperial Securities Company Pvt. Ltd.,2026-04-15 11:47:10.577240,Arun Valley Hydropower Development Co. Ltd.
2026041504005608,AHPC,58,25,191,295.5,56440.5,2026-04-15,186328868,360,Naasa Securities Co. Ltd.,Sweta Securities Private Limited,2026-04-15 11:47:10.577392,Arun Valley Hydropower Development Co. Ltd.
2026041504005697,AHPC,63,25,150,295.5,44325.0,2026-04-15,186329317,360,Himalayan Brokerage Company Limited,Sweta Securities Private Limited,2026-04-15 11:47:36.141809,Arun Valley Hydropower Development Co. Ltd.
2026041504005698,AHPC,63,43,690,295.5,203895.0,2026-04-15,186329320,360,Himalayan Brokerage Company Limited,South Asian Bulls Pvt. Ltd.,2026-04-15 11:47:36.142341,Arun Valley Hydropower Development Co. Ltd.
2026041504005724,AHPC,65,54,405,295.4,119637.0,2026-04-15,186329509,360,Sharepro Securities Private Limited,Sewa Securities Pvt. Ltd.,2026-04-15 11:47:46.627088,Arun Valley Hydropower Development Co. Ltd.
2026041504005766,AHPC,52,16,500,295.8,147900.0,2026-04-15,186329759,360,Sundhara Securities Limited,Primo Securities (PVT) Ltd.,2026-04-15 11:48:00.396096,Arun Valley Hydropower Development Co. Ltd.
2026041504005767,AHPC,52,43,40,295.9,11836.0,2026-04-15,186329761,360,Sundhara Securities Limited,South Asian Bulls Pvt. Ltd.,2026-04-15 11:48:00.396645,Arun Valley Hydropower Development Co. Ltd.
2026041504005768,AHPC,52,43,805,296.0,238280.0,2026-04-15,186329763,360,Sundhara Securities Limited,South Asian Bulls Pvt. Ltd.,2026-04-15 11:48:00.397074,Arun Valley Hydropower Development Co. Ltd.
2026041504005769,AHPC,52,22,155,296.0,45880.0,2026-04-15,186329766,360,Sundhara Securities Limited,Siprabi Securities Pvt. Ltd.,2026-04-15 11:48:00.397532,Arun Valley Hydropower Development Co. Ltd.
2026041504005782,AHPC,42,22,4845,296.0,1434120.0,2026-04-15,186329879,360,Sani Securities Company Ltd.,Siprabi Securities Pvt. Ltd.,2026-04-15 11:48:06.548620,Arun Valley Hydropower Development Co. Ltd.
2026041504005783,AHPC,42,32,42,296.0,12432.0,2026-04-15,186329881,360,Sani Securities Company Ltd.,Premier Securities Company Ltd.,2026-04-15 11:48:06.548725,Arun Valley Hydropower Development Co. Ltd.
2026041504005784,AHPC,42,41,113,296.0,33448.0,2026-04-15,186329884,360,Sani Securities Company Ltd.,Linch Stock Market Ltd.,2026-04-15 11:48:06.548760,Arun Valley Hydropower Development Co. Ltd.
2026041504005820,AHPC,58,36,36,295.9,10652.4,2026-04-15,186330170,360,Naasa Securities Co. Ltd.,Secured Securities Ltd.,2026-04-15 11:48:23.166714,Arun Valley Hydropower Development Co. Ltd.
2026041504005830,AHPC,58,41,10,296.0,2960.0,2026-04-15,186330210,360,Naasa Securities Co. Ltd.,Linch Stock Market Ltd.,2026-04-15 11:48:26.881024,Arun Valley Hydropower Development Co. Ltd.
2026041504005880,AHPC,58,41,77,296.0,22792.0,2026-04-15,186330589,360,Naasa Securities Co. Ltd.,Linch Stock Market Ltd.,2026-04-15 11:48:47.041438,Arun Valley Hydropower Development Co. Ltd.
2026041504005881,AHPC,58,37,15,296.0,4440.0,2026-04-15,186330591,360,Naasa Securities Co. Ltd.,Swarna Laxmi Securities Pvt. Ltd.,2026-04-15 11:48:47.041562,Arun Valley Hydropower Development Co. Ltd.
2026041504005882,AHPC,58,45,160,296.0,47360.0,2026-04-15,186330593,360,Naasa Securities Co. Ltd.,Imperial Securities Company Pvt. Ltd.,2026-04-15 11:48:47.041652,Arun Valley Hydropower Development Co. Ltd.
2026041504005883,AHPC,58,49,44,296.0,13024.0,2026-04-15,186330595,360,Naasa Securities Co. Ltd.,Online Securities Pvt. Ltd.,2026-04-15 11:48:47.041716,Arun Valley Hydropower Development Co. Ltd.
2026041504005884,AHPC,58,13,200,296.0,59200.0,2026-04-15,186330597,360,Naasa Securities Co. Ltd.,Thrive Brokerage House Pvt. Ltd,2026-04-15 11:48:47.041782,Arun Valley Hydropower Development Co. Ltd.
2026041504005885,AHPC,58,48,631,296.0,186776.0,2026-04-15,186330599,360,Naasa Securities Co. Ltd.,Trishakti Securities Public Limited,2026-04-15 11:48:47.041852,Arun Valley Hydropower Development Co. Ltd.
2026041504005886,AHPC,58,16,10,296.0,2960.0,2026-04-15,186330601,360,Naasa Securities Co. Ltd.,Primo Securities (PVT) Ltd.,2026-04-15 11:48:47.041920,Arun Valley Hydropower Development Co. Ltd.
2026041504005887,AHPC,58,57,50,296.1,14805.0,2026-04-15,186330603,360,Naasa Securities Co. Ltd.,Aryatara Investment & Securities,2026-04-15 11:48:47.041991,Arun Valley Hydropower Development Co. Ltd.
2026041504005888,AHPC,58,1,50,296.1,14805.0,2026-04-15,186330605,360,Naasa Securities Co. Ltd.,Kumari Securities Private Limited,2026-04-15 11:48:47.042059,Arun Valley Hydropower Development Co. Ltd.
2026041504005889,AHPC,58,58,25,296.5,7412.5,2026-04-15,186330607,360,Naasa Securities Co. Ltd.,Naasa Securities Co. Ltd.,2026-04-15 11:48:47.042132,Arun Valley Hydropower Development Co. Ltd.
2026041504005890,AHPC,58,33,38,297.0,11286.0,2026-04-15,186330610,360,Naasa Securities Co. Ltd.,Dakshinkali Investment & Securities Pvt. Ltd.,2026-04-15 11:48:47.042202,Arun Valley Hydropower Development Co. Ltd.
2026041504005942,AHPC,57,83,100,296.0,29600.0,2026-04-15,186330961,360,Aryatara Investment & Securities,Sanima Securities Limited,2026-04-15 11:49:06.888431,Arun Valley Hydropower Development Co. Ltd.
2026041504005991,AHPC,58,33,10,297.0,2970.0,2026-04-15,186331582,360,Naasa Securities Co. Ltd.,Dakshinkali Investment & Securities Pvt. Ltd.,2026-04-15 11:49:21.532928,Arun Valley Hydropower Development Co. Ltd.
2026041504006108,AHPC,58,44,13,296.9,3859.7,2026-04-15,186332661,360,Naasa Securities Co. Ltd.,Dynamic Money Managers Securities Pvt. Ltd.,2026-04-15 11:49:55.728047,Arun Valley Hydropower Development Co. Ltd.
2026041504006173,AHPC,53,44,200,296.9,59380.0,2026-04-15,186332938,360,Investment Management Nepal Pvt. Ltd.,Dynamic Money Managers Securities Pvt. Ltd.,2026-04-15 11:50:10.121558,Arun Valley Hydropower Development Co. Ltd.
2026041504006180,AHPC,57,44,650,296.9,192985.0,2026-04-15,186333006,360,Aryatara Investment & Securities,Dynamic Money Managers Securities Pvt. Ltd.,2026-04-15 11:50:15.005125,Arun Valley Hydropower Development Co. Ltd.
2026041504006224,AHPC,49,44,137,296.9,40675.3,2026-04-15,186334047,360,Online Securities Pvt. Ltd.,Dynamic Money Managers Securities Pvt. Ltd.,2026-04-15 11:50:34.982525,Arun Valley Hydropower Development Co. Ltd.
2026041504006225,AHPC,49,40,300,296.9,89070.0,2026-04-15,186334049,360,Online Securities Pvt. Ltd.,Creative Securities Pvt Ltd,2026-04-15 11:50:34.982571,Arun Valley Hydropower Development Co. Ltd.
2026041504006226,AHPC,49,33,952,297.0,282744.0,2026-04-15,186334051,360,Online Securities Pvt. Ltd.,Dakshinkali Investment & Securities Pvt. Ltd.,2026-04-15 11:50:34.982607,Arun Valley Hydropower Development Co. Ltd.
2026041504006227,AHPC,49,42,500,297.0,148500.0,2026-04-15,186334053,360,Online Securities Pvt. Ltd.,Sani Securities Company Ltd.,2026-04-15 11:50:34.982646,Arun Valley Hydropower Development Co. Ltd.
2026041504006228,AHPC,49,58,25,297.0,7425.0,2026-04-15,186334055,360,Online Securities Pvt. Ltd.,Naasa Securities Co. Ltd.,2026-04-15 11:50:34.982676,Arun Valley Hydropower Development Co. Ltd.
2026041504006229,AHPC,49,48,27,297.0,8019.0,2026-04-15,186334057,360,Online Securities Pvt. Ltd.,Trishakti Securities Public Limited,2026-04-15 11:50:34.982702,Arun Valley Hydropower Development Co. Ltd.
2026041504006230,AHPC,49,28,3059,297.0,908523.0,2026-04-15,186334060,360,Online Securities Pvt. Ltd.,Shree Krishna Securities Ltd.,2026-04-15 11:50:34.982730,Arun Valley Hydropower Development Co. Ltd.
2026041504006297,AHPC,63,28,1000,297.0,297000.0,2026-04-15,186334636,360,Himalayan Brokerage Company Limited,Shree Krishna Securities Ltd.,2026-04-15 11:50:50.841879,Arun Valley Hydropower Development Co. Ltd.
2026041504006446,AHPC,85,49,3,295.0,885.0,2026-04-15,186335699,360,Capital Hub P. Ltd,Online Securities Pvt. Ltd.,2026-04-15 11:51:36.498970,Arun Valley Hydropower Development Co. Ltd.
2026041504006455,AHPC,63,4,75,295.9,22192.5,2026-04-15,186335810,360,Himalayan Brokerage Company Limited,Opal Securities Investment (PVT) Ltd.,2026-04-15 11:51:40.867150,Arun Valley Hydropower Development Co. Ltd.
2026041504006460,AHPC,57,4,20,295.9,5918.0,2026-04-15,186335840,360,Aryatara Investment & Securities,Opal Securities Investment (PVT) Ltd.,2026-04-15 11:51:42.771856,Arun Valley Hydropower Development Co. Ltd.
2026041504006504,AHPC,58,4,180,295.9,53262.0,2026-04-15,186336248,360,Naasa Securities Co. Ltd.,Opal Securities Investment (PVT) Ltd.,2026-04-15 11:52:00.542568,Arun Valley Hydropower Development Co. Ltd.
2026041504006510,AHPC,58,21,66,296.0,19536.0,2026-04-15,186336320,360,Naasa Securities Co. Ltd.,Midas Stock Broking Company Private Limited,2026-04-15 11:52:04.836588,Arun Valley Hydropower Development Co. Ltd.
2026041504006515,AHPC,58,28,10,297.0,2970.0,2026-04-15,186336446,360,Naasa Securities Co. Ltd.,Shree Krishna Securities Ltd.,2026-04-15 11:52:10.131360,Arun Valley Hydropower Development Co. Ltd.
2026041504006531,AHPC,42,28,10,297.0,2970.0,2026-04-15,186336600,360,Sani Securities Company Ltd.,Shree Krishna Securities Ltd.,2026-04-15 11:52:18.175865,Arun Valley Hydropower Development Co. Ltd.
2026041504006620,AHPC,83,28,921,297.0,273537.0,2026-04-15,186337523,360,Sanima Securities Limited,Shree Krishna Securities Ltd.,2026-04-15 11:52:50.106344,Arun Valley Hydropower Development Co. Ltd.
2026041504006621,AHPC,83,32,50,297.0,14850.0,2026-04-15,186337525,360,Sanima Securities Limited,Premier Securities Company Ltd.,2026-04-15 11:52:50.106666,Arun Valley Hydropower Development Co. Ltd.
2026041504006622,AHPC,83,41,29,297.0,8613.0,2026-04-15,186337528,360,Sanima Securities Limited,Linch Stock Market Ltd.,2026-04-15 11:52:50.106791,Arun Valley Hydropower Development Co. Ltd.
2026041504006626,AHPC,49,41,10,297.0,2970.0,2026-04-15,186337546,360,Online Securities Pvt. Ltd.,Linch Stock Market Ltd.,2026-04-15 11:52:51.589790,Arun Valley Hydropower Development Co. Ltd.
2026041504006746,AHPC,32,41,100,297.0,29700.0,2026-04-15,186338176,360,Premier Securities Company Ltd.,Linch Stock Market Ltd.,2026-04-15 11:53:22.219411,Arun Valley Hydropower Development Co. Ltd.
2026041504006765,AHPC,81,43,40,296.9,11876.0,2026-04-15,186338271,360,Aakashbhairab Securities Ltd.,South Asian Bulls Pvt. Ltd.,2026-04-15 11:53:29.226820,Arun Valley Hydropower Development Co. Ltd.
2026041504006766,AHPC,81,41,279,297.0,82863.0,2026-04-15,186338273,360,Aakashbhairab Securities Ltd.,Linch Stock Market Ltd.,2026-04-15 11:53:29.227385,Arun Valley Hydropower Development Co. Ltd.
2026041504006767,AHPC,81,17,1000,297.7,297700.0,2026-04-15,186338275,360,Aakashbhairab Securities Ltd.,ABC Securities Private Limited,2026-04-15 11:53:29.227745,Arun Valley Hydropower Development Co. Ltd.
2026041504006768,AHPC,81,44,1000,297.8,297800.0,2026-04-15,186338277,360,Aakashbhairab Securities Ltd.,Dynamic Money Managers Securities Pvt. Ltd.,2026-04-15 11:53:29.228109,Arun Valley Hydropower Development Co. Ltd.
2026041504006769,AHPC,81,50,150,297.9,44685.0,2026-04-15,186338279,360,Aakashbhairab Securities Ltd.,Cristal Kanchanjanga Securites Pvt. Ltd.,2026-04-15 11:53:29.228480,Arun Valley Hydropower Development Co. Ltd.
2026041504006770,AHPC,81,42,500,297.9,148950.0,2026-04-15,186338281,360,Aakashbhairab Securities Ltd.,Sani Securities Company Ltd.,2026-04-15 11:53:29.228828,Arun Valley Hydropower Development Co. Ltd.
2026041504006771,AHPC,81,42,36,298.0,10728.0,2026-04-15,186338283,360,Aakashbhairab Securities Ltd.,Sani Securities Company Ltd.,2026-04-15 11:53:29.229188,Arun Valley Hydropower Development Co. Ltd.
2026041504006772,AHPC,81,74,200,298.0,59600.0,2026-04-15,186338285,360,Aakashbhairab Securities Ltd.,KALASH STOCK MARKET PVT. LTD.,2026-04-15 11:53:29.229549,Arun Valley Hydropower Development Co. Ltd.
2026041504006773,AHPC,81,41,515,298.0,153470.0,2026-04-15,186338287,360,Aakashbhairab Securities Ltd.,Linch Stock Market Ltd.,2026-04-15 11:53:29.229923,Arun Valley Hydropower Development Co. Ltd.
2026041504006774,AHPC,81,28,5000,298.0,1490000.0,2026-04-15,186338289,360,Aakashbhairab Securities Ltd.,Shree Krishna Securities Ltd.,2026-04-15 11:53:29.230278,Arun Valley Hydropower Development Co. Ltd.
2026041504006775,AHPC,81,56,10,298.0,2980.0,2026-04-15,186338291,360,Aakashbhairab Securities Ltd.,Sri Hari Securities Pvt. Ltd.,2026-04-15 11:53:29.230640,Arun Valley Hydropower Development Co. Ltd.
2026041504006776,AHPC,81,11,10,298.0,2980.0,2026-04-15,186338293,360,Aakashbhairab Securities Ltd.,Malla & Malla Stock Broking Company Pvt. Limited,2026-04-15 11:53:29.230987,Arun Valley Hydropower Development Co. Ltd.
2026041504006777,AHPC,81,50,100,298.0,29800.0,2026-04-15,186338295,360,Aakashbhairab Securities Ltd.,Cristal Kanchanjanga Securites Pvt. Ltd.,2026-04-15 11:53:29.231348,Arun Valley Hydropower Development Co. Ltd.
2026041504006778,AHPC,81,49,550,298.0,163900.0,2026-04-15,186338297,360,Aakashbhairab Securities Ltd.,Online Securities Pvt. Ltd.,2026-04-15 11:53:29.231688,Arun Valley Hydropower Development Co. Ltd.
2026041504006779,AHPC,81,19,500,298.0,149000.0,2026-04-15,186338299,360,Aakashbhairab Securities Ltd.,Nepal Investment And Securities Trading Private Limited,2026-04-15 11:53:29.232032,Arun Valley Hydropower Development Co. Ltd.
2026041504006780,AHPC,81,54,50,298.0,14900.0,2026-04-15,186338301,360,Aakashbhairab Securities Ltd.,Sewa Securities Pvt. Ltd.,2026-04-15 11:53:29.232391,Arun Valley Hydropower Development Co. Ltd.
2026041504006802,AHPC,58,32,35,298.8,10458.0,2026-04-15,186338511,360,Naasa Securities Co. Ltd.,Premier Securities Company Ltd.,2026-04-15 11:53:39.245892,Arun Valley Hydropower Development Co. Ltd.
2026041504006803,AHPC,58,45,15,299.0,4485.0,2026-04-15,186338514,360,Naasa Securities Co. Ltd.,Imperial Securities Company Pvt. Ltd.,2026-04-15 11:53:39.245944,Arun Valley Hydropower Development Co. Ltd.
2026041504007043,AHPC,81,40,26,298.0,7748.0,2026-04-15,186340721,360,Aakashbhairab Securities Ltd.,Creative Securities Pvt Ltd,2026-04-15 11:55:23.793015,Arun Valley Hydropower Development Co. Ltd.
2026041504007114,AHPC,81,28,34,298.0,10132.0,2026-04-15,186341100,360,Aakashbhairab Securities Ltd.,Shree Krishna Securities Ltd.,2026-04-15 11:55:41.442654,Arun Valley Hydropower Development Co. Ltd.
2026041504007115,AHPC,58,28,66,298.0,19668.0,2026-04-15,186341101,360,Naasa Securities Co. Ltd.,Shree Krishna Securities Ltd.,2026-04-15 11:55:41.442912,Arun Valley Hydropower Development Co. Ltd.
2026041504007219,AHPC,58,34,84,298.0,25032.0,2026-04-15,186342170,360,Naasa Securities Co. Ltd.,Vision Securities Pvt. Ltd,2026-04-15 11:56:25.338944,Arun Valley Hydropower Development Co. Ltd.
2026041504007280,AHPC,64,34,16,297.2,4755.2,2026-04-15,186342481,360,SUN SECURITIES PVT LTD,Vision Securities Pvt. Ltd,2026-04-15 11:56:44.754995,Arun Valley Hydropower Development Co. Ltd.
2026041504007306,AHPC,81,5,1000,298.0,298000.0,2026-04-15,186342635,360,Aakashbhairab Securities Ltd.,Market Securities & Exchange (PVT) Ltd.,2026-04-15 11:56:53.193902,Arun Valley Hydropower Development Co. Ltd.
2026041504007307,AHPC,81,8,250,298.8,74700.0,2026-04-15,186342637,360,Aakashbhairab Securities Ltd.,Brilliant Securities Pvt. Ltd.,2026-04-15 11:56:53.194470,Arun Valley Hydropower Development Co. Ltd.
2026041504007308,AHPC,81,62,103,298.9,30786.7,2026-04-15,186342639,360,Aakashbhairab Securities Ltd.,Capital Max Securities Ltd,2026-04-15 11:56:53.194848,Arun Valley Hydropower Development Co. Ltd.
2026041504007309,AHPC,81,48,500,298.9,149450.0,2026-04-15,186342641,360,Aakashbhairab Securities Ltd.,Trishakti Securities Public Limited,2026-04-15 11:56:53.195212,Arun Valley Hydropower Development Co. Ltd.
2026041504007310,AHPC,81,59,500,299.0,149500.0,2026-04-15,186342643,360,Aakashbhairab Securities Ltd.,Deevyaa Securities & Stock House Pvt. Ltd,2026-04-15 11:56:53.195605,Arun Valley Hydropower Development Co. Ltd.
2026041504007311,AHPC,81,58,119,299.0,35581.0,2026-04-15,186342645,360,Aakashbhairab Securities Ltd.,Naasa Securities Co. Ltd.,2026-04-15 11:56:53.195969,Arun Valley Hydropower Development Co. Ltd.
2026041504007312,AHPC,81,62,200,299.0,59800.0,2026-04-15,186342647,360,Aakashbhairab Securities Ltd.,Capital Max Securities Ltd,2026-04-15 11:56:53.196348,Arun Valley Hydropower Development Co. Ltd.
2026041504007313,AHPC,81,36,200,299.0,59800.0,2026-04-15,186342649,360,Aakashbhairab Securities Ltd.,Secured Securities Ltd.,2026-04-15 11:56:53.196713,Arun Valley Hydropower Development Co. Ltd.
2026041504007314,AHPC,81,95,500,299.0,149500.0,2026-04-15,186342651,360,Aakashbhairab Securities Ltd.,Magnet Securities and Investment Company Private Limited,2026-04-15 11:56:53.197067,Arun Valley Hydropower Development Co. Ltd.
2026041504007315,AHPC,81,63,500,299.0,149500.0,2026-04-15,186342653,360,Aakashbhairab Securities Ltd.,Himalayan Brokerage Company Limited,2026-04-15 11:56:53.197427,Arun Valley Hydropower Development Co. Ltd.
2026041504007316,AHPC,81,14,300,299.0,89700.0,2026-04-15,186342655,360,Aakashbhairab Securities Ltd.,Nepal Stock House (PVT) Ltd.,2026-04-15 11:56:53.197783,Arun Valley Hydropower Development Co. Ltd.
2026041504007317,AHPC,81,11,10,299.0,2990.0,2026-04-15,186342659,360,Aakashbhairab Securities Ltd.,Malla & Malla Stock Broking Company Pvt. Limited,2026-04-15 11:56:53.198135,Arun Valley Hydropower Development Co. Ltd.
2026041504007318,AHPC,81,51,30,299.0,8970.0,2026-04-15,186342661,360,Aakashbhairab Securities Ltd.,Oxford Securities Pvt. Ltd.,2026-04-15 11:56:53.198507,Arun Valley Hydropower Development Co. Ltd.
2026041504007319,AHPC,81,38,50,299.0,14950.0,2026-04-15,186342663,360,Aakashbhairab Securities Ltd.,Dipshikha Dhitopatra Karobar Co. Pvt Ltd.,2026-04-15 11:56:53.198871,Arun Valley Hydropower Development Co. Ltd.
2026041504007320,AHPC,81,28,100,299.0,29900.0,2026-04-15,186342665,360,Aakashbhairab Securities Ltd.,Shree Krishna Securities Ltd.,2026-04-15 11:56:53.199231,Arun Valley Hydropower Development Co. Ltd.
2026041504007321,AHPC,81,58,200,299.0,59800.0,2026-04-15,186342667,360,Aakashbhairab Securities Ltd.,Naasa Securities Co. Ltd.,2026-04-15 11:56:53.199607,Arun Valley Hydropower Development Co. Ltd.
2026041504007322,AHPC,81,44,374,299.0,111826.0,2026-04-15,186342669,360,Aakashbhairab Securities Ltd.,Dynamic Money Managers Securities Pvt. Ltd.,2026-04-15 11:56:53.199991,Arun Valley Hydropower Development Co. Ltd.
2026041504007331,AHPC,81,33,64,299.0,19136.0,2026-04-15,186342719,360,Aakashbhairab Securities Ltd.,Dakshinkali Investment & Securities Pvt. Ltd.,2026-04-15 11:56:55.648467,Arun Valley Hydropower Development Co. Ltd.
2026041504007332,AHPC,64,33,36,297.2,10699.2,2026-04-15,186342720,360,SUN SECURITIES PVT LTD,Dakshinkali Investment & Securities Pvt. Ltd.,2026-04-15 11:56:55.648728,Arun Valley Hydropower Development Co. Ltd.
2026041504007389,AHPC,38,17,1000,299.7,299700.0,2026-04-15,186342998,360,Dipshikha Dhitopatra Karobar Co. Pvt Ltd.,ABC Securities Private Limited,2026-04-15 11:57:03.415954,Arun Valley Hydropower Development Co. Ltd.
2026041504007440,AHPC,58,39,10,299.8,2998.0,2026-04-15,186343210,360,Naasa Securities Co. Ltd.,Sumeru Securities Pvt. Ltd.,2026-04-15 11:57:14.347419,Arun Valley Hydropower Development Co. Ltd.
2026041504007539,AHPC,64,3,48,297.2,14265.6,2026-04-15,186344020,360,SUN SECURITIES PVT LTD,Arun Securities (PVT) Ltd.,2026-04-15 11:57:51.627438,Arun Valley Hydropower Development Co. Ltd.
2026041504007550,AHPC,35,3,200,297.2,59440.0,2026-04-15,186344126,360,Kohinoor Investment & Securities Pvt. Ltd.,Arun Securities (PVT) Ltd.,2026-04-15 11:57:57.202599,Arun Valley Hydropower Development Co. Ltd.
2026041504007667,AHPC,32,36,200,299.0,59800.0,2026-04-15,186344770,360,Premier Securities Company Ltd.,Secured Securities Ltd.,2026-04-15 11:58:22.754581,Arun Valley Hydropower Development Co. Ltd.
2026041504007681,AHPC,58,6,10,299.7,2997.0,2026-04-15,186344936,360,Naasa Securities Co. Ltd.,Agrawal Securities (PVT) Ltd.,2026-04-15 11:58:33.501433,Arun Valley Hydropower Development Co. Ltd.
2026041504007828,AHPC,52,34,300,298.6,89580.0,2026-04-15,186346084,360,Sundhara Securities Limited,Vision Securities Pvt. Ltd,2026-04-15 11:59:15.153725,Arun Valley Hydropower Development Co. Ltd.
2026041504007911,AHPC,52,34,100,298.6,29860.0,2026-04-15,186346788,360,Sundhara Securities Limited,Vision Securities Pvt. Ltd,2026-04-15 11:59:46.457438,Arun Valley Hydropower Development Co. Ltd.
2026041504007949,AHPC,63,34,122,298.6,36429.2,2026-04-15,186346994,360,Himalayan Brokerage Company Limited,Vision Securities Pvt. Ltd,2026-04-15 11:59:54.771983,Arun Valley Hydropower Development Co. Ltd.
2026041504008012,AHPC,58,4,50,299.5,14975.0,2026-04-15,186347299,360,Naasa Securities Co. Ltd.,Opal Securities Investment (PVT) Ltd.,2026-04-15 12:00:07.262200,Arun Valley Hydropower Development Co. Ltd.
2026041504008013,AHPC,58,8,10,299.6,2996.0,2026-04-15,186347302,360,Naasa Securities Co. Ltd.,Brilliant Securities Pvt. Ltd.,2026-04-15 12:00:07.262349,Arun Valley Hydropower Development Co. Ltd.
2026041504008026,AHPC,34,35,11,298.6,3284.6,2026-04-15,186347427,360,Vision Securities Pvt. Ltd,Kohinoor Investment & Securities Pvt. Ltd.,2026-04-15 12:00:12.185360,Arun Valley Hydropower Development Co. Ltd.
2026041504008033,AHPC,47,8,100,299.6,29960.0,2026-04-15,186347502,360,Neev Securities Pvt. Ltd.,Brilliant Securities Pvt. Ltd.,2026-04-15 12:00:14.826219,Arun Valley Hydropower Development Co. Ltd.
2026041504008132,AHPC,63,17,500,299.4,149700.0,2026-04-15,186348208,360,Himalayan Brokerage Company Limited,ABC Securities Private Limited,2026-04-15 12:00:57.917456,Arun Valley Hydropower Development Co. Ltd.
2026041504008291,AHPC,56,34,50,299.3,14965.0,2026-04-15,186349027,360,Sri Hari Securities Pvt. Ltd.,Vision Securities Pvt. Ltd,2026-04-15 12:01:43.386037,Arun Valley Hydropower Development Co. Ltd.
2026041504008292,AHPC,56,14,53,299.4,15868.2,2026-04-15,186349029,360,Sri Hari Securities Pvt. Ltd.,Nepal Stock House (PVT) Ltd.,2026-04-15 12:01:43.386617,Arun Valley Hydropower Development Co. Ltd.
2026041504008293,AHPC,56,54,33,299.4,9880.2,2026-04-15,186349031,360,Sri Hari Securities Pvt. Ltd.,Sewa Securities Pvt. Ltd.,2026-04-15 12:01:43.387026,Arun Valley Hydropower Development Co. Ltd.
2026041504008294,AHPC,56,51,315,299.5,94342.5,2026-04-15,186349033,360,Sri Hari Securities Pvt. Ltd.,Oxford Securities Pvt. Ltd.,2026-04-15 12:01:43.387434,Arun Valley Hydropower Development Co. Ltd.
2026041504008295,AHPC,56,8,99,299.6,29660.4,2026-04-15,186349036,360,Sri Hari Securities Pvt. Ltd.,Brilliant Securities Pvt. Ltd.,2026-04-15 12:01:43.387817,Arun Valley Hydropower Development Co. Ltd.
2026041504008296,AHPC,70,8,41,299.6,12283.6,2026-04-15,186349039,360,Infinity Securities Limited,Brilliant Securities Pvt. Ltd.,2026-04-15 12:01:43.883743,Arun Valley Hydropower Development Co. Ltd.
2026041504008297,AHPC,70,38,200,299.6,59920.0,2026-04-15,186349041,360,Infinity Securities Limited,Dipshikha Dhitopatra Karobar Co. Pvt Ltd.,2026-04-15 12:01:43.884034,Arun Valley Hydropower Development Co. Ltd.
2026041504008298,AHPC,70,43,50,299.6,14980.0,2026-04-15,186349043,360,Infinity Securities Limited,South Asian Bulls Pvt. Ltd.,2026-04-15 12:01:43.884171,Arun Valley Hydropower Development Co. Ltd.
2026041504008299,AHPC,70,6,490,299.7,146853.0,2026-04-15,186349045,360,Infinity Securities Limited,Agrawal Securities (PVT) Ltd.,2026-04-15 12:01:43.884298,Arun Valley Hydropower Development Co. Ltd.
2026041504008300,AHPC,70,48,100,299.7,29970.0,2026-04-15,186349047,360,Infinity Securities Limited,Trishakti Securities Public Limited,2026-04-15 12:01:43.884437,Arun Valley Hydropower Development Co. Ltd.
2026041504008301,AHPC,70,34,400,299.7,119880.0,2026-04-15,186349049,360,Infinity Securities Limited,Vision Securities Pvt. Ltd,2026-04-15 12:01:43.884562,Arun Valley Hydropower Development Co. Ltd.
2026041504008302,AHPC,70,1,500,299.7,149850.0,2026-04-15,186349051,360,Infinity Securities Limited,Kumari Securities Private Limited,2026-04-15 12:01:43.884686,Arun Valley Hydropower Development Co. Ltd.
2026041504008303,AHPC,70,1,800,299.7,239760.0,2026-04-15,186349053,360,Infinity Securities Limited,Kumari Securities Private Limited,2026-04-15 12:01:43.884816,Arun Valley Hydropower Development Co. Ltd.
2026041504008304,AHPC,70,39,490,299.8,146902.0,2026-04-15,186349055,360,Infinity Securities Limited,Sumeru Securities Pvt. Ltd.,2026-04-15 12:01:43.884946,Arun Valley Hydropower Development Co. Ltd.
2026041504008305,AHPC,70,59,62,299.8,18587.6,2026-04-15,186349057,360,Infinity Securities Limited,Deevyaa Securities & Stock House Pvt. Ltd,2026-04-15 12:01:43.885074,Arun Valley Hydropower Development Co. Ltd.
2026041504008306,AHPC,70,91,2015,299.8,604097.0,2026-04-15,186349059,360,Infinity Securities Limited,Citizens Share Broker Limited,2026-04-15 12:01:43.885230,Arun Valley Hydropower Development Co. Ltd.
2026041504008307,AHPC,70,58,22,299.8,6595.6,2026-04-15,186349061,360,Infinity Securities Limited,Naasa Securities Co. Ltd.,2026-04-15 12:01:43.885396,Arun Valley Hydropower Development Co. Ltd.
2026041504008308,AHPC,70,58,100,299.8,29980.0,2026-04-15,186349063,360,Infinity Securities Limited,Naasa Securities Co. Ltd.,2026-04-15 12:01:43.885547,Arun Valley Hydropower Development Co. Ltd.
2026041504008309,AHPC,70,57,200,299.9,59980.0,2026-04-15,186349065,360,Infinity Securities Limited,Aryatara Investment & Securities,2026-04-15 12:01:43.885677,Arun Valley Hydropower Development Co. Ltd.
2026041504008310,AHPC,70,34,25,299.9,7497.5,2026-04-15,186349067,360,Infinity Securities Limited,Vision Securities Pvt. Ltd,2026-04-15 12:01:43.885802,Arun Valley Hydropower Development Co. Ltd.
2026041504008311,AHPC,70,11,500,299.9,149950.0,2026-04-15,186349069,360,Infinity Securities Limited,Malla & Malla Stock Broking Company Pvt. Limited,2026-04-15 12:01:43.885928,Arun Valley Hydropower Development Co. Ltd.
2026041504008312,AHPC,70,26,100,299.9,29990.0,2026-04-15,186349071,360,Infinity Securities Limited,Asian Securities Private Ltd.,2026-04-15 12:01:43.886048,Arun Valley Hydropower Development Co. Ltd.
2026041504008313,AHPC,70,39,1133,299.9,339786.7,2026-04-15,186349073,360,Infinity Securities Limited,Sumeru Securities Pvt. Ltd.,2026-04-15 12:01:43.886196,Arun Valley Hydropower Development Co. Ltd.
2026041504008314,AHPC,70,26,170,299.9,50983.0,2026-04-15,186349075,360,Infinity Securities Limited,Asian Securities Private Ltd.,2026-04-15 12:01:43.886354,Arun Valley Hydropower Development Co. Ltd.
2026041504008315,AHPC,70,77,1357,300.0,407100.0,2026-04-15,186349077,360,Infinity Securities Limited,Nabil Stock Dealer Ltd.,2026-04-15 12:01:43.886497,Arun Valley Hydropower Development Co. Ltd.
2026041504008316,AHPC,70,58,20,300.0,6000.0,2026-04-15,186349079,360,Infinity Securities Limited,Naasa Securities Co. Ltd.,2026-04-15 12:01:43.886622,Arun Valley Hydropower Development Co. Ltd.
2026041504008317,AHPC,70,41,1050,300.0,315000.0,2026-04-15,186349081,360,Infinity Securities Limited,Linch Stock Market Ltd.,2026-04-15 12:01:43.886736,Arun Valley Hydropower Development Co. Ltd.
2026041504008318,AHPC,70,3,1000,300.0,300000.0,2026-04-15,186349083,360,Infinity Securities Limited,Arun Securities (PVT) Ltd.,2026-04-15 12:01:43.886858,Arun Valley Hydropower Development Co. Ltd.
2026041504008319,AHPC,70,58,11,300.0,3300.0,2026-04-15,186349085,360,Infinity Securities Limited,Naasa Securities Co. Ltd.,2026-04-15 12:01:43.886971,Arun Valley Hydropower Development Co. Ltd.
2026041504008320,AHPC,70,51,60,300.0,18000.0,2026-04-15,186349087,360,Infinity Securities Limited,Oxford Securities Pvt. Ltd.,2026-04-15 12:01:43.887107,Arun Valley Hydropower Development Co. Ltd.
2026041504008321,AHPC,70,1,200,300.0,60000.0,2026-04-15,186349089,360,Infinity Securities Limited,Kumari Securities Private Limited,2026-04-15 12:01:43.887253,Arun Valley Hydropower Development Co. Ltd.
2026041504008322,AHPC,70,34,100,300.0,30000.0,2026-04-15,186349091,360,Infinity Securities Limited,Vision Securities Pvt. Ltd,2026-04-15 12:01:43.887395,Arun Valley Hydropower Development Co. Ltd.
2026041504008323,AHPC,70,57,100,300.0,30000.0,2026-04-15,186349093,360,Infinity Securities Limited,Aryatara Investment & Securities,2026-04-15 12:01:43.887515,Arun Valley Hydropower Development Co. Ltd.
2026041504008324,AHPC,70,20,105,300.0,31500.0,2026-04-15,186349095,360,Infinity Securities Limited,Sipla Securities Private Limited,2026-04-15 12:01:43.887623,Arun Valley Hydropower Development Co. Ltd.
2026041504008325,AHPC,70,40,1000,300.0,300000.0,2026-04-15,186349097,360,Infinity Securities Limited,Creative Securities Pvt Ltd,2026-04-15 12:01:43.887735,Arun Valley Hydropower Development Co. Ltd.
2026041504008326,AHPC,70,34,300,300.0,90000.0,2026-04-15,186349099,360,Infinity Securities Limited,Vision Securities Pvt. Ltd,2026-04-15 12:01:43.887847,Arun Valley Hydropower Development Co. Ltd.
2026041504008327,AHPC,70,48,245,300.0,73500.0,2026-04-15,186349101,360,Infinity Securities Limited,Trishakti Securities Public Limited,2026-04-15 12:01:43.887970,Arun Valley Hydropower Development Co. Ltd.
2026041504008328,AHPC,70,45,73,300.0,21900.0,2026-04-15,186349103,360,Infinity Securities Limited,Imperial Securities Company Pvt. Ltd.,2026-04-15 12:01:43.888097,Arun Valley Hydropower Development Co. Ltd.
2026041504008329,AHPC,70,59,20,300.0,6000.0,2026-04-15,186349105,360,Infinity Securities Limited,Deevyaa Securities & Stock House Pvt. Ltd,2026-04-15 12:01:43.888233,Arun Valley Hydropower Development Co. Ltd.
2026041504008330,AHPC,70,11,200,300.0,60000.0,2026-04-15,186349107,360,Infinity Securities Limited,Malla & Malla Stock Broking Company Pvt. Limited,2026-04-15 12:01:43.888371,Arun Valley Hydropower Development Co. Ltd.
2026041504008331,AHPC,70,49,150,300.0,45000.0,2026-04-15,186349109,360,Infinity Securities Limited,Online Securities Pvt. Ltd.,2026-04-15 12:01:43.888493,Arun Valley Hydropower Development Co. Ltd.
2026041504008332,AHPC,70,85,1000,300.0,300000.0,2026-04-15,186349111,360,Infinity Securities Limited,Capital Hub P. Ltd,2026-04-15 12:01:43.888600,Arun Valley Hydropower Development Co. Ltd.
2026041504008333,AHPC,70,58,500,300.0,150000.0,2026-04-15,186349113,360,Infinity Securities Limited,Naasa Securities Co. Ltd.,2026-04-15 12:01:43.888709,Arun Valley Hydropower Development Co. Ltd.
2026041504008334,AHPC,70,57,20,300.0,6000.0,2026-04-15,186349115,360,Infinity Securities Limited,Aryatara Investment & Securities,2026-04-15 12:01:43.888815,Arun Valley Hydropower Development Co. Ltd.
2026041504008335,AHPC,70,6,500,300.0,150000.0,2026-04-15,186349117,360,Infinity Securities Limited,Agrawal Securities (PVT) Ltd.,2026-04-15 12:01:43.888933,Arun Valley Hydropower Development Co. Ltd.
2026041504008336,AHPC,70,16,1000,300.0,300000.0,2026-04-15,186349119,360,Infinity Securities Limited,Primo Securities (PVT) Ltd.,2026-04-15 12:01:43.889092,Arun Valley Hydropower Development Co. Ltd.
2026041504008337,AHPC,70,42,50,300.0,15000.0,2026-04-15,186349121,360,Infinity Securities Limited,Sani Securities Company Ltd.,2026-04-15 12:01:43.889220,Arun Valley Hydropower Development Co. Ltd.
2026041504008338,AHPC,70,48,10,300.0,3000.0,2026-04-15,186349123,360,Infinity Securities Limited,Trishakti Securities Public Limited,2026-04-15 12:01:43.889345,Arun Valley Hydropower Development Co. Ltd.
2026041504008339,AHPC,70,29,500,300.0,150000.0,2026-04-15,186349125,360,Infinity Securities Limited,Trisul Securities & Invt. Ltd.,2026-04-15 12:01:43.889450,Arun Valley Hydropower Development Co. Ltd.
2026041504008340,AHPC,70,45,183,300.0,54900.0,2026-04-15,186349127,360,Infinity Securities Limited,Imperial Securities Company Pvt. Ltd.,2026-04-15 12:01:43.889559,Arun Valley Hydropower Development Co. Ltd.
2026041504008341,AHPC,70,49,600,300.0,180000.0,2026-04-15,186349129,360,Infinity Securities Limited,Online Securities Pvt. Ltd.,2026-04-15 12:01:43.889670,Arun Valley Hydropower Development Co. Ltd.
2026041504008342,AHPC,70,58,10,300.0,3000.0,2026-04-15,186349131,360,Infinity Securities Limited,Naasa Securities Co. Ltd.,2026-04-15 12:01:43.889785,Arun Valley Hydropower Development Co. Ltd.
2026041504008343,AHPC,70,22,100,300.0,30000.0,2026-04-15,186349133,360,Infinity Securities Limited,Siprabi Securities Pvt. Ltd.,2026-04-15 12:01:43.889906,Arun Valley Hydropower Development Co. Ltd.
2026041504008344,AHPC,70,45,500,300.0,150000.0,2026-04-15,186349135,360,Infinity Securities Limited,Imperial Securities Company Pvt. Ltd.,2026-04-15 12:01:43.890045,Arun Valley Hydropower Development Co. Ltd.
2026041504008345,AHPC,70,36,1638,300.0,491400.0,2026-04-15,186349138,360,Infinity Securities Limited,Secured Securities Ltd.,2026-04-15 12:01:43.890156,Arun Valley Hydropower Development Co. Ltd.
2026041504008524,AHPC,45,48,12,299.0,3588.0,2026-04-15,186350121,360,Imperial Securities Company Pvt. Ltd.,Trishakti Securities Public Limited,2026-04-15 12:02:37.203171,Arun Valley Hydropower Development Co. Ltd.
2026041504008569,AHPC,58,36,10,300.0,3000.0,2026-04-15,186350426,360,Naasa Securities Co. Ltd.,Secured Securities Ltd.,2026-04-15 12:02:51.400878,Arun Valley Hydropower Development Co. Ltd.
2026041504008595,AHPC,81,34,100,299.9,29990.0,2026-04-15,186350621,360,Aakashbhairab Securities Ltd.,Vision Securities Pvt. Ltd,2026-04-15 12:03:02.637275,Arun Valley Hydropower Development Co. Ltd.
2026041504008596,AHPC,81,36,1597,300.0,479100.0,2026-04-15,186350623,360,Aakashbhairab Securities Ltd.,Secured Securities Ltd.,2026-04-15 12:03:02.637570,Arun Valley Hydropower Development Co. Ltd.
2026041504008597,AHPC,81,52,100,300.0,30000.0,2026-04-15,186350625,360,Aakashbhairab Securities Ltd.,Sundhara Securities Limited,2026-04-15 12:03:02.637680,Arun Valley Hydropower Development Co. Ltd.
2026041504008598,AHPC,81,48,50,300.0,15000.0,2026-04-15,186350627,360,Aakashbhairab Securities Ltd.,Trishakti Securities Public Limited,2026-04-15 12:03:02.637782,Arun Valley Hydropower Development Co. Ltd.
2026041504008599,AHPC,81,28,100,300.0,30000.0,2026-04-15,186350629,360,Aakashbhairab Securities Ltd.,Shree Krishna Securities Ltd.,2026-04-15 12:03:02.637882,Arun Valley Hydropower Development Co. Ltd.
2026041504008600,AHPC,81,50,10,300.0,3000.0,2026-04-15,186350631,360,Aakashbhairab Securities Ltd.,Cristal Kanchanjanga Securites Pvt. Ltd.,2026-04-15 12:03:02.638001,Arun Valley Hydropower Development Co. Ltd.
2026041504008601,AHPC,81,50,43,300.0,12900.0,2026-04-15,186350634,360,Aakashbhairab Securities Ltd.,Cristal Kanchanjanga Securites Pvt. Ltd.,2026-04-15 12:03:02.638114,Arun Valley Hydropower Development Co. Ltd.
2026041504008630,AHPC,11,50,457,300.0,137100.0,2026-04-15,186350821,360,Malla & Malla Stock Broking Company Pvt. Limited,Cristal Kanchanjanga Securites Pvt. Ltd.,2026-04-15 12:03:09.453367,Arun Valley Hydropower Development Co. Ltd.
2026041504008631,AHPC,11,38,669,300.0,200700.0,2026-04-15,186350823,360,Malla & Malla Stock Broking Company Pvt. Limited,Dipshikha Dhitopatra Karobar Co. Pvt Ltd.,2026-04-15 12:03:09.453648,Arun Valley Hydropower Development Co. Ltd.
2026041504008632,AHPC,11,4,100,300.0,30000.0,2026-04-15,186350825,360,Malla & Malla Stock Broking Company Pvt. Limited,Opal Securities Investment (PVT) Ltd.,2026-04-15 12:03:09.453762,Arun Valley Hydropower Development Co. Ltd.
2026041504008633,AHPC,11,34,400,300.0,120000.0,2026-04-15,186350827,360,Malla & Malla Stock Broking Company Pvt. Limited,Vision Securities Pvt. Ltd,2026-04-15 12:03:09.453865,Arun Valley Hydropower Development Co. Ltd.
2026041504008634,AHPC,11,6,500,300.0,150000.0,2026-04-15,186350829,360,Malla & Malla Stock Broking Company Pvt. Limited,Agrawal Securities (PVT) Ltd.,2026-04-15 12:03:09.453967,Arun Valley Hydropower Development Co. Ltd.
2026041504008635,AHPC,11,38,100,300.0,30000.0,2026-04-15,186350831,360,Malla & Malla Stock Broking Company Pvt. Limited,Dipshikha Dhitopatra Karobar Co. Pvt Ltd.,2026-04-15 12:03:09.454089,Arun Valley Hydropower Development Co. Ltd.
2026041504008636,AHPC,11,51,100,300.0,30000.0,2026-04-15,186350833,360,Malla & Malla Stock Broking Company Pvt. Limited,Oxford Securities Pvt. Ltd.,2026-04-15 12:03:09.454190,Arun Valley Hydropower Development Co. Ltd.
2026041504008637,AHPC,11,36,134,300.0,40200.0,2026-04-15,186350835,360,Malla & Malla Stock Broking Company Pvt. Limited,Secured Securities Ltd.,2026-04-15 12:03:09.454286,Arun Valley Hydropower Development Co. Ltd.
2026041504008638,AHPC,11,14,40,300.0,12000.0,2026-04-15,186350838,360,Malla & Malla Stock Broking Company Pvt. Limited,Nepal Stock House (PVT) Ltd.,2026-04-15 12:03:09.454391,Arun Valley Hydropower Development Co. Ltd.
2026041504008646,AHPC,58,14,170,300.0,51000.0,2026-04-15,186350941,360,Naasa Securities Co. Ltd.,Nepal Stock House (PVT) Ltd.,2026-04-15 12:03:14.700426,Arun Valley Hydropower Development Co. Ltd.
2026041504008647,AHPC,58,49,10,300.2,3002.0,2026-04-15,186350944,360,Naasa Securities Co. Ltd.,Online Securities Pvt. Ltd.,2026-04-15 12:03:14.700498,Arun Valley Hydropower Development Co. Ltd.
2026041504008648,AHPC,56,49,30,300.2,9006.0,2026-04-15,186350950,360,Sri Hari Securities Pvt. Ltd.,Online Securities Pvt. Ltd.,2026-04-15 12:03:14.894084,Arun Valley Hydropower Development Co. Ltd.
2026041504008661,AHPC,58,42,10,299.9,2999.0,2026-04-15,186351047,360,Naasa Securities Co. Ltd.,Sani Securities Company Ltd.,2026-04-15 12:03:19.865337,Arun Valley Hydropower Development Co. Ltd.
2026041504008662,AHPC,58,49,10,300.2,3002.0,2026-04-15,186351050,360,Naasa Securities Co. Ltd.,Online Securities Pvt. Ltd.,2026-04-15 12:03:19.865454,Arun Valley Hydropower Development Co. Ltd.
2026041504008670,AHPC,45,22,24,300.0,7200.0,2026-04-15,186351145,360,Imperial Securities Company Pvt. Ltd.,Siprabi Securities Pvt. Ltd.,2026-04-15 12:03:30.216959,Arun Valley Hydropower Development Co. Ltd.
2026041504008687,AHPC,45,3,102,300.0,30600.0,2026-04-15,186351259,360,Imperial Securities Company Pvt. Ltd.,Arun Securities (PVT) Ltd.,2026-04-15 12:03:34.741332,Arun Valley Hydropower Development Co. Ltd.
2026041504008715,AHPC,58,49,10,300.2,3002.0,2026-04-15,186351448,360,Naasa Securities Co. Ltd.,Online Securities Pvt. Ltd.,2026-04-15 12:03:46.163671,Arun Valley Hydropower Development Co. Ltd.
2026041504008717,AHPC,45,49,874,300.2,262374.8,2026-04-15,186351458,360,Imperial Securities Company Pvt. Ltd.,Online Securities Pvt. Ltd.,2026-04-15 12:03:47.031921,Arun Valley Hydropower Development Co. Ltd.
2026041504008863,AHPC,47,58,50,299.0,14950.0,2026-04-15,186352232,360,Neev Securities Pvt. Ltd.,Naasa Securities Co. Ltd.,2026-04-15 12:04:20.807378,Arun Valley Hydropower Development Co. Ltd.
2026041504008864,AHPC,41,58,50,299.0,14950.0,2026-04-15,186352233,360,Linch Stock Market Ltd.,Naasa Securities Co. Ltd.,2026-04-15 12:04:20.807634,Arun Valley Hydropower Development Co. Ltd.
2026041504009084,AHPC,41,49,100,299.0,29900.0,2026-04-15,186353575,360,Linch Stock Market Ltd.,Online Securities Pvt. Ltd.,2026-04-15 12:05:42.503689,Arun Valley Hydropower Development Co. Ltd.
2026041504009163,AHPC,58,25,10,299.8,2998.0,2026-04-15,186354025,360,Naasa Securities Co. Ltd.,Sweta Securities Private Limited,2026-04-15 12:06:07.836915,Arun Valley Hydropower Development Co. Ltd.
2026041504009164,AHPC,58,22,10,299.8,2998.0,2026-04-15,186354028,360,Naasa Securities Co. Ltd.,Siprabi Securities Pvt. Ltd.,2026-04-15 12:06:07.836982,Arun Valley Hydropower Development Co. Ltd.
2026041504009187,AHPC,60,49,290,299.0,86710.0,2026-04-15,186354263,360,Nagarik Stock Dealer ,Online Securities Pvt. Ltd.,2026-04-15 12:06:21.391773,Arun Valley Hydropower Development Co. Ltd.
2026041504009252,AHPC,58,22,10,299.8,2998.0,2026-04-15,186354532,360,Naasa Securities Co. Ltd.,Siprabi Securities Pvt. Ltd.,2026-04-15 12:06:32.750564,Arun Valley Hydropower Development Co. Ltd.
2026041504009264,AHPC,26,48,710,299.1,212361.0,2026-04-15,186354611,360,Asian Securities Private Ltd.,Trishakti Securities Public Limited,2026-04-15 12:06:40.086839,Arun Valley Hydropower Development Co. Ltd.
2026041504009278,AHPC,58,22,10,299.8,2998.0,2026-04-15,186354664,360,Naasa Securities Co. Ltd.,Siprabi Securities Pvt. Ltd.,2026-04-15 12:06:44.611221,Arun Valley Hydropower Development Co. Ltd.
2026041504009302,AHPC,26,36,500,299.1,149550.0,2026-04-15,186354789,360,Asian Securities Private Ltd.,Secured Securities Ltd.,2026-04-15 12:06:53.759637,Arun Valley Hydropower Development Co. Ltd.
2026041504009324,AHPC,21,22,530,299.8,158894.0,2026-04-15,186354915,360,Midas Stock Broking Company Private Limited,Siprabi Securities Pvt. Ltd.,2026-04-15 12:07:00.806739,Arun Valley Hydropower Development Co. Ltd.
2026041504009325,AHPC,21,38,410,299.8,122918.0,2026-04-15,186354917,360,Midas Stock Broking Company Private Limited,Dipshikha Dhitopatra Karobar Co. Pvt Ltd.,2026-04-15 12:07:00.807056,Arun Valley Hydropower Development Co. Ltd.
2026041504009326,AHPC,21,88,75,299.9,22492.5,2026-04-15,186354919,360,Midas Stock Broking Company Private Limited,Blue Chip Securities Ltd,2026-04-15 12:07:00.807182,Arun Valley Hydropower Development Co. Ltd.
2026041504009327,AHPC,21,44,1000,299.9,299900.0,2026-04-15,186354921,360,Midas Stock Broking Company Private Limited,Dynamic Money Managers Securities Pvt. Ltd.,2026-04-15 12:07:00.807296,Arun Valley Hydropower Development Co. Ltd.
2026041504009328,AHPC,21,28,1000,299.9,299900.0,2026-04-15,186354923,360,Midas Stock Broking Company Private Limited,Shree Krishna Securities Ltd.,2026-04-15 12:07:00.807416,Arun Valley Hydropower Development Co. Ltd.
2026041504009329,AHPC,21,33,700,300.0,210000.0,2026-04-15,186354925,360,Midas Stock Broking Company Private Limited,Dakshinkali Investment & Securities Pvt. Ltd.,2026-04-15 12:07:00.807528,Arun Valley Hydropower Development Co. Ltd.
2026041504009330,AHPC,21,48,25,300.0,7500.0,2026-04-15,186354927,360,Midas Stock Broking Company Private Limited,Trishakti Securities Public Limited,2026-04-15 12:07:00.807641,Arun Valley Hydropower Development Co. Ltd.
2026041504009331,AHPC,21,32,100,300.0,30000.0,2026-04-15,186354929,360,Midas Stock Broking Company Private Limited,Premier Securities Company Ltd.,2026-04-15 12:07:00.807756,Arun Valley Hydropower Development Co. Ltd.
2026041504009332,AHPC,21,53,160,300.0,48000.0,2026-04-15,186354932,360,Midas Stock Broking Company Private Limited,Investment Management Nepal Pvt. Ltd.,2026-04-15 12:07:00.807870,Arun Valley Hydropower Development Co. Ltd.
2026041504009403,AHPC,58,7,1000,299.7,299700.0,2026-04-15,186355348,360,Naasa Securities Co. Ltd.,J.F. Securites (PVT) Ltd.,2026-04-15 12:07:22.073534,Arun Valley Hydropower Development Co. Ltd.
2026041504009451,AHPC,58,53,10,300.0,3000.0,2026-04-15,186355592,360,Naasa Securities Co. Ltd.,Investment Management Nepal Pvt. Ltd.,2026-04-15 12:07:33.491856,Arun Valley Hydropower Development Co. Ltd.
2026041504009472,AHPC,58,34,200,299.2,59840.0,2026-04-15,186355744,360,Naasa Securities Co. Ltd.,Vision Securities Pvt. Ltd,2026-04-15 12:07:42.714057,Arun Valley Hydropower Development Co. Ltd.
2026041504009473,AHPC,26,34,200,299.1,59820.0,2026-04-15,186355745,360,Asian Securities Private Ltd.,Vision Securities Pvt. Ltd,2026-04-15 12:07:42.714169,Arun Valley Hydropower Development Co. Ltd.
2026041504009479,AHPC,58,53,10,300.0,3000.0,2026-04-15,186355790,360,Naasa Securities Co. Ltd.,Investment Management Nepal Pvt. Ltd.,2026-04-15 12:07:45.790601,Arun Valley Hydropower Development Co. Ltd.
2026041504009550,AHPC,59,53,120,300.0,36000.0,2026-04-15,186356265,360,Deevyaa Securities & Stock House Pvt. Ltd,Investment Management Nepal Pvt. Ltd.,2026-04-15 12:08:15.210227,Arun Valley Hydropower Development Co. Ltd.
2026041504009551,AHPC,59,36,100,300.0,30000.0,2026-04-15,186356267,360,Deevyaa Securities & Stock House Pvt. Ltd,Secured Securities Ltd.,2026-04-15 12:08:15.210507,Arun Valley Hydropower Development Co. Ltd.
2026041504009552,AHPC,59,38,35,300.0,10500.0,2026-04-15,186356269,360,Deevyaa Securities & Stock House Pvt. Ltd,Dipshikha Dhitopatra Karobar Co. Pvt Ltd.,2026-04-15 12:08:15.210646,Arun Valley Hydropower Development Co. Ltd.
2026041504009553,AHPC,59,58,60,300.0,18000.0,2026-04-15,186356271,360,Deevyaa Securities & Stock House Pvt. Ltd,Naasa Securities Co. Ltd.,2026-04-15 12:08:15.210779,Arun Valley Hydropower Development Co. Ltd.
2026041504009554,AHPC,59,58,322,300.0,96600.0,2026-04-15,186356273,360,Deevyaa Securities & Stock House Pvt. Ltd,Naasa Securities Co. Ltd.,2026-04-15 12:08:15.210917,Arun Valley Hydropower Development Co. Ltd.
2026041504009555,AHPC,59,48,290,300.0,87000.0,2026-04-15,186356275,360,Deevyaa Securities & Stock House Pvt. Ltd,Trishakti Securities Public Limited,2026-04-15 12:08:15.211042,Arun Valley Hydropower Development Co. Ltd.
2026041504009556,AHPC,59,58,156,300.0,46800.0,2026-04-15,186356277,360,Deevyaa Securities & Stock House Pvt. Ltd,Naasa Securities Co. Ltd.,2026-04-15 12:08:15.211165,Arun Valley Hydropower Development Co. Ltd.
2026041504009557,AHPC,59,25,487,300.1,146148.7,2026-04-15,186356279,360,Deevyaa Securities & Stock House Pvt. Ltd,Sweta Securities Private Limited,2026-04-15 12:08:15.211297,Arun Valley Hydropower Development Co. Ltd.
2026041504009558,AHPC,59,28,996,300.1,298899.6,2026-04-15,186356281,360,Deevyaa Securities & Stock House Pvt. Ltd,Shree Krishna Securities Ltd.,2026-04-15 12:08:15.211470,Arun Valley Hydropower Development Co. Ltd.
2026041504009560,AHPC,59,66,1000,300.1,300100.0,2026-04-15,186356295,360,Deevyaa Securities & Stock House Pvt. Ltd,Miyo Securities Pvt Ltd,2026-04-15 12:08:16.016811,Arun Valley Hydropower Development Co. Ltd.
2026041504009569,AHPC,59,38,100,300.1,30010.0,2026-04-15,186356361,360,Deevyaa Securities & Stock House Pvt. Ltd,Dipshikha Dhitopatra Karobar Co. Pvt Ltd.,2026-04-15 12:08:19.306241,Arun Valley Hydropower Development Co. Ltd.
2026041504009590,AHPC,59,57,1000,300.1,300100.0,2026-04-15,186356533,360,Deevyaa Securities & Stock House Pvt. Ltd,Aryatara Investment & Securities,2026-04-15 12:08:30.186637,Arun Valley Hydropower Development Co. Ltd.
2026041504009598,AHPC,43,49,1000,300.2,300200.0,2026-04-15,186356584,360,South Asian Bulls Pvt. Ltd.,Online Securities Pvt. Ltd.,2026-04-15 12:08:35.419134,Arun Valley Hydropower Development Co. Ltd.
2026041504009636,AHPC,59,40,200,300.1,60020.0,2026-04-15,186356859,360,Deevyaa Securities & Stock House Pvt. Ltd,Creative Securities Pvt Ltd,2026-04-15 12:08:55.636811,Arun Valley Hydropower Development Co. Ltd.
2026041504009644,AHPC,59,26,11,300.1,3301.1,2026-04-15,186356903,360,Deevyaa Securities & Stock House Pvt. Ltd,Asian Securities Private Ltd.,2026-04-15 12:08:59.157210,Arun Valley Hydropower Development Co. Ltd.
2026041504009655,AHPC,59,4,35,300.1,10503.5,2026-04-15,186357015,360,Deevyaa Securities & Stock House Pvt. Ltd,Opal Securities Investment (PVT) Ltd.,2026-04-15 12:09:03.659899,Arun Valley Hydropower Development Co. Ltd.
2026041504009663,AHPC,59,26,88,300.1,26408.8,2026-04-15,186357082,360,Deevyaa Securities & Stock House Pvt. Ltd,Asian Securities Private Ltd.,2026-04-15 12:09:06.138485,Arun Valley Hydropower Development Co. Ltd.
2026041504009770,AHPC,18,45,20,299.7,5994.0,2026-04-15,186357567,360,Sagarmatha Securities Private Limited,Imperial Securities Company Pvt. Ltd.,2026-04-15 12:09:31.787271,Arun Valley Hydropower Development Co. Ltd.
2026041504009771,AHPC,18,26,12,300.0,3600.0,2026-04-15,186357569,360,Sagarmatha Securities Private Limited,Asian Securities Private Ltd.,2026-04-15 12:09:31.787589,Arun Valley Hydropower Development Co. Ltd.
2026041504009772,AHPC,18,52,36,300.0,10800.0,2026-04-15,186357571,360,Sagarmatha Securities Private Limited,Sundhara Securities Limited,2026-04-15 12:09:31.787741,Arun Valley Hydropower Development Co. Ltd.
2026041504009773,AHPC,18,57,132,300.0,39600.0,2026-04-15,186357574,360,Sagarmatha Securities Private Limited,Aryatara Investment & Securities,2026-04-15 12:09:31.787878,Arun Valley Hydropower Development Co. Ltd.
2026041504009775,AHPC,59,57,50,300.0,15000.0,2026-04-15,186357606,360,Deevyaa Securities & Stock House Pvt. Ltd,Aryatara Investment & Securities,2026-04-15 12:09:35.459482,Arun Valley Hydropower Development Co. Ltd.
2026041504009797,AHPC,19,57,160,300.0,48000.0,2026-04-15,186357762,360,Nepal Investment And Securities Trading Private Limited,Aryatara Investment & Securities,2026-04-15 12:09:48.814370,Arun Valley Hydropower Development Co. Ltd.
2026041504009896,AHPC,60,80,253,299.2,75697.6,2026-04-15,186358367,360,Nagarik Stock Dealer ,Indira securities pvt. ltd,2026-04-15 12:10:34.022602,Arun Valley Hydropower Development Co. Ltd.
2026041504009900,AHPC,8,48,15,299.9,4498.5,2026-04-15,186358408,360,Brilliant Securities Pvt. Ltd.,Trishakti Securities Public Limited,2026-04-15 12:10:38.254426,Arun Valley Hydropower Development Co. Ltd.
2026041504009905,AHPC,60,95,457,299.2,136734.4,2026-04-15,186358442,360,Nagarik Stock Dealer ,Magnet Securities and Investment Company Private Limited,2026-04-15 12:10:40.805491,Arun Valley Hydropower Development Co. Ltd.
2026041504009906,AHPC,58,95,30,299.2,8976.0,2026-04-15,186358444,360,Naasa Securities Co. Ltd.,Magnet Securities and Investment Company Private Limited,2026-04-15 12:10:40.806094,Arun Valley Hydropower Development Co. Ltd.
2026041504009910,AHPC,52,95,50,299.2,14960.0,2026-04-15,186358462,360,Sundhara Securities Limited,Magnet Securities and Investment Company Private Limited,2026-04-15 12:10:42.217882,Arun Valley Hydropower Development Co. Ltd.
2026041504009954,AHPC,26,25,90,299.1,26919.0,2026-04-15,186358786,360,Asian Securities Private Ltd.,Sweta Securities Private Limited,2026-04-15 12:11:01.089975,Arun Valley Hydropower Development Co. Ltd.
2026041504009955,AHPC,58,25,1000,299.1,299100.0,2026-04-15,186358787,360,Naasa Securities Co. Ltd.,Sweta Securities Private Limited,2026-04-15 12:11:01.090310,Arun Valley Hydropower Development Co. Ltd.
2026041504010085,AHPC,34,57,19,298.6,5673.4,2026-04-15,186359622,360,Vision Securities Pvt. Ltd,Aryatara Investment & Securities,2026-04-15 12:12:01.313463,Arun Valley Hydropower Development Co. Ltd.
2026041504010086,AHPC,58,57,19,298.2,5665.8,2026-04-15,186359623,360,Naasa Securities Co. Ltd.,Aryatara Investment & Securities,2026-04-15 12:12:01.314084,Arun Valley Hydropower Development Co. Ltd.
2026041504010104,AHPC,76,91,20,298.6,5972.0,2026-04-15,186359828,360,Machhapuchchhre Securities Limited,Citizens Share Broker Limited,2026-04-15 12:12:17.406574,Arun Valley Hydropower Development Co. Ltd.
2026041504010105,AHPC,58,91,281,298.2,83794.2,2026-04-15,186359830,360,Naasa Securities Co. Ltd.,Citizens Share Broker Limited,2026-04-15 12:12:17.407265,Arun Valley Hydropower Development Co. Ltd.
2026041504010106,AHPC,21,91,1000,298.2,298200.0,2026-04-15,186359832,360,Midas Stock Broking Company Private Limited,Citizens Share Broker Limited,2026-04-15 12:12:17.407714,Arun Valley Hydropower Development Co. Ltd.
2026041504010107,AHPC,14,91,86,298.0,25628.0,2026-04-15,186359834,360,Nepal Stock House (PVT) Ltd.,Citizens Share Broker Limited,2026-04-15 12:12:17.408138,Arun Valley Hydropower Development Co. Ltd.
2026041504010108,AHPC,26,91,500,298.0,149000.0,2026-04-15,186359836,360,Asian Securities Private Ltd.,Citizens Share Broker Limited,2026-04-15 12:12:17.408572,Arun Valley Hydropower Development Co. Ltd.
2026041504010109,AHPC,16,91,300,298.0,89400.0,2026-04-15,186359838,360,Primo Securities (PVT) Ltd.,Citizens Share Broker Limited,2026-04-15 12:12:17.408981,Arun Valley Hydropower Development Co. Ltd.
2026041504010110,AHPC,57,91,200,298.0,59600.0,2026-04-15,186359840,360,Aryatara Investment & Securities,Citizens Share Broker Limited,2026-04-15 12:12:17.409407,Arun Valley Hydropower Development Co. Ltd.
2026041504010130,AHPC,34,65,100,297.1,29710.0,2026-04-15,186359984,360,Vision Securities Pvt. Ltd,Sharepro Securities Private Limited,2026-04-15 12:12:28.832131,Arun Valley Hydropower Development Co. Ltd.
2026041504010131,AHPC,7,65,200,297.1,59420.0,2026-04-15,186359986,360,J.F. Securites (PVT) Ltd.,Sharepro Securities Private Limited,2026-04-15 12:12:28.832465,Arun Valley Hydropower Development Co. Ltd.
2026041504010132,AHPC,42,65,700,297.1,207970.0,2026-04-15,186359987,360,Sani Securities Company Ltd.,Sharepro Securities Private Limited,2026-04-15 12:12:28.832636,Arun Valley Hydropower Development Co. Ltd.
2026041504010153,AHPC,42,57,50,297.1,14855.0,2026-04-15,186360081,360,Sani Securities Company Ltd.,Aryatara Investment & Securities,2026-04-15 12:12:35.235025,Arun Valley Hydropower Development Co. Ltd.
2026041504010174,AHPC,42,57,500,297.1,148550.0,2026-04-15,186360183,360,Sani Securities Company Ltd.,Aryatara Investment & Securities,2026-04-15 12:12:44.048389,Arun Valley Hydropower Development Co. Ltd.
2026041504010259,AHPC,42,42,128,297.1,38028.8,2026-04-15,186360871,360,Sani Securities Company Ltd.,Sani Securities Company Ltd.,2026-04-15 12:13:24.506924,Arun Valley Hydropower Development Co. Ltd.
2026041504010323,AHPC,42,72,39,297.1,11586.9,2026-04-15,186361225,360,Sani Securities Company Ltd.,Hatemalo Financial Services Private Limited,2026-04-15 12:13:42.652765,Arun Valley Hydropower Development Co. Ltd.
2026041504010324,AHPC,42,6,583,297.1,173209.3,2026-04-15,186361234,360,Sani Securities Company Ltd.,Agrawal Securities (PVT) Ltd.,2026-04-15 12:13:43.190573,Arun Valley Hydropower Development Co. Ltd.
2026041504010325,AHPC,42,6,78,297.1,23173.8,2026-04-15,186361235,360,Sani Securities Company Ltd.,Agrawal Securities (PVT) Ltd.,2026-04-15 12:13:43.191209,Arun Valley Hydropower Development Co. Ltd.
2026041504010381,AHPC,42,57,10,297.1,2971.0,2026-04-15,186361387,360,Sani Securities Company Ltd.,Aryatara Investment & Securities,2026-04-15 12:13:47.717264,Arun Valley Hydropower Development Co. Ltd.
2026041504010418,AHPC,41,48,85,297.9,25321.5,2026-04-15,186362037,360,Linch Stock Market Ltd.,Trishakti Securities Public Limited,2026-04-15 12:14:04.897201,Arun Valley Hydropower Development Co. Ltd.
2026041504010421,AHPC,41,85,295,298.0,87910.0,2026-04-15,186362050,360,Linch Stock Market Ltd.,Capital Hub P. Ltd,2026-04-15 12:14:06.007975,Arun Valley Hydropower Development Co. Ltd.
2026041504010422,AHPC,42,85,1912,297.1,568055.2,2026-04-15,186362052,360,Sani Securities Company Ltd.,Capital Hub P. Ltd,2026-04-15 12:14:06.008061,Arun Valley Hydropower Development Co. Ltd.
2026041504010423,AHPC,69,85,1000,297.0,297000.0,2026-04-15,186362054,360,INDEX SECURITIES LIMITED,Capital Hub P. Ltd,2026-04-15 12:14:06.008091,Arun Valley Hydropower Development Co. Ltd.
2026041504010424,AHPC,58,85,1000,297.0,297000.0,2026-04-15,186362056,360,Naasa Securities Co. Ltd.,Capital Hub P. Ltd,2026-04-15 12:14:06.008117,Arun Valley Hydropower Development Co. Ltd.
2026041504010425,AHPC,38,85,300,297.0,89100.0,2026-04-15,186362058,360,Dipshikha Dhitopatra Karobar Co. Pvt Ltd.,Capital Hub P. Ltd,2026-04-15 12:14:06.008144,Arun Valley Hydropower Development Co. Ltd.
2026041504010426,AHPC,26,85,1000,297.0,297000.0,2026-04-15,186362060,360,Asian Securities Private Ltd.,Capital Hub P. Ltd,2026-04-15 12:14:06.008169,Arun Valley Hydropower Development Co. Ltd.
2026041504010427,AHPC,57,85,200,296.0,59200.0,2026-04-15,186362062,360,Aryatara Investment & Securities,Capital Hub P. Ltd,2026-04-15 12:14:06.008194,Arun Valley Hydropower Development Co. Ltd.
2026041504010428,AHPC,32,85,200,296.0,59200.0,2026-04-15,186362064,360,Premier Securities Company Ltd.,Capital Hub P. Ltd,2026-04-15 12:14:06.008220,Arun Valley Hydropower Development Co. Ltd.
2026041504010429,AHPC,58,85,50,296.0,14800.0,2026-04-15,186362066,360,Naasa Securities Co. Ltd.,Capital Hub P. Ltd,2026-04-15 12:14:06.008245,Arun Valley Hydropower Development Co. Ltd.
2026041504010430,AHPC,42,85,343,296.0,101528.0,2026-04-15,186362067,360,Sani Securities Company Ltd.,Capital Hub P. Ltd,2026-04-15 12:14:06.008287,Arun Valley Hydropower Development Co. Ltd.
2026041504010733,AHPC,42,38,91,296.0,26936.0,2026-04-15,186363968,360,Sani Securities Company Ltd.,Dipshikha Dhitopatra Karobar Co. Pvt Ltd.,2026-04-15 12:15:33.746208,Arun Valley Hydropower Development Co. Ltd.
2026041504011021,AHPC,40,48,425,298.2,126735.0,2026-04-15,186368407,360,Creative Securities Pvt Ltd,Trishakti Securities Public Limited,2026-04-15 12:17:35.282662,Arun Valley Hydropower Development Co. Ltd.
2026041504011090,AHPC,58,26,180,298.8,53784.0,2026-04-15,186369251,360,Naasa Securities Co. Ltd.,Asian Securities Private Ltd.,2026-04-15 12:18:05.856436,Arun Valley Hydropower Development Co. Ltd.
2026041504011091,AHPC,58,7,120,299.0,35880.0,2026-04-15,186369254,360,Naasa Securities Co. Ltd.,J.F. Securites (PVT) Ltd.,2026-04-15 12:18:05.856485,Arun Valley Hydropower Development Co. Ltd.
2026041504011178,AHPC,28,7,100,299.0,29900.0,2026-04-15,186369620,360,Shree Krishna Securities Ltd.,J.F. Securites (PVT) Ltd.,2026-04-15 12:18:19.115248,Arun Valley Hydropower Development Co. Ltd.
2026041504011181,AHPC,35,7,30,299.0,8970.0,2026-04-15,186369629,360,Kohinoor Investment & Securities Pvt. Ltd.,J.F. Securites (PVT) Ltd.,2026-04-15 12:18:19.739535,Arun Valley Hydropower Development Co. Ltd.
2026041504011182,AHPC,35,35,1970,299.0,589030.0,2026-04-15,186369632,360,Kohinoor Investment & Securities Pvt. Ltd.,Kohinoor Investment & Securities Pvt. Ltd.,2026-04-15 12:18:19.740154,Arun Valley Hydropower Development Co. Ltd.
2026041504011228,AHPC,58,35,30,299.0,8970.0,2026-04-15,186370065,360,Naasa Securities Co. Ltd.,Kohinoor Investment & Securities Pvt. Ltd.,2026-04-15 12:18:33.237575,Arun Valley Hydropower Development Co. Ltd.
2026041504011229,AHPC,58,32,270,299.1,80757.0,2026-04-15,186370068,360,Naasa Securities Co. Ltd.,Premier Securities Company Ltd.,2026-04-15 12:18:33.237693,Arun Valley Hydropower Development Co. Ltd.
2026041504011250,AHPC,45,32,230,299.1,68793.0,2026-04-15,186370257,360,Imperial Securities Company Pvt. Ltd.,Premier Securities Company Ltd.,2026-04-15 12:18:42.586508,Arun Valley Hydropower Development Co. Ltd.
2026041504011253,AHPC,58,95,10,299.2,2992.0,2026-04-15,186370334,360,Naasa Securities Co. Ltd.,Magnet Securities and Investment Company Private Limited,2026-04-15 12:18:44.859389,Arun Valley Hydropower Development Co. Ltd.
2026041504011281,AHPC,45,95,270,299.2,80784.0,2026-04-15,186370628,360,Imperial Securities Company Pvt. Ltd.,Magnet Securities and Investment Company Private Limited,2026-04-15 12:19:02.431768,Arun Valley Hydropower Development Co. Ltd.
2026041504011329,AHPC,51,11,140,299.1,41874.0,2026-04-15,186370911,360,Oxford Securities Pvt. Ltd.,Malla & Malla Stock Broking Company Pvt. Limited,2026-04-15 12:19:18.297794,Arun Valley Hydropower Development Co. Ltd.
2026041504011330,AHPC,51,95,110,299.2,32912.0,2026-04-15,186370914,360,Oxford Securities Pvt. Ltd.,Magnet Securities and Investment Company Private Limited,2026-04-15 12:19:18.298778,Arun Valley Hydropower Development Co. Ltd.
2026041504011349,AHPC,49,95,73,299.2,21841.6,2026-04-15,186371041,360,Online Securities Pvt. Ltd.,Magnet Securities and Investment Company Private Limited,2026-04-15 12:19:25.442274,Arun Valley Hydropower Development Co. Ltd.
2026041504011362,AHPC,1,36,5,294.0,1470.0,2026-04-15,186371123,360,Kumari Securities Private Limited,Secured Securities Ltd.,2026-04-15 12:19:31.196369,Arun Valley Hydropower Development Co. Ltd.
2026041504011458,AHPC,49,89,73,299.2,21841.6,2026-04-15,186371833,360,Online Securities Pvt. Ltd.,Global IME Securities Limited,2026-04-15 12:20:14.302216,Arun Valley Hydropower Development Co. Ltd.
2026041504011464,AHPC,59,35,500,299.8,149900.0,2026-04-15,186371893,360,Deevyaa Securities & Stock House Pvt. Ltd,Kohinoor Investment & Securities Pvt. Ltd.,2026-04-15 12:20:16.620387,Arun Valley Hydropower Development Co. Ltd.
2026041504011465,AHPC,59,91,40,299.9,11996.0,2026-04-15,186371896,360,Deevyaa Securities & Stock House Pvt. Ltd,Citizens Share Broker Limited,2026-04-15 12:20:16.621101,Arun Valley Hydropower Development Co. Ltd.
2026041504011545,AHPC,95,91,2000,299.9,599800.0,2026-04-15,186372302,360,Magnet Securities and Investment Company Private Limited,Citizens Share Broker Limited,2026-04-15 12:20:36.060138,Arun Valley Hydropower Development Co. Ltd.
2026041504011621,AHPC,58,91,500,299.9,149950.0,2026-04-15,186372724,360,Naasa Securities Co. Ltd.,Citizens Share Broker Limited,2026-04-15 12:20:54.713506,Arun Valley Hydropower Development Co. Ltd.
2026041504011788,AHPC,42,91,73,299.9,21892.7,2026-04-15,186373801,360,Sani Securities Company Ltd.,Citizens Share Broker Limited,2026-04-15 12:21:38.185074,Arun Valley Hydropower Development Co. Ltd.
2026041504011789,AHPC,42,57,158,300.0,47400.0,2026-04-15,186373803,360,Sani Securities Company Ltd.,Aryatara Investment & Securities,2026-04-15 12:21:38.185753,Arun Valley Hydropower Development Co. Ltd.
2026041504011790,AHPC,42,11,30,300.0,9000.0,2026-04-15,186373805,360,Sani Securities Company Ltd.,Malla & Malla Stock Broking Company Pvt. Limited,2026-04-15 12:21:38.186227,Arun Valley Hydropower Development Co. Ltd.
2026041504011791,AHPC,42,29,100,300.0,30000.0,2026-04-15,186373807,360,Sani Securities Company Ltd.,Trisul Securities & Invt. Ltd.,2026-04-15 12:21:38.186701,Arun Valley Hydropower Development Co. Ltd.
2026041504011792,AHPC,42,35,35,300.0,10500.0,2026-04-15,186373809,360,Sani Securities Company Ltd.,Kohinoor Investment & Securities Pvt. Ltd.,2026-04-15 12:21:38.187155,Arun Valley Hydropower Development Co. Ltd.
2026041504011793,AHPC,42,35,500,300.0,150000.0,2026-04-15,186373811,360,Sani Securities Company Ltd.,Kohinoor Investment & Securities Pvt. Ltd.,2026-04-15 12:21:38.187629,Arun Valley Hydropower Development Co. Ltd.
2026041504011794,AHPC,42,32,45,300.0,13500.0,2026-04-15,186373813,360,Sani Securities Company Ltd.,Premier Securities Company Ltd.,2026-04-15 12:21:38.188088,Arun Valley Hydropower Development Co. Ltd.
2026041504011795,AHPC,42,74,60,300.0,18000.0,2026-04-15,186373815,360,Sani Securities Company Ltd.,KALASH STOCK MARKET PVT. LTD.,2026-04-15 12:21:38.188565,Arun Valley Hydropower Development Co. Ltd.
2026041504011796,AHPC,42,51,675,300.0,202500.0,2026-04-15,186373817,360,Sani Securities Company Ltd.,Oxford Securities Pvt. Ltd.,2026-04-15 12:21:38.189025,Arun Valley Hydropower Development Co. Ltd.
2026041504011797,AHPC,42,32,324,300.0,97200.0,2026-04-15,186373820,360,Sani Securities Company Ltd.,Premier Securities Company Ltd.,2026-04-15 12:21:38.189493,Arun Valley Hydropower Development Co. Ltd.
2026041504011828,AHPC,60,32,526,300.0,157800.0,2026-04-15,186373993,360,Nagarik Stock Dealer ,Premier Securities Company Ltd.,2026-04-15 12:21:48.433957,Arun Valley Hydropower Development Co. Ltd.
2026041504011829,AHPC,60,45,10,300.0,3000.0,2026-04-15,186373995,360,Nagarik Stock Dealer ,Imperial Securities Company Pvt. Ltd.,2026-04-15 12:21:48.434623,Arun Valley Hydropower Development Co. Ltd.
2026041504011830,AHPC,60,36,100,300.0,30000.0,2026-04-15,186373997,360,Nagarik Stock Dealer ,Secured Securities Ltd.,2026-04-15 12:21:48.435091,Arun Valley Hydropower Development Co. Ltd.
2026041504011831,AHPC,60,6,50,300.0,15000.0,2026-04-15,186374001,360,Nagarik Stock Dealer ,Agrawal Securities (PVT) Ltd.,2026-04-15 12:21:48.435569,Arun Valley Hydropower Development Co. Ltd.
2026041504011832,AHPC,60,59,100,300.0,30000.0,2026-04-15,186374003,360,Nagarik Stock Dealer ,Deevyaa Securities & Stock House Pvt. Ltd,2026-04-15 12:21:48.436037,Arun Valley Hydropower Development Co. Ltd.
2026041504011833,AHPC,60,22,198,300.0,59400.0,2026-04-15,186374005,360,Nagarik Stock Dealer ,Siprabi Securities Pvt. Ltd.,2026-04-15 12:21:48.436509,Arun Valley Hydropower Development Co. Ltd.
2026041504011834,AHPC,60,42,16,300.0,4800.0,2026-04-15,186374008,360,Nagarik Stock Dealer ,Sani Securities Company Ltd.,2026-04-15 12:21:48.436960,Arun Valley Hydropower Development Co. Ltd.
2026041504011844,AHPC,32,38,100,300.0,30000.0,2026-04-15,186374095,360,Premier Securities Company Ltd.,Dipshikha Dhitopatra Karobar Co. Pvt Ltd.,2026-04-15 12:21:53.125846,Arun Valley Hydropower Development Co. Ltd.
2026041504011845,AHPC,32,54,400,300.0,120000.0,2026-04-15,186374098,360,Premier Securities Company Ltd.,Sewa Securities Pvt. Ltd.,2026-04-15 12:21:53.126232,Arun Valley Hydropower Development Co. Ltd.
2026041504011852,AHPC,45,54,1000,300.0,300000.0,2026-04-15,186374252,360,Imperial Securities Company Pvt. Ltd.,Sewa Securities Pvt. Ltd.,2026-04-15 12:21:55.972498,Arun Valley Hydropower Development Co. Ltd.
2026041504011854,AHPC,49,54,354,300.0,106200.0,2026-04-15,186374262,360,Online Securities Pvt. Ltd.,Sewa Securities Pvt. Ltd.,2026-04-15 12:21:56.227328,Arun Valley Hydropower Development Co. Ltd.
2026041504011860,AHPC,40,54,246,300.0,73800.0,2026-04-15,186374331,360,Creative Securities Pvt Ltd,Sewa Securities Pvt. Ltd.,2026-04-15 12:21:58.320161,Arun Valley Hydropower Development Co. Ltd.
2026041504011861,AHPC,40,65,50,300.0,15000.0,2026-04-15,186374333,360,Creative Securities Pvt Ltd,Sharepro Securities Private Limited,2026-04-15 12:21:58.320522,Arun Valley Hydropower Development Co. Ltd.
2026041504011862,AHPC,40,42,800,300.0,240000.0,2026-04-15,186374335,360,Creative Securities Pvt Ltd,Sani Securities Company Ltd.,2026-04-15 12:21:58.320766,Arun Valley Hydropower Development Co. Ltd.
2026041504011886,AHPC,40,34,100,300.0,30000.0,2026-04-15,186374613,360,Creative Securities Pvt Ltd,Vision Securities Pvt. Ltd,2026-04-15 12:22:08.630895,Arun Valley Hydropower Development Co. Ltd.
2026041504011892,AHPC,95,35,1000,300.1,300100.0,2026-04-15,186374632,360,Magnet Securities and Investment Company Private Limited,Kohinoor Investment & Securities Pvt. Ltd.,2026-04-15 12:22:09.249086,Arun Valley Hydropower Development Co. Ltd.
2026041504011914,AHPC,19,16,1000,300.1,300100.0,2026-04-15,186374821,360,Nepal Investment And Securities Trading Private Limited,Primo Securities (PVT) Ltd.,2026-04-15 12:22:19.963268,Arun Valley Hydropower Development Co. Ltd.
2026041504011917,AHPC,19,49,66,300.2,19813.2,2026-04-15,186374851,360,Nepal Investment And Securities Trading Private Limited,Online Securities Pvt. Ltd.,2026-04-15 12:22:21.747196,Arun Valley Hydropower Development Co. Ltd.
2026041504011918,AHPC,19,4,51,300.2,15310.2,2026-04-15,186374853,360,Nepal Investment And Securities Trading Private Limited,Opal Securities Investment (PVT) Ltd.,2026-04-15 12:22:21.747587,Arun Valley Hydropower Development Co. Ltd.
2026041504011919,AHPC,19,52,53,300.3,15915.9,2026-04-15,186374855,360,Nepal Investment And Securities Trading Private Limited,Sundhara Securities Limited,2026-04-15 12:22:21.747749,Arun Valley Hydropower Development Co. Ltd.
2026041504011920,AHPC,19,5,70,300.3,21021.0,2026-04-15,186374857,360,Nepal Investment And Securities Trading Private Limited,Market Securities & Exchange (PVT) Ltd.,2026-04-15 12:22:21.747902,Arun Valley Hydropower Development Co. Ltd.
2026041504011921,AHPC,19,74,200,300.5,60100.0,2026-04-15,186374859,360,Nepal Investment And Securities Trading Private Limited,KALASH STOCK MARKET PVT. LTD.,2026-04-15 12:22:21.748060,Arun Valley Hydropower Development Co. Ltd.
2026041504011922,AHPC,19,43,60,300.5,18030.0,2026-04-15,186374861,360,Nepal Investment And Securities Trading Private Limited,South Asian Bulls Pvt. Ltd.,2026-04-15 12:22:21.748215,Arun Valley Hydropower Development Co. Ltd.
2026041504011923,AHPC,19,74,50,300.5,15025.0,2026-04-15,186374863,360,Nepal Investment And Securities Trading Private Limited,KALASH STOCK MARKET PVT. LTD.,2026-04-15 12:22:21.748375,Arun Valley Hydropower Development Co. Ltd.
2026041504011924,AHPC,19,34,147,300.7,44202.9,2026-04-15,186374865,360,Nepal Investment And Securities Trading Private Limited,Vision Securities Pvt. Ltd,2026-04-15 12:22:21.748530,Arun Valley Hydropower Development Co. Ltd.
2026041504011925,AHPC,19,42,20,300.8,6016.0,2026-04-15,186374867,360,Nepal Investment And Securities Trading Private Limited,Sani Securities Company Ltd.,2026-04-15 12:22:21.748687,Arun Valley Hydropower Development Co. Ltd.
2026041504011926,AHPC,19,16,65,300.9,19558.5,2026-04-15,186374869,360,Nepal Investment And Securities Trading Private Limited,Primo Securities (PVT) Ltd.,2026-04-15 12:22:21.748858,Arun Valley Hydropower Development Co. Ltd.
2026041504011927,AHPC,19,77,14,300.9,4212.6,2026-04-15,186374871,360,Nepal Investment And Securities Trading Private Limited,Nabil Stock Dealer Ltd.,2026-04-15 12:22:21.749013,Arun Valley Hydropower Development Co. Ltd.
2026041504011928,AHPC,19,50,179,300.9,53861.1,2026-04-15,186374873,360,Nepal Investment And Securities Trading Private Limited,Cristal Kanchanjanga Securites Pvt. Ltd.,2026-04-15 12:22:21.749160,Arun Valley Hydropower Development Co. Ltd.
2026041504011929,AHPC,19,26,25,300.9,7522.5,2026-04-15,186374876,360,Nepal Investment And Securities Trading Private Limited,Asian Securities Private Ltd.,2026-04-15 12:22:21.749310,Arun Valley Hydropower Development Co. Ltd.
2026041504011962,AHPC,40,57,804,300.0,241200.0,2026-04-15,186375116,360,Creative Securities Pvt Ltd,Aryatara Investment & Securities,2026-04-15 12:22:33.615986,Arun Valley Hydropower Development Co. Ltd.
2026041504011992,AHPC,81,14,120,299.9,35988.0,2026-04-15,186375381,360,Aakashbhairab Securities Ltd.,Nepal Stock House (PVT) Ltd.,2026-04-15 12:22:47.858447,Arun Valley Hydropower Development Co. Ltd.
2026041504012034,AHPC,95,57,196,300.0,58800.0,2026-04-15,186375629,360,Magnet Securities and Investment Company Private Limited,Aryatara Investment & Securities,2026-04-15 12:22:56.536964,Arun Valley Hydropower Development Co. Ltd.
2026041504012055,AHPC,95,8,250,300.0,75000.0,2026-04-15,186375843,360,Magnet Securities and Investment Company Private Limited,Brilliant Securities Pvt. Ltd.,2026-04-15 12:23:08.599611,Arun Valley Hydropower Development Co. Ltd.
2026041504012114,AHPC,95,87,54,300.0,16200.0,2026-04-15,186376076,360,Magnet Securities and Investment Company Private Limited,S.P.S.A. Securities Limited,2026-04-15 12:23:19.146816,Arun Valley Hydropower Development Co. Ltd.
2026041504012115,AHPC,33,87,446,300.0,133800.0,2026-04-15,186376077,360,Dakshinkali Investment & Securities Pvt. Ltd.,S.P.S.A. Securities Limited,2026-04-15 12:23:19.147101,Arun Valley Hydropower Development Co. Ltd.
2026041504012171,AHPC,70,51,100,300.2,30020.0,2026-04-15,186376607,360,Infinity Securities Limited,Oxford Securities Pvt. Ltd.,2026-04-15 12:23:45.210974,Arun Valley Hydropower Development Co. Ltd.
2026041504012172,AHPC,70,26,795,300.9,239215.5,2026-04-15,186376609,360,Infinity Securities Limited,Asian Securities Private Ltd.,2026-04-15 12:23:45.211078,Arun Valley Hydropower Development Co. Ltd.
2026041504012173,AHPC,70,6,500,301.0,150500.0,2026-04-15,186376611,360,Infinity Securities Limited,Agrawal Securities (PVT) Ltd.,2026-04-15 12:23:45.211158,Arun Valley Hydropower Development Co. Ltd.
2026041504012174,AHPC,70,45,20,301.0,6020.0,2026-04-15,186376613,360,Infinity Securities Limited,Imperial Securities Company Pvt. Ltd.,2026-04-15 12:23:45.211234,Arun Valley Hydropower Development Co. Ltd.
2026041504012175,AHPC,70,51,85,301.0,25585.0,2026-04-15,186376616,360,Infinity Securities Limited,Oxford Securities Pvt. Ltd.,2026-04-15 12:23:45.211307,Arun Valley Hydropower Development Co. Ltd.
2026041504012219,AHPC,36,59,100,300.9,30090.0,2026-04-15,186377051,360,Secured Securities Ltd.,Deevyaa Securities & Stock House Pvt. Ltd,2026-04-15 12:24:01.354764,Arun Valley Hydropower Development Co. Ltd.
2026041504012317,AHPC,45,51,15,301.0,4515.0,2026-04-15,186377782,360,Imperial Securities Company Pvt. Ltd.,Oxford Securities Pvt. Ltd.,2026-04-15 12:24:28.654227,Arun Valley Hydropower Development Co. Ltd.
2026041504012318,AHPC,45,59,290,301.0,87290.0,2026-04-15,186377784,360,Imperial Securities Company Pvt. Ltd.,Deevyaa Securities & Stock House Pvt. Ltd,2026-04-15 12:24:28.654617,Arun Valley Hydropower Development Co. Ltd.
