contractId,stockSymbol,buyerMemberId,sellerMemberId,quantity,rate,amount,businessDate,tradeBookId,stockId,buyerBrokerName,sellerBrokerName,transaction_time,securityName
2026041504000172,AKJCL,17,43,500,405.9,202950.0,2026-04-15,186286815,2788,ABC Securities Private Limited,South Asian Bulls Pvt. Ltd.,2026-04-15 11:02:28.915772,Ankhu Khola Jalvidhyut Company Ltd
2026041504000173,AKJCL,17,45,200,406.0,81200.0,2026-04-15,186286818,2788,ABC Securities Private Limited,Imperial Securities Company Pvt. Ltd.,2026-04-15 11:02:28.915810,Ankhu Khola Jalvidhyut Company Ltd
2026041504000242,AKJCL,17,45,300,406.0,121800.0,2026-04-15,186287345,2788,ABC Securities Private Limited,Imperial Securities Company Pvt. Ltd.,2026-04-15 11:02:52.883110,Ankhu Khola Jalvidhyut Company Ltd
2026041504000243,AKJCL,17,92,200,406.0,81200.0,2026-04-15,186287348,2788,ABC Securities Private Limited,Roadshow securities limited,2026-04-15 11:02:52.883165,Ankhu Khola Jalvidhyut Company Ltd
2026041504000270,AKJCL,72,92,300,406.0,121800.0,2026-04-15,186287533,2788,Hatemalo Financial Services Private Limited,Roadshow securities limited,2026-04-15 11:03:01.958455,Ankhu Khola Jalvidhyut Company Ltd
2026041504000271,AKJCL,72,56,2700,406.9,1098630.0,2026-04-15,186287536,2788,Hatemalo Financial Services Private Limited,Sri Hari Securities Pvt. Ltd.,2026-04-15 11:03:01.958522,Ankhu Khola Jalvidhyut Company Ltd
2026041504000289,AKJCL,61,1,500,406.5,203250.0,2026-04-15,186287712,2788,BHOLE GANESH SECURITIES LTD,Kumari Securities Private Limited,2026-04-15 11:03:12.788889,Ankhu Khola Jalvidhyut Company Ltd
2026041504000332,AKJCL,75,56,1000,406.9,406900.0,2026-04-15,186288144,2788,N.I.M.B. Stock Markets Limited,Sri Hari Securities Pvt. Ltd.,2026-04-15 11:03:38.685272,Ankhu Khola Jalvidhyut Company Ltd
2026041504000347,AKJCL,75,56,300,406.9,122070.0,2026-04-15,186288363,2788,N.I.M.B. Stock Markets Limited,Sri Hari Securities Pvt. Ltd.,2026-04-15 11:03:50.597696,Ankhu Khola Jalvidhyut Company Ltd
2026041504000368,AKJCL,71,25,500,407.0,203500.0,2026-04-15,186288483,2788,SHUBHAKAMANA SECURITIES PVT. LTD,Sweta Securities Private Limited,2026-04-15 11:03:56.253557,Ankhu Khola Jalvidhyut Company Ltd
2026041504000383,AKJCL,71,6,1000,407.0,407000.0,2026-04-15,186288705,2788,SHUBHAKAMANA SECURITIES PVT. LTD,Agrawal Securities (PVT) Ltd.,2026-04-15 11:04:08.665362,Ankhu Khola Jalvidhyut Company Ltd
2026041504000433,AKJCL,75,62,200,406.9,81380.0,2026-04-15,186289136,2788,N.I.M.B. Stock Markets Limited,Capital Max Securities Ltd,2026-04-15 11:04:34.859774,Ankhu Khola Jalvidhyut Company Ltd
2026041504000434,AKJCL,60,62,100,404.0,40400.0,2026-04-15,186289137,2788,Nagarik Stock Dealer ,Capital Max Securities Ltd,2026-04-15 11:04:34.859807,Ankhu Khola Jalvidhyut Company Ltd
2026041504000438,AKJCL,32,45,10,407.0,4070.0,2026-04-15,186289187,2788,Premier Securities Company Ltd.,Imperial Securities Company Pvt. Ltd.,2026-04-15 11:04:39.020512,Ankhu Khola Jalvidhyut Company Ltd
2026041504000439,AKJCL,32,58,490,407.0,199430.0,2026-04-15,186289190,2788,Premier Securities Company Ltd.,Naasa Securities Co. Ltd.,2026-04-15 11:04:39.020758,Ankhu Khola Jalvidhyut Company Ltd
2026041504000507,AKJCL,101,62,10,405.0,4050.0,2026-04-15,186289567,2788,APPLE SECURITIES PRIVATE LIMITED,Capital Max Securities Ltd,2026-04-15 11:05:07.201801,Ankhu Khola Jalvidhyut Company Ltd
2026041504000520,AKJCL,64,38,24000,406.1,9746400.0,2026-04-15,186289665,2788,SUN SECURITIES PVT LTD,Dipshikha Dhitopatra Karobar Co. Pvt Ltd.,2026-04-15 11:05:15.574698,Ankhu Khola Jalvidhyut Company Ltd
2026041504000617,AKJCL,101,6,990,405.0,400950.0,2026-04-15,186290315,2788,APPLE SECURITIES PRIVATE LIMITED,Agrawal Securities (PVT) Ltd.,2026-04-15 11:06:05.441896,Ankhu Khola Jalvidhyut Company Ltd
2026041504000709,AKJCL,72,10,1000,405.1,405100.0,2026-04-15,186290965,2788,Hatemalo Financial Services Private Limited,Pragyan Securities (PVT) Ltd.,2026-04-15 11:06:54.560868,Ankhu Khola Jalvidhyut Company Ltd
2026041504000727,AKJCL,8,49,500,405.2,202600.0,2026-04-15,186291078,2788,Brilliant Securities Pvt. Ltd.,Online Securities Pvt. Ltd.,2026-04-15 11:07:03.227216,Ankhu Khola Jalvidhyut Company Ltd
2026041504000728,AKJCL,71,49,500,405.0,202500.0,2026-04-15,186291079,2788,SHUBHAKAMANA SECURITIES PVT. LTD,Online Securities Pvt. Ltd.,2026-04-15 11:07:03.227337,Ankhu Khola Jalvidhyut Company Ltd
2026041504000890,AKJCL,75,65,925,404.5,374162.5,2026-04-15,186292123,2788,N.I.M.B. Stock Markets Limited,Sharepro Securities Private Limited,2026-04-15 11:08:05.245828,Ankhu Khola Jalvidhyut Company Ltd
2026041504001039,AKJCL,6,64,1000,404.7,404700.0,2026-04-15,186293272,2788,Agrawal Securities (PVT) Ltd.,SUN SECURITIES PVT LTD,2026-04-15 11:09:28.675028,Ankhu Khola Jalvidhyut Company Ltd
2026041504001040,AKJCL,72,64,1000,404.6,404600.0,2026-04-15,186293274,2788,Hatemalo Financial Services Private Limited,SUN SECURITIES PVT LTD,2026-04-15 11:09:28.675067,Ankhu Khola Jalvidhyut Company Ltd
2026041504001041,AKJCL,75,64,1000,404.5,404500.0,2026-04-15,186293275,2788,N.I.M.B. Stock Markets Limited,SUN SECURITIES PVT LTD,2026-04-15 11:09:28.675089,Ankhu Khola Jalvidhyut Company Ltd
2026041504001067,AKJCL,58,25,200,404.7,80940.0,2026-04-15,186293439,2788,Naasa Securities Co. Ltd.,Sweta Securities Private Limited,2026-04-15 11:09:43.319409,Ankhu Khola Jalvidhyut Company Ltd
2026041504001176,AKJCL,26,47,250,405.9,101475.0,2026-04-15,186294248,2788,Asian Securities Private Ltd.,Neev Securities Pvt. Ltd.,2026-04-15 11:10:34.383799,Ankhu Khola Jalvidhyut Company Ltd
2026041504001192,AKJCL,72,99,1000,404.8,404800.0,2026-04-15,186294462,2788,Hatemalo Financial Services Private Limited,Prabhu Stock Market Limited,2026-04-15 11:10:38.824922,Ankhu Khola Jalvidhyut Company Ltd
2026041504001193,AKJCL,75,99,75,404.5,30337.5,2026-04-15,186294464,2788,N.I.M.B. Stock Markets Limited,Prabhu Stock Market Limited,2026-04-15 11:10:38.825066,Ankhu Khola Jalvidhyut Company Ltd
2026041504001194,AKJCL,7,99,500,404.3,202150.0,2026-04-15,186294466,2788,J.F. Securites (PVT) Ltd.,Prabhu Stock Market Limited,2026-04-15 11:10:38.825130,Ankhu Khola Jalvidhyut Company Ltd
2026041504001195,AKJCL,42,99,425,404.1,171742.5,2026-04-15,186294467,2788,Sani Securities Company Ltd.,Prabhu Stock Market Limited,2026-04-15 11:10:38.825185,Ankhu Khola Jalvidhyut Company Ltd
2026041504001250,AKJCL,32,87,250,404.9,101225.0,2026-04-15,186294846,2788,Premier Securities Company Ltd.,S.P.S.A. Securities Limited,2026-04-15 11:10:59.839008,Ankhu Khola Jalvidhyut Company Ltd
2026041504001251,AKJCL,42,87,75,404.1,30307.5,2026-04-15,186294848,2788,Sani Securities Company Ltd.,S.P.S.A. Securities Limited,2026-04-15 11:10:59.839160,Ankhu Khola Jalvidhyut Company Ltd
2026041504001252,AKJCL,60,87,1675,404.0,676700.0,2026-04-15,186294849,2788,Nagarik Stock Dealer ,S.P.S.A. Securities Limited,2026-04-15 11:10:59.839223,Ankhu Khola Jalvidhyut Company Ltd
2026041504001335,AKJCL,72,21,1000,404.1,404100.0,2026-04-15,186295316,2788,Hatemalo Financial Services Private Limited,Midas Stock Broking Company Private Limited,2026-04-15 11:11:37.285157,Ankhu Khola Jalvidhyut Company Ltd
2026041504001336,AKJCL,60,21,725,404.0,292900.0,2026-04-15,186295318,2788,Nagarik Stock Dealer ,Midas Stock Broking Company Private Limited,2026-04-15 11:11:37.285421,Ankhu Khola Jalvidhyut Company Ltd
2026041504001337,AKJCL,45,21,100,404.0,40400.0,2026-04-15,186295320,2788,Imperial Securities Company Pvt. Ltd.,Midas Stock Broking Company Private Limited,2026-04-15 11:11:37.285586,Ankhu Khola Jalvidhyut Company Ltd
2026041504001371,AKJCL,101,57,200,403.1,80620.0,2026-04-15,186295633,2788,APPLE SECURITIES PRIVATE LIMITED,Aryatara Investment & Securities,2026-04-15 11:11:52.972815,Ankhu Khola Jalvidhyut Company Ltd
2026041504001392,AKJCL,101,64,300,403.1,120930.0,2026-04-15,186295732,2788,APPLE SECURITIES PRIVATE LIMITED,SUN SECURITIES PVT LTD,2026-04-15 11:11:59.712531,Ankhu Khola Jalvidhyut Company Ltd
2026041504001393,AKJCL,71,64,2000,403.0,806000.0,2026-04-15,186295734,2788,SHUBHAKAMANA SECURITIES PVT. LTD,SUN SECURITIES PVT LTD,2026-04-15 11:11:59.712613,Ankhu Khola Jalvidhyut Company Ltd
2026041504001394,AKJCL,32,64,200,403.0,80600.0,2026-04-15,186295736,2788,Premier Securities Company Ltd.,SUN SECURITIES PVT LTD,2026-04-15 11:11:59.712640,Ankhu Khola Jalvidhyut Company Ltd
2026041504001395,AKJCL,101,64,500,403.0,201500.0,2026-04-15,186295737,2788,APPLE SECURITIES PRIVATE LIMITED,SUN SECURITIES PVT LTD,2026-04-15 11:11:59.712661,Ankhu Khola Jalvidhyut Company Ltd
2026041504001408,AKJCL,38,21,175,404.0,70700.0,2026-04-15,186295842,2788,Dipshikha Dhitopatra Karobar Co. Pvt Ltd.,Midas Stock Broking Company Private Limited,2026-04-15 11:12:08.677030,Ankhu Khola Jalvidhyut Company Ltd
2026041504001706,AKJCL,10,53,340,404.0,137360.0,2026-04-15,186297886,2788,Pragyan Securities (PVT) Ltd.,Investment Management Nepal Pvt. Ltd.,2026-04-15 11:14:49.762784,Ankhu Khola Jalvidhyut Company Ltd
2026041504001763,AKJCL,28,53,160,404.0,64640.0,2026-04-15,186298143,2788,Shree Krishna Securities Ltd.,Investment Management Nepal Pvt. Ltd.,2026-04-15 11:15:10.286088,Ankhu Khola Jalvidhyut Company Ltd
2026041504001784,AKJCL,28,38,50,404.0,20200.0,2026-04-15,186298301,2788,Shree Krishna Securities Ltd.,Dipshikha Dhitopatra Karobar Co. Pvt Ltd.,2026-04-15 11:15:24.549661,Ankhu Khola Jalvidhyut Company Ltd
2026041504001840,AKJCL,28,64,790,404.0,319160.0,2026-04-15,186298638,2788,Shree Krishna Securities Ltd.,SUN SECURITIES PVT LTD,2026-04-15 11:15:50.698745,Ankhu Khola Jalvidhyut Company Ltd
2026041504001841,AKJCL,101,64,500,403.0,201500.0,2026-04-15,186298640,2788,APPLE SECURITIES PRIVATE LIMITED,SUN SECURITIES PVT LTD,2026-04-15 11:15:50.698800,Ankhu Khola Jalvidhyut Company Ltd
2026041504001842,AKJCL,29,64,1000,403.0,403000.0,2026-04-15,186298642,2788,Trisul Securities & Invt. Ltd.,SUN SECURITIES PVT LTD,2026-04-15 11:15:50.698845,Ankhu Khola Jalvidhyut Company Ltd
2026041504001843,AKJCL,58,64,4710,403.0,1898130.0,2026-04-15,186298643,2788,Naasa Securities Co. Ltd.,SUN SECURITIES PVT LTD,2026-04-15 11:15:50.698871,Ankhu Khola Jalvidhyut Company Ltd
2026041504001851,AKJCL,28,16,100,404.7,40470.0,2026-04-15,186298775,2788,Shree Krishna Securities Ltd.,Primo Securities (PVT) Ltd.,2026-04-15 11:15:57.281526,Ankhu Khola Jalvidhyut Company Ltd
2026041504001852,AKJCL,28,47,50,404.8,20240.0,2026-04-15,186298777,2788,Shree Krishna Securities Ltd.,Neev Securities Pvt. Ltd.,2026-04-15 11:15:57.281678,Ankhu Khola Jalvidhyut Company Ltd
2026041504001853,AKJCL,28,99,1000,404.9,404900.0,2026-04-15,186298779,2788,Shree Krishna Securities Ltd.,Prabhu Stock Market Limited,2026-04-15 11:15:57.281749,Ankhu Khola Jalvidhyut Company Ltd
2026041504001854,AKJCL,28,38,850,405.0,344250.0,2026-04-15,186298782,2788,Shree Krishna Securities Ltd.,Dipshikha Dhitopatra Karobar Co. Pvt Ltd.,2026-04-15 11:15:57.281815,Ankhu Khola Jalvidhyut Company Ltd
2026041504002123,AKJCL,57,28,250,404.9,101225.0,2026-04-15,186300570,2788,Aryatara Investment & Securities,Shree Krishna Securities Ltd.,2026-04-15 11:18:21.627218,Ankhu Khola Jalvidhyut Company Ltd
2026041504002213,AKJCL,48,28,10,404.9,4049.0,2026-04-15,186301472,2788,Trishakti Securities Public Limited,Shree Krishna Securities Ltd.,2026-04-15 11:19:28.522116,Ankhu Khola Jalvidhyut Company Ltd
2026041504002438,AKJCL,64,67,100,404.0,40400.0,2026-04-15,186303082,2788,SUN SECURITIES PVT LTD,Property Wiard Limited,2026-04-15 11:20:54.189307,Ankhu Khola Jalvidhyut Company Ltd
2026041504002517,AKJCL,75,67,20,404.0,8080.0,2026-04-15,186303663,2788,N.I.M.B. Stock Markets Limited,Property Wiard Limited,2026-04-15 11:21:29.120169,Ankhu Khola Jalvidhyut Company Ltd
2026041504002518,AKJCL,75,28,240,404.7,97128.0,2026-04-15,186303665,2788,N.I.M.B. Stock Markets Limited,Shree Krishna Securities Ltd.,2026-04-15 11:21:29.120343,Ankhu Khola Jalvidhyut Company Ltd
2026041504002519,AKJCL,75,66,718,404.7,290574.6,2026-04-15,186303668,2788,N.I.M.B. Stock Markets Limited,Miyo Securities Pvt Ltd,2026-04-15 11:21:29.120449,Ankhu Khola Jalvidhyut Company Ltd
2026041504002586,AKJCL,45,6,13,403.2,5241.6,2026-04-15,186303988,2788,Imperial Securities Company Pvt. Ltd.,Agrawal Securities (PVT) Ltd.,2026-04-15 11:21:50.491087,Ankhu Khola Jalvidhyut Company Ltd
2026041504002587,AKJCL,28,6,1000,403.1,403100.0,2026-04-15,186303990,2788,Shree Krishna Securities Ltd.,Agrawal Securities (PVT) Ltd.,2026-04-15 11:21:50.491294,Ankhu Khola Jalvidhyut Company Ltd
2026041504002588,AKJCL,58,6,290,403.0,116870.0,2026-04-15,186303992,2788,Naasa Securities Co. Ltd.,Agrawal Securities (PVT) Ltd.,2026-04-15 11:21:50.491374,Ankhu Khola Jalvidhyut Company Ltd
2026041504002589,AKJCL,75,6,894,403.0,360282.0,2026-04-15,186303993,2788,N.I.M.B. Stock Markets Limited,Agrawal Securities (PVT) Ltd.,2026-04-15 11:21:50.491443,Ankhu Khola Jalvidhyut Company Ltd
2026041504002664,AKJCL,75,64,106,403.0,42718.0,2026-04-15,186304632,2788,N.I.M.B. Stock Markets Limited,SUN SECURITIES PVT LTD,2026-04-15 11:22:31.583352,Ankhu Khola Jalvidhyut Company Ltd
2026041504002665,AKJCL,64,64,2000,402.5,805000.0,2026-04-15,186304634,2788,SUN SECURITIES PVT LTD,SUN SECURITIES PVT LTD,2026-04-15 11:22:31.583413,Ankhu Khola Jalvidhyut Company Ltd
2026041504002666,AKJCL,64,64,500,402.1,201050.0,2026-04-15,186304636,2788,SUN SECURITIES PVT LTD,SUN SECURITIES PVT LTD,2026-04-15 11:22:31.583441,Ankhu Khola Jalvidhyut Company Ltd
2026041504002667,AKJCL,14,64,300,402.1,120630.0,2026-04-15,186304638,2788,Nepal Stock House (PVT) Ltd.,SUN SECURITIES PVT LTD,2026-04-15 11:22:31.583475,Ankhu Khola Jalvidhyut Company Ltd
2026041504002668,AKJCL,28,64,4094,402.0,1645788.0,2026-04-15,186304639,2788,Shree Krishna Securities Ltd.,SUN SECURITIES PVT LTD,2026-04-15 11:22:31.583514,Ankhu Khola Jalvidhyut Company Ltd
2026041504002696,AKJCL,58,61,100,403.5,40350.0,2026-04-15,186305064,2788,Naasa Securities Co. Ltd.,BHOLE GANESH SECURITIES LTD,2026-04-15 11:22:58.693280,Ankhu Khola Jalvidhyut Company Ltd
2026041504002723,AKJCL,28,58,900,402.0,361800.0,2026-04-15,186305283,2788,Shree Krishna Securities Ltd.,Naasa Securities Co. Ltd.,2026-04-15 11:23:15.592575,Ankhu Khola Jalvidhyut Company Ltd
2026041504002893,AKJCL,65,91,10,402.0,4020.0,2026-04-15,186306778,2788,Sharepro Securities Private Limited,Citizens Share Broker Limited,2026-04-15 11:24:46.842687,Ankhu Khola Jalvidhyut Company Ltd
2026041504002894,AKJCL,72,91,444,401.7,178354.8,2026-04-15,186306780,2788,Hatemalo Financial Services Private Limited,Citizens Share Broker Limited,2026-04-15 11:24:46.842779,Ankhu Khola Jalvidhyut Company Ltd
2026041504002895,AKJCL,17,91,500,401.6,200800.0,2026-04-15,186306782,2788,ABC Securities Private Limited,Citizens Share Broker Limited,2026-04-15 11:24:46.842863,Ankhu Khola Jalvidhyut Company Ltd
2026041504002896,AKJCL,75,91,1000,401.2,401200.0,2026-04-15,186306784,2788,N.I.M.B. Stock Markets Limited,Citizens Share Broker Limited,2026-04-15 11:24:46.842965,Ankhu Khola Jalvidhyut Company Ltd
2026041504002897,AKJCL,60,91,1046,401.1,419550.6,2026-04-15,186306785,2788,Nagarik Stock Dealer ,Citizens Share Broker Limited,2026-04-15 11:24:46.843063,Ankhu Khola Jalvidhyut Company Ltd
2026041504002919,AKJCL,60,43,500,401.1,200550.0,2026-04-15,186306961,2788,Nagarik Stock Dealer ,South Asian Bulls Pvt. Ltd.,2026-04-15 11:24:56.611389,Ankhu Khola Jalvidhyut Company Ltd
2026041504002926,AKJCL,72,61,200,402.2,80440.0,2026-04-15,186306982,2788,Hatemalo Financial Services Private Limited,BHOLE GANESH SECURITIES LTD,2026-04-15 11:24:57.812359,Ankhu Khola Jalvidhyut Company Ltd
2026041504002951,AKJCL,60,58,1100,401.1,441210.0,2026-04-15,186307433,2788,Nagarik Stock Dealer ,Naasa Securities Co. Ltd.,2026-04-15 11:25:19.856665,Ankhu Khola Jalvidhyut Company Ltd
2026041504002962,AKJCL,72,61,100,402.2,40220.0,2026-04-15,186307564,2788,Hatemalo Financial Services Private Limited,BHOLE GANESH SECURITIES LTD,2026-04-15 11:25:28.572237,Ankhu Khola Jalvidhyut Company Ltd
2026041504003118,AKJCL,28,29,106,401.2,42527.2,2026-04-15,186309088,2788,Shree Krishna Securities Ltd.,Trisul Securities & Invt. Ltd.,2026-04-15 11:27:02.765658,Ankhu Khola Jalvidhyut Company Ltd
2026041504003119,AKJCL,60,29,539,401.1,216192.9,2026-04-15,186309090,2788,Nagarik Stock Dealer ,Trisul Securities & Invt. Ltd.,2026-04-15 11:27:02.766002,Ankhu Khola Jalvidhyut Company Ltd
2026041504003120,AKJCL,8,29,500,401.0,200500.0,2026-04-15,186309092,2788,Brilliant Securities Pvt. Ltd.,Trisul Securities & Invt. Ltd.,2026-04-15 11:27:02.766232,Ankhu Khola Jalvidhyut Company Ltd
2026041504003121,AKJCL,14,29,300,400.2,120060.0,2026-04-15,186309094,2788,Nepal Stock House (PVT) Ltd.,Trisul Securities & Invt. Ltd.,2026-04-15 11:27:02.766482,Ankhu Khola Jalvidhyut Company Ltd
2026041504003122,AKJCL,99,29,3555,400.1,1422355.5,2026-04-15,186309095,2788,Prabhu Stock Market Limited,Trisul Securities & Invt. Ltd.,2026-04-15 11:27:02.766711,Ankhu Khola Jalvidhyut Company Ltd
2026041504003136,AKJCL,49,29,1000,400.2,400200.0,2026-04-15,186309276,2788,Online Securities Pvt. Ltd.,Trisul Securities & Invt. Ltd.,2026-04-15 11:27:14.077372,Ankhu Khola Jalvidhyut Company Ltd
2026041504003137,AKJCL,99,29,1445,400.1,578144.5,2026-04-15,186309278,2788,Prabhu Stock Market Limited,Trisul Securities & Invt. Ltd.,2026-04-15 11:27:14.077720,Ankhu Khola Jalvidhyut Company Ltd
2026041504003138,AKJCL,60,29,2500,400.0,1000000.0,2026-04-15,186309280,2788,Nagarik Stock Dealer ,Trisul Securities & Invt. Ltd.,2026-04-15 11:27:14.077976,Ankhu Khola Jalvidhyut Company Ltd
2026041504003139,AKJCL,60,29,2500,400.0,1000000.0,2026-04-15,186309282,2788,Nagarik Stock Dealer ,Trisul Securities & Invt. Ltd.,2026-04-15 11:27:14.078198,Ankhu Khola Jalvidhyut Company Ltd
2026041504003140,AKJCL,22,29,250,400.0,100000.0,2026-04-15,186309284,2788,Siprabi Securities Pvt. Ltd.,Trisul Securities & Invt. Ltd.,2026-04-15 11:27:14.078438,Ankhu Khola Jalvidhyut Company Ltd
2026041504003141,AKJCL,37,29,300,400.0,120000.0,2026-04-15,186309286,2788,Swarna Laxmi Securities Pvt. Ltd.,Trisul Securities & Invt. Ltd.,2026-04-15 11:27:14.078669,Ankhu Khola Jalvidhyut Company Ltd
2026041504003142,AKJCL,64,29,500,400.0,200000.0,2026-04-15,186309288,2788,SUN SECURITIES PVT LTD,Trisul Securities & Invt. Ltd.,2026-04-15 11:27:14.078886,Ankhu Khola Jalvidhyut Company Ltd
2026041504003143,AKJCL,58,29,500,400.0,200000.0,2026-04-15,186309290,2788,Naasa Securities Co. Ltd.,Trisul Securities & Invt. Ltd.,2026-04-15 11:27:14.079082,Ankhu Khola Jalvidhyut Company Ltd
2026041504003144,AKJCL,64,29,1005,400.0,402000.0,2026-04-15,186309291,2788,SUN SECURITIES PVT LTD,Trisul Securities & Invt. Ltd.,2026-04-15 11:27:14.079287,Ankhu Khola Jalvidhyut Company Ltd
2026041504003265,AKJCL,41,74,55,401.1,22060.5,2026-04-15,186310577,2788,Linch Stock Market Ltd.,KALASH STOCK MARKET PVT. LTD.,2026-04-15 11:28:32.284834,Ankhu Khola Jalvidhyut Company Ltd
2026041504003282,AKJCL,41,64,945,401.1,379039.5,2026-04-15,186310772,2788,Linch Stock Market Ltd.,SUN SECURITIES PVT LTD,2026-04-15 11:28:44.008772,Ankhu Khola Jalvidhyut Company Ltd
2026041504003366,AKJCL,17,64,55,401.1,22060.5,2026-04-15,186311363,2788,ABC Securities Private Limited,SUN SECURITIES PVT LTD,2026-04-15 11:29:26.390132,Ankhu Khola Jalvidhyut Company Ltd
2026041504003367,AKJCL,17,91,4945,402.1,1988384.5,2026-04-15,186311366,2788,ABC Securities Private Limited,Citizens Share Broker Limited,2026-04-15 11:29:26.390184,Ankhu Khola Jalvidhyut Company Ltd
2026041504003620,AKJCL,35,58,750,401.1,300825.0,2026-04-15,186313515,2788,Kohinoor Investment & Securities Pvt. Ltd.,Naasa Securities Co. Ltd.,2026-04-15 11:31:35.675966,Ankhu Khola Jalvidhyut Company Ltd
2026041504003779,AKJCL,7,28,200,401.2,80240.0,2026-04-15,186315079,2788,J.F. Securites (PVT) Ltd.,Shree Krishna Securities Ltd.,2026-04-15 11:33:03.711758,Ankhu Khola Jalvidhyut Company Ltd
2026041504003814,AKJCL,71,43,500,402.0,201000.0,2026-04-15,186315368,2788,SHUBHAKAMANA SECURITIES PVT. LTD,South Asian Bulls Pvt. Ltd.,2026-04-15 11:33:24.077504,Ankhu Khola Jalvidhyut Company Ltd
2026041504003947,AKJCL,101,42,100,401.4,40140.0,2026-04-15,186316420,2788,APPLE SECURITIES PRIVATE LIMITED,Sani Securities Company Ltd.,2026-04-15 11:34:21.887130,Ankhu Khola Jalvidhyut Company Ltd
2026041504003948,AKJCL,70,42,200,401.3,80260.0,2026-04-15,186316422,2788,Infinity Securities Limited,Sani Securities Company Ltd.,2026-04-15 11:34:21.887351,Ankhu Khola Jalvidhyut Company Ltd
2026041504003949,AKJCL,7,42,50,401.3,20065.0,2026-04-15,186316424,2788,J.F. Securites (PVT) Ltd.,Sani Securities Company Ltd.,2026-04-15 11:34:21.887441,Ankhu Khola Jalvidhyut Company Ltd
2026041504003950,AKJCL,71,42,1000,401.2,401200.0,2026-04-15,186316426,2788,SHUBHAKAMANA SECURITIES PVT. LTD,Sani Securities Company Ltd.,2026-04-15 11:34:21.887526,Ankhu Khola Jalvidhyut Company Ltd
2026041504003951,AKJCL,35,42,250,401.1,100275.0,2026-04-15,186316428,2788,Kohinoor Investment & Securities Pvt. Ltd.,Sani Securities Company Ltd.,2026-04-15 11:34:21.887609,Ankhu Khola Jalvidhyut Company Ltd
2026041504003952,AKJCL,7,42,250,401.1,100275.0,2026-04-15,186316430,2788,J.F. Securites (PVT) Ltd.,Sani Securities Company Ltd.,2026-04-15 11:34:21.887700,Ankhu Khola Jalvidhyut Company Ltd
2026041504003953,AKJCL,42,42,150,401.0,60150.0,2026-04-15,186316431,2788,Sani Securities Company Ltd.,Sani Securities Company Ltd.,2026-04-15 11:34:21.887781,Ankhu Khola Jalvidhyut Company Ltd
2026041504003984,AKJCL,64,59,2000,402.0,804000.0,2026-04-15,186316666,2788,SUN SECURITIES PVT LTD,Deevyaa Securities & Stock House Pvt. Ltd,2026-04-15 11:34:35.295509,Ankhu Khola Jalvidhyut Company Ltd
2026041504004077,AKJCL,66,59,1000,402.0,402000.0,2026-04-15,186317194,2788,Miyo Securities Pvt Ltd,Deevyaa Securities & Stock House Pvt. Ltd,2026-04-15 11:35:03.707103,Ankhu Khola Jalvidhyut Company Ltd
2026041504004107,AKJCL,99,59,333,402.0,133866.0,2026-04-15,186317417,2788,Prabhu Stock Market Limited,Deevyaa Securities & Stock House Pvt. Ltd,2026-04-15 11:35:20.673949,Ankhu Khola Jalvidhyut Company Ltd
2026041504004140,AKJCL,17,91,55,402.1,22115.5,2026-04-15,186317627,2788,ABC Securities Private Limited,Citizens Share Broker Limited,2026-04-15 11:35:36.033673,Ankhu Khola Jalvidhyut Company Ltd
2026041504004141,AKJCL,17,61,600,402.2,241320.0,2026-04-15,186317629,2788,ABC Securities Private Limited,BHOLE GANESH SECURITIES LTD,2026-04-15 11:35:36.033765,Ankhu Khola Jalvidhyut Company Ltd
2026041504004142,AKJCL,17,65,500,403.0,201500.0,2026-04-15,186317631,2788,ABC Securities Private Limited,Sharepro Securities Private Limited,2026-04-15 11:35:36.033843,Ankhu Khola Jalvidhyut Company Ltd
2026041504004143,AKJCL,17,64,845,403.9,341295.5,2026-04-15,186317634,2788,ABC Securities Private Limited,SUN SECURITIES PVT LTD,2026-04-15 11:35:36.033926,Ankhu Khola Jalvidhyut Company Ltd
2026041504004184,AKJCL,17,64,155,403.9,62604.5,2026-04-15,186317831,2788,ABC Securities Private Limited,SUN SECURITIES PVT LTD,2026-04-15 11:35:49.590153,Ankhu Khola Jalvidhyut Company Ltd
2026041504004185,AKJCL,17,26,1000,404.0,404000.0,2026-04-15,186317833,2788,ABC Securities Private Limited,Asian Securities Private Ltd.,2026-04-15 11:35:49.590221,Ankhu Khola Jalvidhyut Company Ltd
2026041504004186,AKJCL,17,45,390,404.0,157560.0,2026-04-15,186317835,2788,ABC Securities Private Limited,Imperial Securities Company Pvt. Ltd.,2026-04-15 11:35:49.590247,Ankhu Khola Jalvidhyut Company Ltd
2026041504004187,AKJCL,17,6,5000,404.6,2023000.0,2026-04-15,186317837,2788,ABC Securities Private Limited,Agrawal Securities (PVT) Ltd.,2026-04-15 11:35:49.590274,Ankhu Khola Jalvidhyut Company Ltd
2026041504004188,AKJCL,17,64,1000,404.6,404600.0,2026-04-15,186317839,2788,ABC Securities Private Limited,SUN SECURITIES PVT LTD,2026-04-15 11:35:49.590301,Ankhu Khola Jalvidhyut Company Ltd
2026041504004189,AKJCL,17,66,2455,404.7,993538.5,2026-04-15,186317842,2788,ABC Securities Private Limited,Miyo Securities Pvt Ltd,2026-04-15 11:35:49.590341,Ankhu Khola Jalvidhyut Company Ltd
2026041504004222,AKJCL,17,66,10000,404.7,4047000.0,2026-04-15,186318148,2788,ABC Securities Private Limited,Miyo Securities Pvt Ltd,2026-04-15 11:36:02.429073,Ankhu Khola Jalvidhyut Company Ltd
2026041504004260,AKJCL,17,26,500,403.5,201750.0,2026-04-15,186318574,2788,ABC Securities Private Limited,Asian Securities Private Ltd.,2026-04-15 11:36:25.502545,Ankhu Khola Jalvidhyut Company Ltd
2026041504004270,AKJCL,22,26,130,403.5,52455.0,2026-04-15,186318650,2788,Siprabi Securities Pvt. Ltd.,Asian Securities Private Ltd.,2026-04-15 11:36:30.322496,Ankhu Khola Jalvidhyut Company Ltd
2026041504004450,AKJCL,17,21,500,403.0,201500.0,2026-04-15,186320086,2788,ABC Securities Private Limited,Midas Stock Broking Company Private Limited,2026-04-15 11:38:11.086276,Ankhu Khola Jalvidhyut Company Ltd
2026041504004599,AKJCL,64,21,400,403.0,161200.0,2026-04-15,186321056,2788,SUN SECURITIES PVT LTD,Midas Stock Broking Company Private Limited,2026-04-15 11:39:10.094512,Ankhu Khola Jalvidhyut Company Ltd
2026041504004684,AKJCL,87,71,500,402.2,201100.0,2026-04-15,186321761,2788,S.P.S.A. Securities Limited,SHUBHAKAMANA SECURITIES PVT. LTD,2026-04-15 11:39:59.855637,Ankhu Khola Jalvidhyut Company Ltd
2026041504004735,AKJCL,87,45,200,402.2,80440.0,2026-04-15,186322165,2788,S.P.S.A. Securities Limited,Imperial Securities Company Pvt. Ltd.,2026-04-15 11:40:24.055704,Ankhu Khola Jalvidhyut Company Ltd
2026041504004745,AKJCL,58,21,20,403.0,8060.0,2026-04-15,186322310,2788,Naasa Securities Co. Ltd.,Midas Stock Broking Company Private Limited,2026-04-15 11:40:35.027426,Ankhu Khola Jalvidhyut Company Ltd
2026041504004748,AKJCL,64,21,10,403.0,4030.0,2026-04-15,186322320,2788,SUN SECURITIES PVT LTD,Midas Stock Broking Company Private Limited,2026-04-15 11:40:35.846790,Ankhu Khola Jalvidhyut Company Ltd
2026041504004777,AKJCL,87,21,70,403.0,28210.0,2026-04-15,186322519,2788,S.P.S.A. Securities Limited,Midas Stock Broking Company Private Limited,2026-04-15 11:40:45.432692,Ankhu Khola Jalvidhyut Company Ltd
2026041504004778,AKJCL,87,1,400,403.0,161200.0,2026-04-15,186322521,2788,S.P.S.A. Securities Limited,Kumari Securities Private Limited,2026-04-15 11:40:45.432913,Ankhu Khola Jalvidhyut Company Ltd
2026041504004779,AKJCL,87,1,100,403.0,40300.0,2026-04-15,186322523,2788,S.P.S.A. Securities Limited,Kumari Securities Private Limited,2026-04-15 11:40:45.433004,Ankhu Khola Jalvidhyut Company Ltd
2026041504004788,AKJCL,87,62,250,403.4,100850.0,2026-04-15,186322623,2788,S.P.S.A. Securities Limited,Capital Max Securities Ltd,2026-04-15 11:40:52.625537,Ankhu Khola Jalvidhyut Company Ltd
2026041504004789,AKJCL,87,26,180,403.5,72630.0,2026-04-15,186322626,2788,S.P.S.A. Securities Limited,Asian Securities Private Ltd.,2026-04-15 11:40:52.625793,Ankhu Khola Jalvidhyut Company Ltd
2026041504004807,AKJCL,87,22,300,403.0,120900.0,2026-04-15,186322754,2788,S.P.S.A. Securities Limited,Siprabi Securities Pvt. Ltd.,2026-04-15 11:41:00.085285,Ankhu Khola Jalvidhyut Company Ltd
2026041504004809,AKJCL,38,22,100,403.0,40300.0,2026-04-15,186322798,2788,Dipshikha Dhitopatra Karobar Co. Pvt Ltd.,Siprabi Securities Pvt. Ltd.,2026-04-15 11:41:04.048432,Ankhu Khola Jalvidhyut Company Ltd
2026041504004822,AKJCL,63,22,100,403.0,40300.0,2026-04-15,186322929,2788,Himalayan Brokerage Company Limited,Siprabi Securities Pvt. Ltd.,2026-04-15 11:41:12.371348,Ankhu Khola Jalvidhyut Company Ltd
2026041504004823,AKJCL,63,26,250,403.0,100750.0,2026-04-15,186322931,2788,Himalayan Brokerage Company Limited,Asian Securities Private Ltd.,2026-04-15 11:41:12.371554,Ankhu Khola Jalvidhyut Company Ltd
2026041504004824,AKJCL,63,69,350,403.0,141050.0,2026-04-15,186322934,2788,Himalayan Brokerage Company Limited,INDEX SECURITIES LIMITED,2026-04-15 11:41:12.371645,Ankhu Khola Jalvidhyut Company Ltd
2026041504004905,AKJCL,99,100,1000,402.2,402200.0,2026-04-15,186323748,2788,Prabhu Stock Market Limited,Sunrise Securities Limited,2026-04-15 11:41:59.473627,Ankhu Khola Jalvidhyut Company Ltd
2026041504004906,AKJCL,62,100,400,402.1,160840.0,2026-04-15,186323750,2788,Capital Max Securities Ltd,Sunrise Securities Limited,2026-04-15 11:41:59.473902,Ankhu Khola Jalvidhyut Company Ltd
2026041504004907,AKJCL,7,100,500,402.1,201050.0,2026-04-15,186323752,2788,J.F. Securites (PVT) Ltd.,Sunrise Securities Limited,2026-04-15 11:41:59.473996,Ankhu Khola Jalvidhyut Company Ltd
2026041504004908,AKJCL,62,100,50,402.1,20105.0,2026-04-15,186323754,2788,Capital Max Securities Ltd,Sunrise Securities Limited,2026-04-15 11:41:59.474096,Ankhu Khola Jalvidhyut Company Ltd
2026041504004909,AKJCL,99,100,1000,402.0,402000.0,2026-04-15,186323756,2788,Prabhu Stock Market Limited,Sunrise Securities Limited,2026-04-15 11:41:59.474183,Ankhu Khola Jalvidhyut Company Ltd
2026041504004910,AKJCL,58,100,50,402.0,20100.0,2026-04-15,186323758,2788,Naasa Securities Co. Ltd.,Sunrise Securities Limited,2026-04-15 11:41:59.474270,Ankhu Khola Jalvidhyut Company Ltd
2026041504004911,AKJCL,99,100,10,401.2,4012.0,2026-04-15,186323760,2788,Prabhu Stock Market Limited,Sunrise Securities Limited,2026-04-15 11:41:59.474364,Ankhu Khola Jalvidhyut Company Ltd
2026041504004912,AKJCL,99,100,4667,401.1,1871933.7,2026-04-15,186323762,2788,Prabhu Stock Market Limited,Sunrise Securities Limited,2026-04-15 11:41:59.474452,Ankhu Khola Jalvidhyut Company Ltd
2026041504004913,AKJCL,37,100,100,401.0,40100.0,2026-04-15,186323763,2788,Swarna Laxmi Securities Pvt. Ltd.,Sunrise Securities Limited,2026-04-15 11:41:59.474539,Ankhu Khola Jalvidhyut Company Ltd
2026041504005232,AKJCL,64,91,50,402.0,20100.0,2026-04-15,186326125,2788,SUN SECURITIES PVT LTD,Citizens Share Broker Limited,2026-04-15 11:44:33.717214,Ankhu Khola Jalvidhyut Company Ltd
2026041504005376,AKJCL,64,69,50,403.0,20150.0,2026-04-15,186327135,2788,SUN SECURITIES PVT LTD,INDEX SECURITIES LIMITED,2026-04-15 11:45:37.123517,Ankhu Khola Jalvidhyut Company Ltd
2026041504005466,AKJCL,64,66,950,403.0,382850.0,2026-04-15,186327908,2788,SUN SECURITIES PVT LTD,Miyo Securities Pvt Ltd,2026-04-15 11:46:13.756103,Ankhu Khola Jalvidhyut Company Ltd
2026041504005477,AKJCL,72,66,16,403.0,6448.0,2026-04-15,186327984,2788,Hatemalo Financial Services Private Limited,Miyo Securities Pvt Ltd,2026-04-15 11:46:15.566355,Ankhu Khola Jalvidhyut Company Ltd
2026041504005596,AKJCL,70,6,1000,402.2,402200.0,2026-04-15,186328844,2788,Infinity Securities Limited,Agrawal Securities (PVT) Ltd.,2026-04-15 11:47:10.490037,Ankhu Khola Jalvidhyut Company Ltd
2026041504005597,AKJCL,64,6,950,402.0,381900.0,2026-04-15,186328846,2788,SUN SECURITIES PVT LTD,Agrawal Securities (PVT) Ltd.,2026-04-15 11:47:10.490321,Ankhu Khola Jalvidhyut Company Ltd
2026041504005598,AKJCL,42,6,20,402.0,8040.0,2026-04-15,186328848,2788,Sani Securities Company Ltd.,Agrawal Securities (PVT) Ltd.,2026-04-15 11:47:10.490420,Ankhu Khola Jalvidhyut Company Ltd
2026041504005599,AKJCL,92,6,470,401.4,188658.0,2026-04-15,186328850,2788,Roadshow securities limited,Agrawal Securities (PVT) Ltd.,2026-04-15 11:47:10.490528,Ankhu Khola Jalvidhyut Company Ltd
2026041504005600,AKJCL,64,6,770,401.3,309001.0,2026-04-15,186328852,2788,SUN SECURITIES PVT LTD,Agrawal Securities (PVT) Ltd.,2026-04-15 11:47:10.490625,Ankhu Khola Jalvidhyut Company Ltd
2026041504005601,AKJCL,71,6,1000,401.2,401200.0,2026-04-15,186328854,2788,SHUBHAKAMANA SECURITIES PVT. LTD,Agrawal Securities (PVT) Ltd.,2026-04-15 11:47:10.490719,Ankhu Khola Jalvidhyut Company Ltd
2026041504005602,AKJCL,34,6,50,401.1,20055.0,2026-04-15,186328856,2788,Vision Securities Pvt. Ltd,Agrawal Securities (PVT) Ltd.,2026-04-15 11:47:10.490811,Ankhu Khola Jalvidhyut Company Ltd
2026041504005603,AKJCL,99,6,4490,401.1,1800939.0,2026-04-15,186328857,2788,Prabhu Stock Market Limited,Agrawal Securities (PVT) Ltd.,2026-04-15 11:47:10.490904,Ankhu Khola Jalvidhyut Company Ltd
2026041504005855,AKJCL,39,66,1000,403.0,403000.0,2026-04-15,186330424,2788,Sumeru Securities Pvt. Ltd.,Miyo Securities Pvt Ltd,2026-04-15 11:48:39.210408,Ankhu Khola Jalvidhyut Company Ltd
2026041504006016,AKJCL,39,66,34,403.0,13702.0,2026-04-15,186331805,2788,Sumeru Securities Pvt. Ltd.,Miyo Securities Pvt Ltd,2026-04-15 11:49:29.673933,Ankhu Khola Jalvidhyut Company Ltd
2026041504006017,AKJCL,39,32,50,403.0,20150.0,2026-04-15,186331808,2788,Sumeru Securities Pvt. Ltd.,Premier Securities Company Ltd.,2026-04-15 11:49:29.674263,Ankhu Khola Jalvidhyut Company Ltd
2026041504006092,AKJCL,6,8,50,403.4,20170.0,2026-04-15,186332355,2788,Agrawal Securities (PVT) Ltd.,Brilliant Securities Pvt. Ltd.,2026-04-15 11:49:52.273153,Ankhu Khola Jalvidhyut Company Ltd
2026041504006093,AKJCL,6,26,190,403.5,76665.0,2026-04-15,186332357,2788,Agrawal Securities (PVT) Ltd.,Asian Securities Private Ltd.,2026-04-15 11:49:52.273748,Ankhu Khola Jalvidhyut Company Ltd
2026041504006094,AKJCL,6,64,1000,403.9,403900.0,2026-04-15,186332359,2788,Agrawal Securities (PVT) Ltd.,SUN SECURITIES PVT LTD,2026-04-15 11:49:52.274175,Ankhu Khola Jalvidhyut Company Ltd
2026041504006095,AKJCL,6,58,1000,404.0,404000.0,2026-04-15,186332361,2788,Agrawal Securities (PVT) Ltd.,Naasa Securities Co. Ltd.,2026-04-15 11:49:52.274685,Ankhu Khola Jalvidhyut Company Ltd
2026041504006096,AKJCL,6,46,12,404.0,4848.0,2026-04-15,186332363,2788,Agrawal Securities (PVT) Ltd.,Kalika Securities Pvt. Ltd.,2026-04-15 11:49:52.275104,Ankhu Khola Jalvidhyut Company Ltd
2026041504006097,AKJCL,6,5,1500,404.5,606750.0,2026-04-15,186332365,2788,Agrawal Securities (PVT) Ltd.,Market Securities & Exchange (PVT) Ltd.,2026-04-15 11:49:52.275611,Ankhu Khola Jalvidhyut Company Ltd
2026041504006098,AKJCL,6,51,248,404.5,100316.0,2026-04-15,186332368,2788,Agrawal Securities (PVT) Ltd.,Oxford Securities Pvt. Ltd.,2026-04-15 11:49:52.276026,Ankhu Khola Jalvidhyut Company Ltd
2026041504006355,AKJCL,44,26,4000,404.0,1616000.0,2026-04-15,186335021,2788,Dynamic Money Managers Securities Pvt. Ltd.,Asian Securities Private Ltd.,2026-04-15 11:51:08.249581,Ankhu Khola Jalvidhyut Company Ltd
2026041504006423,AKJCL,44,48,300,404.0,121200.0,2026-04-15,186335571,2788,Dynamic Money Managers Securities Pvt. Ltd.,Trishakti Securities Public Limited,2026-04-15 11:51:27.920933,Ankhu Khola Jalvidhyut Company Ltd
2026041504006429,AKJCL,8,51,592,404.5,239464.0,2026-04-15,186335610,2788,Brilliant Securities Pvt. Ltd.,Oxford Securities Pvt. Ltd.,2026-04-15 11:51:30.491416,Ankhu Khola Jalvidhyut Company Ltd
2026041504006456,AKJCL,44,38,700,404.0,282800.0,2026-04-15,186335828,2788,Dynamic Money Managers Securities Pvt. Ltd.,Dipshikha Dhitopatra Karobar Co. Pvt Ltd.,2026-04-15 11:51:42.134746,Ankhu Khola Jalvidhyut Company Ltd
2026041504006457,AKJCL,38,38,300,404.0,121200.0,2026-04-15,186335829,2788,Dipshikha Dhitopatra Karobar Co. Pvt Ltd.,Dipshikha Dhitopatra Karobar Co. Pvt Ltd.,2026-04-15 11:51:42.134995,Ankhu Khola Jalvidhyut Company Ltd
2026041504006687,AKJCL,58,58,28,403.0,11284.0,2026-04-15,186337873,2788,Naasa Securities Co. Ltd.,Naasa Securities Co. Ltd.,2026-04-15 11:53:09.491685,Ankhu Khola Jalvidhyut Company Ltd
2026041504006911,AKJCL,58,6,472,403.0,190216.0,2026-04-15,186339698,2788,Naasa Securities Co. Ltd.,Agrawal Securities (PVT) Ltd.,2026-04-15 11:54:31.392557,Ankhu Khola Jalvidhyut Company Ltd
2026041504006912,AKJCL,42,6,50,403.0,20150.0,2026-04-15,186339700,2788,Sani Securities Company Ltd.,Agrawal Securities (PVT) Ltd.,2026-04-15 11:54:31.392813,Ankhu Khola Jalvidhyut Company Ltd
2026041504007199,AKJCL,43,6,1200,403.0,483600.0,2026-04-15,186341996,2788,South Asian Bulls Pvt. Ltd.,Agrawal Securities (PVT) Ltd.,2026-04-15 11:56:12.509023,Ankhu Khola Jalvidhyut Company Ltd
2026041504007252,AKJCL,52,26,100,402.5,40250.0,2026-04-15,186342378,2788,Sundhara Securities Limited,Asian Securities Private Ltd.,2026-04-15 11:56:36.596538,Ankhu Khola Jalvidhyut Company Ltd
2026041504007377,AKJCL,43,26,661,402.5,266052.5,2026-04-15,186342929,2788,South Asian Bulls Pvt. Ltd.,Asian Securities Private Ltd.,2026-04-15 11:57:00.954505,Ankhu Khola Jalvidhyut Company Ltd
2026041504007505,AKJCL,64,6,1000,403.0,403000.0,2026-04-15,186343840,2788,SUN SECURITIES PVT LTD,Agrawal Securities (PVT) Ltd.,2026-04-15 11:57:41.905547,Ankhu Khola Jalvidhyut Company Ltd
2026041504007515,AKJCL,38,6,1000,403.0,403000.0,2026-04-15,186343914,2788,Dipshikha Dhitopatra Karobar Co. Pvt Ltd.,Agrawal Securities (PVT) Ltd.,2026-04-15 11:57:46.394116,Ankhu Khola Jalvidhyut Company Ltd
2026041504007796,AKJCL,61,6,288,403.0,116064.0,2026-04-15,186345687,2788,BHOLE GANESH SECURITIES LTD,Agrawal Securities (PVT) Ltd.,2026-04-15 11:59:00.751462,Ankhu Khola Jalvidhyut Company Ltd
2026041504007797,AKJCL,61,58,15,403.0,6045.0,2026-04-15,186345689,2788,BHOLE GANESH SECURITIES LTD,Naasa Securities Co. Ltd.,2026-04-15 11:59:00.751943,Ankhu Khola Jalvidhyut Company Ltd
2026041504007798,AKJCL,61,49,30,403.0,12090.0,2026-04-15,186345691,2788,BHOLE GANESH SECURITIES LTD,Online Securities Pvt. Ltd.,2026-04-15 11:59:00.752264,Ankhu Khola Jalvidhyut Company Ltd
2026041504007808,AKJCL,61,22,100,403.0,40300.0,2026-04-15,186345828,2788,BHOLE GANESH SECURITIES LTD,Siprabi Securities Pvt. Ltd.,2026-04-15 11:59:05.218574,Ankhu Khola Jalvidhyut Company Ltd
2026041504007815,AKJCL,61,58,567,403.0,228501.0,2026-04-15,186345868,2788,BHOLE GANESH SECURITIES LTD,Naasa Securities Co. Ltd.,2026-04-15 11:59:06.283473,Ankhu Khola Jalvidhyut Company Ltd
2026041504007816,AKJCL,82,58,500,403.0,201500.0,2026-04-15,186345870,2788,N.M.B. SECURITIES LIMITED,Naasa Securities Co. Ltd.,2026-04-15 11:59:06.283944,Ankhu Khola Jalvidhyut Company Ltd
2026041504007817,AKJCL,32,58,433,403.0,174499.0,2026-04-15,186345871,2788,Premier Securities Company Ltd.,Naasa Securities Co. Ltd.,2026-04-15 11:59:06.284282,Ankhu Khola Jalvidhyut Company Ltd
2026041504008039,AKJCL,61,48,200,403.0,80600.0,2026-04-15,186347540,2788,BHOLE GANESH SECURITIES LTD,Trishakti Securities Public Limited,2026-04-15 12:00:17.402650,Ankhu Khola Jalvidhyut Company Ltd
2026041504008083,AKJCL,21,48,1000,403.0,403000.0,2026-04-15,186347948,2788,Midas Stock Broking Company Private Limited,Trishakti Securities Public Limited,2026-04-15 12:00:46.095347,Ankhu Khola Jalvidhyut Company Ltd
2026041504008106,AKJCL,43,58,50,402.5,20125.0,2026-04-15,186348059,2788,South Asian Bulls Pvt. Ltd.,Naasa Securities Co. Ltd.,2026-04-15 12:00:49.978071,Ankhu Khola Jalvidhyut Company Ltd
2026041504008238,AKJCL,43,58,20,402.5,8050.0,2026-04-15,186348761,2788,South Asian Bulls Pvt. Ltd.,Naasa Securities Co. Ltd.,2026-04-15 12:01:26.308550,Ankhu Khola Jalvidhyut Company Ltd
2026041504008275,AKJCL,43,32,77,402.5,30992.5,2026-04-15,186348960,2788,South Asian Bulls Pvt. Ltd.,Premier Securities Company Ltd.,2026-04-15 12:01:40.136423,Ankhu Khola Jalvidhyut Company Ltd
2026041504008276,AKJCL,16,32,200,402.1,80420.0,2026-04-15,186348962,2788,Primo Securities (PVT) Ltd.,Premier Securities Company Ltd.,2026-04-15 12:01:40.136686,Ankhu Khola Jalvidhyut Company Ltd
2026041504008277,AKJCL,43,32,300,402.1,120630.0,2026-04-15,186348964,2788,South Asian Bulls Pvt. Ltd.,Premier Securities Company Ltd.,2026-04-15 12:01:40.136832,Ankhu Khola Jalvidhyut Company Ltd
2026041504008278,AKJCL,48,32,100,402.0,40200.0,2026-04-15,186348966,2788,Trishakti Securities Public Limited,Premier Securities Company Ltd.,2026-04-15 12:01:40.136959,Ankhu Khola Jalvidhyut Company Ltd
2026041504008279,AKJCL,91,32,1000,402.0,402000.0,2026-04-15,186348968,2788,Citizens Share Broker Limited,Premier Securities Company Ltd.,2026-04-15 12:01:40.137072,Ankhu Khola Jalvidhyut Company Ltd
2026041504008280,AKJCL,58,32,50,402.0,20100.0,2026-04-15,186348970,2788,Naasa Securities Co. Ltd.,Premier Securities Company Ltd.,2026-04-15 12:01:40.137185,Ankhu Khola Jalvidhyut Company Ltd
2026041504008281,AKJCL,29,32,800,402.0,321600.0,2026-04-15,186348972,2788,Trisul Securities & Invt. Ltd.,Premier Securities Company Ltd.,2026-04-15 12:01:40.137332,Ankhu Khola Jalvidhyut Company Ltd
2026041504008282,AKJCL,38,32,245,402.0,98490.0,2026-04-15,186348974,2788,Dipshikha Dhitopatra Karobar Co. Pvt Ltd.,Premier Securities Company Ltd.,2026-04-15 12:01:40.137458,Ankhu Khola Jalvidhyut Company Ltd
2026041504008283,AKJCL,70,32,200,402.0,80400.0,2026-04-15,186348976,2788,Infinity Securities Limited,Premier Securities Company Ltd.,2026-04-15 12:01:40.137583,Ankhu Khola Jalvidhyut Company Ltd
2026041504008358,AKJCL,52,32,50,402.0,20100.0,2026-04-15,186349244,2788,Sundhara Securities Limited,Premier Securities Company Ltd.,2026-04-15 12:01:49.594488,Ankhu Khola Jalvidhyut Company Ltd
2026041504008590,AKJCL,43,32,1220,402.0,490440.0,2026-04-15,186350567,2788,South Asian Bulls Pvt. Ltd.,Premier Securities Company Ltd.,2026-04-15 12:03:00.169455,Ankhu Khola Jalvidhyut Company Ltd
2026041504008886,AKJCL,43,42,1267,402.0,509334.0,2026-04-15,186352354,2788,South Asian Bulls Pvt. Ltd.,Sani Securities Company Ltd.,2026-04-15 12:04:29.595415,Ankhu Khola Jalvidhyut Company Ltd
2026041504008887,AKJCL,63,42,200,402.0,80400.0,2026-04-15,186352355,2788,Himalayan Brokerage Company Limited,Sani Securities Company Ltd.,2026-04-15 12:04:29.595749,Ankhu Khola Jalvidhyut Company Ltd
2026041504008966,AKJCL,28,58,2000,401.5,803000.0,2026-04-15,186352786,2788,Shree Krishna Securities Ltd.,Naasa Securities Co. Ltd.,2026-04-15 12:04:56.918799,Ankhu Khola Jalvidhyut Company Ltd
2026041504008967,AKJCL,91,58,1000,401.5,401500.0,2026-04-15,186352787,2788,Citizens Share Broker Limited,Naasa Securities Co. Ltd.,2026-04-15 12:04:56.918843,Ankhu Khola Jalvidhyut Company Ltd
2026041504009522,AKJCL,64,42,639,401.8,256750.2,2026-04-15,186356133,2788,SUN SECURITIES PVT LTD,Sani Securities Company Ltd.,2026-04-15 12:08:08.983175,Ankhu Khola Jalvidhyut Company Ltd
2026041504009527,AKJCL,62,38,480,402.8,193344.0,2026-04-15,186356195,2788,Capital Max Securities Ltd,Dipshikha Dhitopatra Karobar Co. Pvt Ltd.,2026-04-15 12:08:12.030381,Ankhu Khola Jalvidhyut Company Ltd
2026041504009528,AKJCL,62,4,520,402.8,209456.0,2026-04-15,186356198,2788,Capital Max Securities Ltd,Opal Securities Investment (PVT) Ltd.,2026-04-15 12:08:12.030912,Ankhu Khola Jalvidhyut Company Ltd
2026041504009570,AKJCL,64,42,361,401.8,145049.8,2026-04-15,186356378,2788,SUN SECURITIES PVT LTD,Sani Securities Company Ltd.,2026-04-15 12:08:20.705169,Ankhu Khola Jalvidhyut Company Ltd
2026041504009571,AKJCL,28,42,839,401.7,337026.3,2026-04-15,186356379,2788,Shree Krishna Securities Ltd.,Sani Securities Company Ltd.,2026-04-15 12:08:20.705480,Ankhu Khola Jalvidhyut Company Ltd
2026041504009603,AKJCL,28,57,158,401.7,63468.6,2026-04-15,186356649,2788,Shree Krishna Securities Ltd.,Aryatara Investment & Securities,2026-04-15 12:08:40.329945,Ankhu Khola Jalvidhyut Company Ltd
2026041504009667,AKJCL,28,38,1000,402.5,402500.0,2026-04-15,186357113,2788,Shree Krishna Securities Ltd.,Dipshikha Dhitopatra Karobar Co. Pvt Ltd.,2026-04-15 12:09:07.491375,Ankhu Khola Jalvidhyut Company Ltd
2026041504009688,AKJCL,65,28,500,402.7,201350.0,2026-04-15,186357290,2788,Sharepro Securities Private Limited,Shree Krishna Securities Ltd.,2026-04-15 12:09:17.325640,Ankhu Khola Jalvidhyut Company Ltd
2026041504009715,AKJCL,28,28,500,402.7,201350.0,2026-04-15,186357403,2788,Shree Krishna Securities Ltd.,Shree Krishna Securities Ltd.,2026-04-15 12:09:24.708183,Ankhu Khola Jalvidhyut Company Ltd
2026041504009811,AKJCL,47,4,480,402.8,193344.0,2026-04-15,186357821,2788,Neev Securities Pvt. Ltd.,Opal Securities Investment (PVT) Ltd.,2026-04-15 12:09:52.049920,Ankhu Khola Jalvidhyut Company Ltd
2026041504009818,AKJCL,98,28,25,402.9,10072.5,2026-04-15,186357989,2788,Trademow Securities Private Limited,Shree Krishna Securities Ltd.,2026-04-15 12:10:00.752861,Ankhu Khola Jalvidhyut Company Ltd
2026041504009819,AKJCL,98,92,475,402.9,191377.5,2026-04-15,186357992,2788,Trademow Securities Private Limited,Roadshow securities limited,2026-04-15 12:10:00.752961,Ankhu Khola Jalvidhyut Company Ltd
2026041504009851,AKJCL,47,56,520,402.8,209456.0,2026-04-15,186358116,2788,Neev Securities Pvt. Ltd.,Sri Hari Securities Pvt. Ltd.,2026-04-15 12:10:16.068385,Ankhu Khola Jalvidhyut Company Ltd
2026041504009880,AKJCL,28,69,200,402.7,80540.0,2026-04-15,186358293,2788,Shree Krishna Securities Ltd.,INDEX SECURITIES LIMITED,2026-04-15 12:10:26.919731,Ankhu Khola Jalvidhyut Company Ltd
2026041504009972,AKJCL,28,38,303,402.7,122018.1,2026-04-15,186358864,2788,Shree Krishna Securities Ltd.,Dipshikha Dhitopatra Karobar Co. Pvt Ltd.,2026-04-15 12:11:04.980062,Ankhu Khola Jalvidhyut Company Ltd
2026041504009973,AKJCL,28,38,97,402.5,39042.5,2026-04-15,186358865,2788,Shree Krishna Securities Ltd.,Dipshikha Dhitopatra Karobar Co. Pvt Ltd.,2026-04-15 12:11:04.980158,Ankhu Khola Jalvidhyut Company Ltd
2026041504010041,AKJCL,28,72,600,402.5,241500.0,2026-04-15,186359435,2788,Shree Krishna Securities Ltd.,Hatemalo Financial Services Private Limited,2026-04-15 12:11:49.402406,Ankhu Khola Jalvidhyut Company Ltd
2026041504010082,AKJCL,28,58,10,402.5,4025.0,2026-04-15,186359607,2788,Shree Krishna Securities Ltd.,Naasa Securities Co. Ltd.,2026-04-15 12:12:00.563264,Ankhu Khola Jalvidhyut Company Ltd
2026041504010103,AKJCL,38,56,112,402.8,45113.6,2026-04-15,186359816,2788,Dipshikha Dhitopatra Karobar Co. Pvt Ltd.,Sri Hari Securities Pvt. Ltd.,2026-04-15 12:12:16.456108,Ankhu Khola Jalvidhyut Company Ltd
2026041504010177,AKJCL,35,4,20,402.8,8056.0,2026-04-15,186360236,2788,Kohinoor Investment & Securities Pvt. Ltd.,Opal Securities Investment (PVT) Ltd.,2026-04-15 12:12:45.506003,Ankhu Khola Jalvidhyut Company Ltd
2026041504010199,AKJCL,28,4,400,402.8,161120.0,2026-04-15,186360376,2788,Shree Krishna Securities Ltd.,Opal Securities Investment (PVT) Ltd.,2026-04-15 12:12:52.734441,Ankhu Khola Jalvidhyut Company Ltd
2026041504010465,AKJCL,71,4,580,402.8,233624.0,2026-04-15,186362337,2788,SHUBHAKAMANA SECURITIES PVT. LTD,Opal Securities Investment (PVT) Ltd.,2026-04-15 12:14:17.762287,Ankhu Khola Jalvidhyut Company Ltd
2026041504010479,AKJCL,66,92,25,402.9,10072.5,2026-04-15,186362495,2788,Miyo Securities Pvt Ltd,Roadshow securities limited,2026-04-15 12:14:28.426657,Ankhu Khola Jalvidhyut Company Ltd
2026041504010480,AKJCL,66,16,342,403.0,137826.0,2026-04-15,186362497,2788,Miyo Securities Pvt Ltd,Primo Securities (PVT) Ltd.,2026-04-15 12:14:28.427257,Ankhu Khola Jalvidhyut Company Ltd
2026041504010481,AKJCL,66,62,1500,403.0,604500.0,2026-04-15,186362499,2788,Miyo Securities Pvt Ltd,Capital Max Securities Ltd,2026-04-15 12:14:28.427820,Ankhu Khola Jalvidhyut Company Ltd
2026041504010482,AKJCL,66,48,100,403.0,40300.0,2026-04-15,186362501,2788,Miyo Securities Pvt Ltd,Trishakti Securities Public Limited,2026-04-15 12:14:28.428410,Ankhu Khola Jalvidhyut Company Ltd
2026041504010483,AKJCL,66,86,33,403.0,13299.0,2026-04-15,186362504,2788,Miyo Securities Pvt Ltd,Stoxkarts Securities Limited,2026-04-15 12:14:28.429023,Ankhu Khola Jalvidhyut Company Ltd
2026041504010544,AKJCL,99,86,967,403.0,389701.0,2026-04-15,186362989,2788,Prabhu Stock Market Limited,Stoxkarts Securities Limited,2026-04-15 12:14:55.823154,Ankhu Khola Jalvidhyut Company Ltd
2026041504010573,AKJCL,28,21,50,404.0,20200.0,2026-04-15,186363127,2788,Shree Krishna Securities Ltd.,Midas Stock Broking Company Private Limited,2026-04-15 12:15:04.243516,Ankhu Khola Jalvidhyut Company Ltd
2026041504010574,AKJCL,28,35,243,404.0,98172.0,2026-04-15,186363130,2788,Shree Krishna Securities Ltd.,Kohinoor Investment & Securities Pvt. Ltd.,2026-04-15 12:15:04.243804,Ankhu Khola Jalvidhyut Company Ltd
2026041504010824,AKJCL,99,64,2500,403.0,1007500.0,2026-04-15,186365383,2788,Prabhu Stock Market Limited,SUN SECURITIES PVT LTD,2026-04-15 12:16:06.596969,Ankhu Khola Jalvidhyut Company Ltd
2026041504010833,AKJCL,66,35,1248,404.0,504192.0,2026-04-15,186365531,2788,Miyo Securities Pvt Ltd,Kohinoor Investment & Securities Pvt. Ltd.,2026-04-15 12:16:09.247426,Ankhu Khola Jalvidhyut Company Ltd
2026041504010834,AKJCL,66,58,431,404.0,174124.0,2026-04-15,186365533,2788,Miyo Securities Pvt Ltd,Naasa Securities Co. Ltd.,2026-04-15 12:16:09.247721,Ankhu Khola Jalvidhyut Company Ltd
2026041504010835,AKJCL,66,62,1000,404.0,404000.0,2026-04-15,186365535,2788,Miyo Securities Pvt Ltd,Capital Max Securities Ltd,2026-04-15 12:16:09.247849,Ankhu Khola Jalvidhyut Company Ltd
2026041504010836,AKJCL,66,91,1400,404.0,565600.0,2026-04-15,186365537,2788,Miyo Securities Pvt Ltd,Citizens Share Broker Limited,2026-04-15 12:16:09.247970,Ankhu Khola Jalvidhyut Company Ltd
2026041504010867,AKJCL,75,66,2679,404.7,1084191.3,2026-04-15,186365970,2788,N.I.M.B. Stock Markets Limited,Miyo Securities Pvt Ltd,2026-04-15 12:16:22.841804,Ankhu Khola Jalvidhyut Company Ltd
2026041504010900,AKJCL,66,69,300,404.0,121200.0,2026-04-15,186366743,2788,Miyo Securities Pvt Ltd,INDEX SECURITIES LIMITED,2026-04-15 12:16:44.701120,Ankhu Khola Jalvidhyut Company Ltd
2026041504010930,AKJCL,75,65,1500,404.6,606900.0,2026-04-15,186367338,2788,N.I.M.B. Stock Markets Limited,Sharepro Securities Private Limited,2026-04-15 12:16:57.615084,Ankhu Khola Jalvidhyut Company Ltd
2026041504010998,AKJCL,66,32,62,404.0,25048.0,2026-04-15,186367847,2788,Miyo Securities Pvt Ltd,Premier Securities Company Ltd.,2026-04-15 12:17:17.330706,Ankhu Khola Jalvidhyut Company Ltd
2026041504011096,AKJCL,47,66,500,404.7,202350.0,2026-04-15,186369380,2788,Neev Securities Pvt. Ltd.,Miyo Securities Pvt Ltd,2026-04-15 12:18:09.790040,Ankhu Khola Jalvidhyut Company Ltd
2026041504011249,AKJCL,47,66,500,404.7,202350.0,2026-04-15,186370242,2788,Neev Securities Pvt. Ltd.,Miyo Securities Pvt Ltd,2026-04-15 12:18:40.851429,Ankhu Khola Jalvidhyut Company Ltd
2026041504011263,AKJCL,66,4,544,404.0,219776.0,2026-04-15,186370459,2788,Miyo Securities Pvt Ltd,Opal Securities Investment (PVT) Ltd.,2026-04-15 12:18:50.078802,Ankhu Khola Jalvidhyut Company Ltd
2026041504011337,AKJCL,8,66,403,404.7,163094.1,2026-04-15,186370966,2788,Brilliant Securities Pvt. Ltd.,Miyo Securities Pvt Ltd,2026-04-15 12:19:21.650456,Ankhu Khola Jalvidhyut Company Ltd
2026041504011407,AKJCL,99,38,150,405.0,60750.0,2026-04-15,186371459,2788,Prabhu Stock Market Limited,Dipshikha Dhitopatra Karobar Co. Pvt Ltd.,2026-04-15 12:19:51.461986,Ankhu Khola Jalvidhyut Company Ltd
2026041504011408,AKJCL,99,29,500,405.0,202500.0,2026-04-15,186371461,2788,Prabhu Stock Market Limited,Trisul Securities & Invt. Ltd.,2026-04-15 12:19:51.462542,Ankhu Khola Jalvidhyut Company Ltd
2026041504011409,AKJCL,99,58,1500,405.0,607500.0,2026-04-15,186371463,2788,Prabhu Stock Market Limited,Naasa Securities Co. Ltd.,2026-04-15 12:19:51.462907,Ankhu Khola Jalvidhyut Company Ltd
2026041504011410,AKJCL,99,46,12,405.0,4860.0,2026-04-15,186371465,2788,Prabhu Stock Market Limited,Kalika Securities Pvt. Ltd.,2026-04-15 12:19:51.463294,Ankhu Khola Jalvidhyut Company Ltd
2026041504011411,AKJCL,99,29,5000,405.0,2025000.0,2026-04-15,186371467,2788,Prabhu Stock Market Limited,Trisul Securities & Invt. Ltd.,2026-04-15 12:19:51.463671,Ankhu Khola Jalvidhyut Company Ltd
2026041504011412,AKJCL,99,3,400,405.0,162000.0,2026-04-15,186371469,2788,Prabhu Stock Market Limited,Arun Securities (PVT) Ltd.,2026-04-15 12:19:51.464030,Ankhu Khola Jalvidhyut Company Ltd
2026041504011413,AKJCL,99,6,200,405.0,81000.0,2026-04-15,186371471,2788,Prabhu Stock Market Limited,Agrawal Securities (PVT) Ltd.,2026-04-15 12:19:51.464407,Ankhu Khola Jalvidhyut Company Ltd
2026041504011414,AKJCL,99,34,500,405.0,202500.0,2026-04-15,186371473,2788,Prabhu Stock Market Limited,Vision Securities Pvt. Ltd,2026-04-15 12:19:51.464773,Ankhu Khola Jalvidhyut Company Ltd
2026041504011415,AKJCL,99,92,1000,405.0,405000.0,2026-04-15,186371475,2788,Prabhu Stock Market Limited,Roadshow securities limited,2026-04-15 12:19:51.465131,Ankhu Khola Jalvidhyut Company Ltd
2026041504011416,AKJCL,99,57,100,405.0,40500.0,2026-04-15,186371477,2788,Prabhu Stock Market Limited,Aryatara Investment & Securities,2026-04-15 12:19:51.465504,Ankhu Khola Jalvidhyut Company Ltd
2026041504011456,AKJCL,71,26,200,406.0,81200.0,2026-04-15,186371813,2788,SHUBHAKAMANA SECURITIES PVT. LTD,Asian Securities Private Ltd.,2026-04-15 12:20:13.005351,Ankhu Khola Jalvidhyut Company Ltd
2026041504011457,AKJCL,71,14,220,406.0,89320.0,2026-04-15,186371816,2788,SHUBHAKAMANA SECURITIES PVT. LTD,Nepal Stock House (PVT) Ltd.,2026-04-15 12:20:13.005910,Ankhu Khola Jalvidhyut Company Ltd
2026041504011459,AKJCL,99,66,15,405.0,6075.0,2026-04-15,186371835,2788,Prabhu Stock Market Limited,Miyo Securities Pvt Ltd,2026-04-15 12:20:14.375409,Ankhu Khola Jalvidhyut Company Ltd
2026041504011469,AKJCL,91,14,280,406.0,113680.0,2026-04-15,186371915,2788,Citizens Share Broker Limited,Nepal Stock House (PVT) Ltd.,2026-04-15 12:20:18.046639,Ankhu Khola Jalvidhyut Company Ltd
2026041504011470,AKJCL,91,45,3000,406.0,1218000.0,2026-04-15,186371917,2788,Citizens Share Broker Limited,Imperial Securities Company Pvt. Ltd.,2026-04-15 12:20:18.047341,Ankhu Khola Jalvidhyut Company Ltd
2026041504011471,AKJCL,91,32,1720,406.0,698320.0,2026-04-15,186371920,2788,Citizens Share Broker Limited,Premier Securities Company Ltd.,2026-04-15 12:20:18.047898,Ankhu Khola Jalvidhyut Company Ltd
2026041504011511,AKJCL,99,22,623,405.0,252315.0,2026-04-15,186372118,2788,Prabhu Stock Market Limited,Siprabi Securities Pvt. Ltd.,2026-04-15 12:20:29.348875,Ankhu Khola Jalvidhyut Company Ltd
2026041504011512,AKJCL,47,22,15,405.0,6075.0,2026-04-15,186372119,2788,Neev Securities Pvt. Ltd.,Siprabi Securities Pvt. Ltd.,2026-04-15 12:20:29.373838,Ankhu Khola Jalvidhyut Company Ltd
2026041504011513,AKJCL,47,32,285,406.0,115710.0,2026-04-15,186372122,2788,Neev Securities Pvt. Ltd.,Premier Securities Company Ltd.,2026-04-15 12:20:29.374084,Ankhu Khola Jalvidhyut Company Ltd
2026041504011522,AKJCL,44,32,1499,406.0,608594.0,2026-04-15,186372197,2788,Dynamic Money Managers Securities Pvt. Ltd.,Premier Securities Company Ltd.,2026-04-15 12:20:31.578224,Ankhu Khola Jalvidhyut Company Ltd
2026041504011608,AKJCL,19,38,1000,406.8,406800.0,2026-04-15,186372603,2788,Nepal Investment And Securities Trading Private Limited,Dipshikha Dhitopatra Karobar Co. Pvt Ltd.,2026-04-15 12:20:47.456122,Ankhu Khola Jalvidhyut Company Ltd
2026041504011609,AKJCL,19,45,30,406.8,12204.0,2026-04-15,186372605,2788,Nepal Investment And Securities Trading Private Limited,Imperial Securities Company Pvt. Ltd.,2026-04-15 12:20:47.456677,Ankhu Khola Jalvidhyut Company Ltd
2026041504011610,AKJCL,19,45,470,406.9,191243.0,2026-04-15,186372608,2788,Nepal Investment And Securities Trading Private Limited,Imperial Securities Company Pvt. Ltd.,2026-04-15 12:20:47.457042,Ankhu Khola Jalvidhyut Company Ltd
2026041504011843,AKJCL,42,36,74,405.0,29970.0,2026-04-15,186374093,2788,Sani Securities Company Ltd.,Secured Securities Ltd.,2026-04-15 12:21:52.700923,Ankhu Khola Jalvidhyut Company Ltd
2026041504012131,AKJCL,71,22,362,406.8,147261.6,2026-04-15,186376325,2788,SHUBHAKAMANA SECURITIES PVT. LTD,Siprabi Securities Pvt. Ltd.,2026-04-15 12:23:29.569267,Ankhu Khola Jalvidhyut Company Ltd
2026041504012132,AKJCL,71,58,510,407.0,207570.0,2026-04-15,186376327,2788,SHUBHAKAMANA SECURITIES PVT. LTD,Naasa Securities Co. Ltd.,2026-04-15 12:23:29.569398,Ankhu Khola Jalvidhyut Company Ltd
2026041504012133,AKJCL,71,38,128,407.0,52096.0,2026-04-15,186376330,2788,SHUBHAKAMANA SECURITIES PVT. LTD,Dipshikha Dhitopatra Karobar Co. Pvt Ltd.,2026-04-15 12:23:29.569480,Ankhu Khola Jalvidhyut Company Ltd
2026041504012214,AKJCL,28,38,872,407.0,354904.0,2026-04-15,186377029,2788,Shree Krishna Securities Ltd.,Dipshikha Dhitopatra Karobar Co. Pvt Ltd.,2026-04-15 12:23:59.750827,Ankhu Khola Jalvidhyut Company Ltd
2026041504012215,AKJCL,28,66,500,407.0,203500.0,2026-04-15,186377031,2788,Shree Krishna Securities Ltd.,Miyo Securities Pvt Ltd,2026-04-15 12:23:59.751495,Ankhu Khola Jalvidhyut Company Ltd
2026041504012216,AKJCL,28,56,500,407.0,203500.0,2026-04-15,186377033,2788,Shree Krishna Securities Ltd.,Sri Hari Securities Pvt. Ltd.,2026-04-15 12:23:59.752049,Ankhu Khola Jalvidhyut Company Ltd
2026041504012217,AKJCL,28,11,50,407.0,20350.0,2026-04-15,186377035,2788,Shree Krishna Securities Ltd.,Malla & Malla Stock Broking Company Pvt. Limited,2026-04-15 12:23:59.752625,Ankhu Khola Jalvidhyut Company Ltd
2026041504012218,AKJCL,28,4,78,407.0,31746.0,2026-04-15,186377038,2788,Shree Krishna Securities Ltd.,Opal Securities Investment (PVT) Ltd.,2026-04-15 12:23:59.753165,Ankhu Khola Jalvidhyut Company Ltd
2026041504012221,AKJCL,58,4,50,407.0,20350.0,2026-04-15,186377058,2788,Naasa Securities Co. Ltd.,Opal Securities Investment (PVT) Ltd.,2026-04-15 12:24:01.540238,Ankhu Khola Jalvidhyut Company Ltd
2026041504012228,AKJCL,91,4,1122,407.0,456654.0,2026-04-15,186377135,2788,Citizens Share Broker Limited,Opal Securities Investment (PVT) Ltd.,2026-04-15 12:24:04.555437,Ankhu Khola Jalvidhyut Company Ltd
2026041504012229,AKJCL,91,14,300,407.0,122100.0,2026-04-15,186377137,2788,Citizens Share Broker Limited,Nepal Stock House (PVT) Ltd.,2026-04-15 12:24:04.555734,Ankhu Khola Jalvidhyut Company Ltd
2026041504012230,AKJCL,91,28,20,407.0,8140.0,2026-04-15,186377139,2788,Citizens Share Broker Limited,Shree Krishna Securities Ltd.,2026-04-15 12:24:04.555855,Ankhu Khola Jalvidhyut Company Ltd
2026041504012231,AKJCL,91,42,30,407.0,12210.0,2026-04-15,186377141,2788,Citizens Share Broker Limited,Sani Securities Company Ltd.,2026-04-15 12:24:04.555974,Ankhu Khola Jalvidhyut Company Ltd
2026041504012232,AKJCL,91,56,34,407.0,13838.0,2026-04-15,186377143,2788,Citizens Share Broker Limited,Sri Hari Securities Pvt. Ltd.,2026-04-15 12:24:04.556087,Ankhu Khola Jalvidhyut Company Ltd
2026041504012233,AKJCL,91,64,494,407.0,201058.0,2026-04-15,186377146,2788,Citizens Share Broker Limited,SUN SECURITIES PVT LTD,2026-04-15 12:24:04.556199,Ankhu Khola Jalvidhyut Company Ltd
2026041504012256,AKJCL,28,64,100,407.0,40700.0,2026-04-15,186377312,2788,Shree Krishna Securities Ltd.,SUN SECURITIES PVT LTD,2026-04-15 12:24:12.459842,Ankhu Khola Jalvidhyut Company Ltd
2026041504012334,AKJCL,71,64,906,407.0,368742.0,2026-04-15,186377873,2788,SHUBHAKAMANA SECURITIES PVT. LTD,SUN SECURITIES PVT LTD,2026-04-15 12:24:32.717818,Ankhu Khola Jalvidhyut Company Ltd
2026041504012335,AKJCL,71,57,94,407.0,38258.0,2026-04-15,186377876,2788,SHUBHAKAMANA SECURITIES PVT. LTD,Aryatara Investment & Securities,2026-04-15 12:24:32.718135,Ankhu Khola Jalvidhyut Company Ltd
2026041504012366,AKJCL,58,58,30,406.0,12180.0,2026-04-15,186378174,2788,Naasa Securities Co. Ltd.,Naasa Securities Co. Ltd.,2026-04-15 12:24:47.881955,Ankhu Khola Jalvidhyut Company Ltd
2026041504012367,AKJCL,41,58,1970,405.3,798441.0,2026-04-15,186378175,2788,Linch Stock Market Ltd.,Naasa Securities Co. Ltd.,2026-04-15 12:24:47.882282,Ankhu Khola Jalvidhyut Company Ltd
2026041504012382,AKJCL,36,57,10,407.0,4070.0,2026-04-15,186378208,2788,Secured Securities Ltd.,Aryatara Investment & Securities,2026-04-15 12:24:49.225784,Ankhu Khola Jalvidhyut Company Ltd
2026041504012520,AKJCL,58,36,125,405.4,50675.0,2026-04-15,186378936,2788,Naasa Securities Co. Ltd.,Secured Securities Ltd.,2026-04-15 12:25:31.573795,Ankhu Khola Jalvidhyut Company Ltd
2026041504012521,AKJCL,41,36,130,405.3,52689.0,2026-04-15,186378938,2788,Linch Stock Market Ltd.,Secured Securities Ltd.,2026-04-15 12:25:31.574099,Ankhu Khola Jalvidhyut Company Ltd
2026041504012522,AKJCL,80,36,245,405.1,99249.5,2026-04-15,186378939,2788,Indira securities pvt. ltd,Secured Securities Ltd.,2026-04-15 12:25:31.574231,Ankhu Khola Jalvidhyut Company Ltd
2026041504013025,AKJCL,80,58,55,405.1,22280.5,2026-04-15,186382020,2788,Indira securities pvt. ltd,Naasa Securities Co. Ltd.,2026-04-15 12:28:07.931903,Ankhu Khola Jalvidhyut Company Ltd
2026041504013440,AKJCL,99,38,10,404.3,4043.0,2026-04-15,186384738,2788,Prabhu Stock Market Limited,Dipshikha Dhitopatra Karobar Co. Pvt Ltd.,2026-04-15 12:30:35.491376,Ankhu Khola Jalvidhyut Company Ltd
2026041504013441,AKJCL,99,38,10,404.2,4042.0,2026-04-15,186384740,2788,Prabhu Stock Market Limited,Dipshikha Dhitopatra Karobar Co. Pvt Ltd.,2026-04-15 12:30:35.491415,Ankhu Khola Jalvidhyut Company Ltd
2026041504013442,AKJCL,64,38,300,404.2,121260.0,2026-04-15,186384742,2788,SUN SECURITIES PVT LTD,Dipshikha Dhitopatra Karobar Co. Pvt Ltd.,2026-04-15 12:30:35.491441,Ankhu Khola Jalvidhyut Company Ltd
2026041504013443,AKJCL,99,38,10,404.1,4041.0,2026-04-15,186384744,2788,Prabhu Stock Market Limited,Dipshikha Dhitopatra Karobar Co. Pvt Ltd.,2026-04-15 12:30:35.491468,Ankhu Khola Jalvidhyut Company Ltd
2026041504013444,AKJCL,66,38,15,404.0,6060.0,2026-04-15,186384746,2788,Miyo Securities Pvt Ltd,Dipshikha Dhitopatra Karobar Co. Pvt Ltd.,2026-04-15 12:30:35.491507,Ankhu Khola Jalvidhyut Company Ltd
2026041504013445,AKJCL,62,38,1000,404.0,404000.0,2026-04-15,186384748,2788,Capital Max Securities Ltd,Dipshikha Dhitopatra Karobar Co. Pvt Ltd.,2026-04-15 12:30:35.491533,Ankhu Khola Jalvidhyut Company Ltd
2026041504013446,AKJCL,34,38,500,404.0,202000.0,2026-04-15,186384750,2788,Vision Securities Pvt. Ltd,Dipshikha Dhitopatra Karobar Co. Pvt Ltd.,2026-04-15 12:30:35.491562,Ankhu Khola Jalvidhyut Company Ltd
2026041504013447,AKJCL,83,38,1000,403.3,403300.0,2026-04-15,186384752,2788,Sanima Securities Limited,Dipshikha Dhitopatra Karobar Co. Pvt Ltd.,2026-04-15 12:30:35.491586,Ankhu Khola Jalvidhyut Company Ltd
2026041504013448,AKJCL,99,38,1533,403.0,617799.0,2026-04-15,186384754,2788,Prabhu Stock Market Limited,Dipshikha Dhitopatra Karobar Co. Pvt Ltd.,2026-04-15 12:30:35.491611,Ankhu Khola Jalvidhyut Company Ltd
2026041504013449,AKJCL,35,38,1000,403.0,403000.0,2026-04-15,186384756,2788,Kohinoor Investment & Securities Pvt. Ltd.,Dipshikha Dhitopatra Karobar Co. Pvt Ltd.,2026-04-15 12:30:35.491636,Ankhu Khola Jalvidhyut Company Ltd
2026041504013450,AKJCL,99,38,510,403.0,205530.0,2026-04-15,186384758,2788,Prabhu Stock Market Limited,Dipshikha Dhitopatra Karobar Co. Pvt Ltd.,2026-04-15 12:30:35.491663,Ankhu Khola Jalvidhyut Company Ltd
2026041504013451,AKJCL,99,38,1000,403.0,403000.0,2026-04-15,186384760,2788,Prabhu Stock Market Limited,Dipshikha Dhitopatra Karobar Co. Pvt Ltd.,2026-04-15 12:30:35.491690,Ankhu Khola Jalvidhyut Company Ltd
2026041504013452,AKJCL,42,38,2416,403.0,973648.0,2026-04-15,186384762,2788,Sani Securities Company Ltd.,Dipshikha Dhitopatra Karobar Co. Pvt Ltd.,2026-04-15 12:30:35.491717,Ankhu Khola Jalvidhyut Company Ltd
2026041504013453,AKJCL,49,38,200,402.9,80580.0,2026-04-15,186384764,2788,Online Securities Pvt. Ltd.,Dipshikha Dhitopatra Karobar Co. Pvt Ltd.,2026-04-15 12:30:35.491742,Ankhu Khola Jalvidhyut Company Ltd
2026041504013454,AKJCL,48,38,200,402.2,80440.0,2026-04-15,186384766,2788,Trishakti Securities Public Limited,Dipshikha Dhitopatra Karobar Co. Pvt Ltd.,2026-04-15 12:30:35.491767,Ankhu Khola Jalvidhyut Company Ltd
2026041504013455,AKJCL,44,38,100,402.1,40210.0,2026-04-15,186384768,2788,Dynamic Money Managers Securities Pvt. Ltd.,Dipshikha Dhitopatra Karobar Co. Pvt Ltd.,2026-04-15 12:30:35.491791,Ankhu Khola Jalvidhyut Company Ltd
2026041504013456,AKJCL,71,38,696,402.1,279861.6,2026-04-15,186384769,2788,SHUBHAKAMANA SECURITIES PVT. LTD,Dipshikha Dhitopatra Karobar Co. Pvt Ltd.,2026-04-15 12:30:35.491815,Ankhu Khola Jalvidhyut Company Ltd
2026041504013627,AKJCL,17,38,500,402.5,201250.0,2026-04-15,186385966,2788,ABC Securities Private Limited,Dipshikha Dhitopatra Karobar Co. Pvt Ltd.,2026-04-15 12:31:43.663090,Ankhu Khola Jalvidhyut Company Ltd
2026041504013628,AKJCL,80,38,300,402.2,120660.0,2026-04-15,186385968,2788,Indira securities pvt. ltd,Dipshikha Dhitopatra Karobar Co. Pvt Ltd.,2026-04-15 12:31:43.663187,Ankhu Khola Jalvidhyut Company Ltd
2026041504013629,AKJCL,71,38,304,402.1,122238.4,2026-04-15,186385970,2788,SHUBHAKAMANA SECURITIES PVT. LTD,Dipshikha Dhitopatra Karobar Co. Pvt Ltd.,2026-04-15 12:31:43.663221,Ankhu Khola Jalvidhyut Company Ltd
2026041504013630,AKJCL,99,38,1896,402.1,762381.6,2026-04-15,186385971,2788,Prabhu Stock Market Limited,Dipshikha Dhitopatra Karobar Co. Pvt Ltd.,2026-04-15 12:31:43.663257,Ankhu Khola Jalvidhyut Company Ltd
2026041504013797,AKJCL,99,42,85,402.1,34178.5,2026-04-15,186386945,2788,Prabhu Stock Market Limited,Sani Securities Company Ltd.,2026-04-15 12:32:31.732847,Ankhu Khola Jalvidhyut Company Ltd
2026041504013857,AKJCL,62,49,10,402.5,4025.0,2026-04-15,186387645,2788,Capital Max Securities Ltd,Online Securities Pvt. Ltd.,2026-04-15 12:33:03.834784,Ankhu Khola Jalvidhyut Company Ltd
2026041504014179,AKJCL,5,45,155,403.0,62465.0,2026-04-15,186389835,2788,Market Securities & Exchange (PVT) Ltd.,Imperial Securities Company Pvt. Ltd.,2026-04-15 12:34:49.682385,Ankhu Khola Jalvidhyut Company Ltd
2026041504014201,AKJCL,33,1,60,404.9,24294.0,2026-04-15,186390030,2788,Dakshinkali Investment & Securities Pvt. Ltd.,Kumari Securities Private Limited,2026-04-15 12:34:57.211064,Ankhu Khola Jalvidhyut Company Ltd
2026041504014233,AKJCL,91,64,860,403.1,346666.0,2026-04-15,186390286,2788,Citizens Share Broker Limited,SUN SECURITIES PVT LTD,2026-04-15 12:35:15.731576,Ankhu Khola Jalvidhyut Company Ltd
2026041504014234,AKJCL,5,64,1510,403.0,608530.0,2026-04-15,186390287,2788,Market Securities & Exchange (PVT) Ltd.,SUN SECURITIES PVT LTD,2026-04-15 12:35:15.731939,Ankhu Khola Jalvidhyut Company Ltd
2026041504014300,AKJCL,5,48,385,403.0,155155.0,2026-04-15,186390762,2788,Market Securities & Exchange (PVT) Ltd.,Trishakti Securities Public Limited,2026-04-15 12:35:38.049840,Ankhu Khola Jalvidhyut Company Ltd
2026041504014330,AKJCL,5,48,615,403.0,247845.0,2026-04-15,186390929,2788,Market Securities & Exchange (PVT) Ltd.,Trishakti Securities Public Limited,2026-04-15 12:35:50.301715,Ankhu Khola Jalvidhyut Company Ltd
2026041504014338,AKJCL,5,33,500,403.0,201500.0,2026-04-15,186391029,2788,Market Securities & Exchange (PVT) Ltd.,Dakshinkali Investment & Securities Pvt. Ltd.,2026-04-15 12:35:55.070766,Ankhu Khola Jalvidhyut Company Ltd
2026041504014386,AKJCL,45,61,400,404.0,161600.0,2026-04-15,186391603,2788,Imperial Securities Company Pvt. Ltd.,BHOLE GANESH SECURITIES LTD,2026-04-15 12:36:15.801662,Ankhu Khola Jalvidhyut Company Ltd
2026041504014473,AKJCL,45,99,100,404.0,40400.0,2026-04-15,186392646,2788,Imperial Securities Company Pvt. Ltd.,Prabhu Stock Market Limited,2026-04-15 12:37:02.419765,Ankhu Khola Jalvidhyut Company Ltd
2026041504014531,AKJCL,22,99,1000,404.0,404000.0,2026-04-15,186392910,2788,Siprabi Securities Pvt. Ltd.,Prabhu Stock Market Limited,2026-04-15 12:37:13.089605,Ankhu Khola Jalvidhyut Company Ltd
2026041504014563,AKJCL,21,99,1000,404.0,404000.0,2026-04-15,186393222,2788,Midas Stock Broking Company Private Limited,Prabhu Stock Market Limited,2026-04-15 12:37:28.964189,Ankhu Khola Jalvidhyut Company Ltd
2026041504014579,AKJCL,22,99,900,404.0,363600.0,2026-04-15,186393589,2788,Siprabi Securities Pvt. Ltd.,Prabhu Stock Market Limited,2026-04-15 12:37:50.612249,Ankhu Khola Jalvidhyut Company Ltd
2026041504014668,AKJCL,22,99,100,404.0,40400.0,2026-04-15,186394350,2788,Siprabi Securities Pvt. Ltd.,Prabhu Stock Market Limited,2026-04-15 12:38:33.632882,Ankhu Khola Jalvidhyut Company Ltd
2026041504014753,AKJCL,62,99,1828,404.0,738512.0,2026-04-15,186395101,2788,Capital Max Securities Ltd,Prabhu Stock Market Limited,2026-04-15 12:39:15.745690,Ankhu Khola Jalvidhyut Company Ltd
2026041504014811,AKJCL,56,1,40,404.9,16196.0,2026-04-15,186395669,2788,Sri Hari Securities Pvt. Ltd.,Kumari Securities Private Limited,2026-04-15 12:39:49.065789,Ankhu Khola Jalvidhyut Company Ltd
2026041504014812,AKJCL,56,57,960,405.0,388800.0,2026-04-15,186395672,2788,Sri Hari Securities Pvt. Ltd.,Aryatara Investment & Securities,2026-04-15 12:39:49.066076,Ankhu Khola Jalvidhyut Company Ltd
2026041504014884,AKJCL,62,17,15,404.0,6060.0,2026-04-15,186396621,2788,Capital Max Securities Ltd,ABC Securities Private Limited,2026-04-15 12:40:42.530338,Ankhu Khola Jalvidhyut Company Ltd
2026041504014894,AKJCL,62,95,147,404.0,59388.0,2026-04-15,186396712,2788,Capital Max Securities Ltd,Magnet Securities and Investment Company Private Limited,2026-04-15 12:40:46.818469,Ankhu Khola Jalvidhyut Company Ltd
2026041504014895,AKJCL,22,95,518,404.0,209272.0,2026-04-15,186396713,2788,Siprabi Securities Pvt. Ltd.,Magnet Securities and Investment Company Private Limited,2026-04-15 12:40:46.819117,Ankhu Khola Jalvidhyut Company Ltd
2026041504015039,AKJCL,17,57,40,405.0,16200.0,2026-04-15,186397647,2788,ABC Securities Private Limited,Aryatara Investment & Securities,2026-04-15 12:41:39.344772,Ankhu Khola Jalvidhyut Company Ltd
2026041504015040,AKJCL,17,57,60,405.0,24300.0,2026-04-15,186397650,2788,ABC Securities Private Limited,Aryatara Investment & Securities,2026-04-15 12:41:39.345082,Ankhu Khola Jalvidhyut Company Ltd
2026041504015070,AKJCL,44,57,240,405.0,97200.0,2026-04-15,186397899,2788,Dynamic Money Managers Securities Pvt. Ltd.,Aryatara Investment & Securities,2026-04-15 12:41:56.023137,Ankhu Khola Jalvidhyut Company Ltd
2026041504015071,AKJCL,44,29,500,405.0,202500.0,2026-04-15,186397901,2788,Dynamic Money Managers Securities Pvt. Ltd.,Trisul Securities & Invt. Ltd.,2026-04-15 12:41:56.023764,Ankhu Khola Jalvidhyut Company Ltd
2026041504015072,AKJCL,44,58,135,405.1,54688.5,2026-04-15,186397903,2788,Dynamic Money Managers Securities Pvt. Ltd.,Naasa Securities Co. Ltd.,2026-04-15 12:41:56.024180,Ankhu Khola Jalvidhyut Company Ltd
2026041504015073,AKJCL,44,42,200,405.5,81100.0,2026-04-15,186397905,2788,Dynamic Money Managers Securities Pvt. Ltd.,Sani Securities Company Ltd.,2026-04-15 12:41:56.024607,Ankhu Khola Jalvidhyut Company Ltd
2026041504015074,AKJCL,44,6,192,405.5,77856.0,2026-04-15,186397907,2788,Dynamic Money Managers Securities Pvt. Ltd.,Agrawal Securities (PVT) Ltd.,2026-04-15 12:41:56.024998,Ankhu Khola Jalvidhyut Company Ltd
2026041504015075,AKJCL,44,48,1000,405.8,405800.0,2026-04-15,186397909,2788,Dynamic Money Managers Securities Pvt. Ltd.,Trishakti Securities Public Limited,2026-04-15 12:41:56.025420,Ankhu Khola Jalvidhyut Company Ltd
2026041504015076,AKJCL,44,19,733,406.0,297598.0,2026-04-15,186397912,2788,Dynamic Money Managers Securities Pvt. Ltd.,Nepal Investment And Securities Trading Private Limited,2026-04-15 12:41:56.026015,Ankhu Khola Jalvidhyut Company Ltd
2026041504015350,AKJCL,22,48,10,405.0,4050.0,2026-04-15,186399969,2788,Siprabi Securities Pvt. Ltd.,Trishakti Securities Public Limited,2026-04-15 12:43:41.315015,Ankhu Khola Jalvidhyut Company Ltd
2026041504015370,AKJCL,64,19,10,406.0,4060.0,2026-04-15,186400156,2788,SUN SECURITIES PVT LTD,Nepal Investment And Securities Trading Private Limited,2026-04-15 12:43:54.988426,Ankhu Khola Jalvidhyut Company Ltd
2026041504015427,AKJCL,22,6,10,405.0,4050.0,2026-04-15,186400687,2788,Siprabi Securities Pvt. Ltd.,Agrawal Securities (PVT) Ltd.,2026-04-15 12:44:35.911848,Ankhu Khola Jalvidhyut Company Ltd
2026041504015519,AKJCL,82,19,500,406.0,203000.0,2026-04-15,186401328,2788,N.M.B. SECURITIES LIMITED,Nepal Investment And Securities Trading Private Limited,2026-04-15 12:45:17.462572,Ankhu Khola Jalvidhyut Company Ltd
2026041504015635,AKJCL,21,19,757,406.0,307342.0,2026-04-15,186402435,2788,Midas Stock Broking Company Private Limited,Nepal Investment And Securities Trading Private Limited,2026-04-15 12:46:26.778804,Ankhu Khola Jalvidhyut Company Ltd
2026041504015636,AKJCL,21,29,243,406.0,98658.0,2026-04-15,186402438,2788,Midas Stock Broking Company Private Limited,Trisul Securities & Invt. Ltd.,2026-04-15 12:46:26.779118,Ankhu Khola Jalvidhyut Company Ltd
2026041504015646,AKJCL,57,29,17,406.0,6902.0,2026-04-15,186402642,2788,Aryatara Investment & Securities,Trisul Securities & Invt. Ltd.,2026-04-15 12:46:38.312576,Ankhu Khola Jalvidhyut Company Ltd
2026041504015705,AKJCL,22,75,130,405.0,52650.0,2026-04-15,186403207,2788,Siprabi Securities Pvt. Ltd.,N.I.M.B. Stock Markets Limited,2026-04-15 12:47:15.939525,Ankhu Khola Jalvidhyut Company Ltd
2026041504015955,AKJCL,81,29,240,406.0,97440.0,2026-04-15,186404861,2788,Aakashbhairab Securities Ltd.,Trisul Securities & Invt. Ltd.,2026-04-15 12:49:04.514909,Ankhu Khola Jalvidhyut Company Ltd
2026041504015956,AKJCL,81,57,500,406.0,203000.0,2026-04-15,186404863,2788,Aakashbhairab Securities Ltd.,Aryatara Investment & Securities,2026-04-15 12:49:04.515546,Ankhu Khola Jalvidhyut Company Ltd
2026041504015957,AKJCL,81,99,260,406.0,105560.0,2026-04-15,186404866,2788,Aakashbhairab Securities Ltd.,Prabhu Stock Market Limited,2026-04-15 12:49:04.515979,Ankhu Khola Jalvidhyut Company Ltd
2026041504016250,AKJCL,22,58,15,405.0,6075.0,2026-04-15,186407039,2788,Siprabi Securities Pvt. Ltd.,Naasa Securities Co. Ltd.,2026-04-15 12:51:19.340909,Ankhu Khola Jalvidhyut Company Ltd
2026041504016733,AKJCL,22,62,317,405.0,128385.0,2026-04-15,186410632,2788,Siprabi Securities Pvt. Ltd.,Capital Max Securities Ltd,2026-04-15 12:54:54.163550,Ankhu Khola Jalvidhyut Company Ltd
2026041504016734,AKJCL,66,62,33,405.0,13365.0,2026-04-15,186410633,2788,Miyo Securities Pvt Ltd,Capital Max Securities Ltd,2026-04-15 12:54:54.163610,Ankhu Khola Jalvidhyut Company Ltd
2026041504016817,AKJCL,66,58,67,405.0,27135.0,2026-04-15,186411162,2788,Miyo Securities Pvt Ltd,Naasa Securities Co. Ltd.,2026-04-15 12:55:30.085167,Ankhu Khola Jalvidhyut Company Ltd
2026041504016861,AKJCL,21,58,68,405.0,27540.0,2026-04-15,186411639,2788,Midas Stock Broking Company Private Limited,Naasa Securities Co. Ltd.,2026-04-15 12:56:00.439648,Ankhu Khola Jalvidhyut Company Ltd
2026041504016949,AKJCL,21,13,500,405.5,202750.0,2026-04-15,186412326,2788,Midas Stock Broking Company Private Limited,Thrive Brokerage House Pvt. Ltd,2026-04-15 12:56:38.368378,Ankhu Khola Jalvidhyut Company Ltd
2026041504017057,AKJCL,49,99,740,406.0,300440.0,2026-04-15,186413311,2788,Online Securities Pvt. Ltd.,Prabhu Stock Market Limited,2026-04-15 12:57:28.400696,Ankhu Khola Jalvidhyut Company Ltd
2026041504017058,AKJCL,49,28,185,406.0,75110.0,2026-04-15,186413313,2788,Online Securities Pvt. Ltd.,Shree Krishna Securities Ltd.,2026-04-15 12:57:28.400730,Ankhu Khola Jalvidhyut Company Ltd
2026041504017059,AKJCL,49,59,500,406.0,203000.0,2026-04-15,186413315,2788,Online Securities Pvt. Ltd.,Deevyaa Securities & Stock House Pvt. Ltd,2026-04-15 12:57:28.400754,Ankhu Khola Jalvidhyut Company Ltd
2026041504017060,AKJCL,49,99,1000,406.0,406000.0,2026-04-15,186413317,2788,Online Securities Pvt. Ltd.,Prabhu Stock Market Limited,2026-04-15 12:57:28.400779,Ankhu Khola Jalvidhyut Company Ltd
2026041504017061,AKJCL,49,54,100,406.0,40600.0,2026-04-15,186413319,2788,Online Securities Pvt. Ltd.,Sewa Securities Pvt. Ltd.,2026-04-15 12:57:28.400801,Ankhu Khola Jalvidhyut Company Ltd
2026041504017062,AKJCL,49,48,500,406.8,203400.0,2026-04-15,186413321,2788,Online Securities Pvt. Ltd.,Trishakti Securities Public Limited,2026-04-15 12:57:28.400823,Ankhu Khola Jalvidhyut Company Ltd
2026041504017063,AKJCL,49,45,530,406.9,215657.0,2026-04-15,186413323,2788,Online Securities Pvt. Ltd.,Imperial Securities Company Pvt. Ltd.,2026-04-15 12:57:28.400850,Ankhu Khola Jalvidhyut Company Ltd
2026041504017064,AKJCL,49,38,1000,406.9,406900.0,2026-04-15,186413325,2788,Online Securities Pvt. Ltd.,Dipshikha Dhitopatra Karobar Co. Pvt Ltd.,2026-04-15 12:57:28.400877,Ankhu Khola Jalvidhyut Company Ltd
2026041504017065,AKJCL,49,57,96,407.0,39072.0,2026-04-15,186413327,2788,Online Securities Pvt. Ltd.,Aryatara Investment & Securities,2026-04-15 12:57:28.400899,Ankhu Khola Jalvidhyut Company Ltd
2026041504017066,AKJCL,49,4,50,407.0,20350.0,2026-04-15,186413329,2788,Online Securities Pvt. Ltd.,Opal Securities Investment (PVT) Ltd.,2026-04-15 12:57:28.400921,Ankhu Khola Jalvidhyut Company Ltd
2026041504017067,AKJCL,49,59,1000,407.0,407000.0,2026-04-15,186413331,2788,Online Securities Pvt. Ltd.,Deevyaa Securities & Stock House Pvt. Ltd,2026-04-15 12:57:28.400944,Ankhu Khola Jalvidhyut Company Ltd
2026041504017068,AKJCL,49,58,50,407.0,20350.0,2026-04-15,186413333,2788,Online Securities Pvt. Ltd.,Naasa Securities Co. Ltd.,2026-04-15 12:57:28.400966,Ankhu Khola Jalvidhyut Company Ltd
2026041504017069,AKJCL,49,64,2500,407.0,1017500.0,2026-04-15,186413335,2788,Online Securities Pvt. Ltd.,SUN SECURITIES PVT LTD,2026-04-15 12:57:28.400989,Ankhu Khola Jalvidhyut Company Ltd
2026041504017070,AKJCL,49,34,200,407.0,81400.0,2026-04-15,186413337,2788,Online Securities Pvt. Ltd.,Vision Securities Pvt. Ltd,2026-04-15 12:57:28.401012,Ankhu Khola Jalvidhyut Company Ltd
2026041504017071,AKJCL,49,58,50,407.0,20350.0,2026-04-15,186413339,2788,Online Securities Pvt. Ltd.,Naasa Securities Co. Ltd.,2026-04-15 12:57:28.401036,Ankhu Khola Jalvidhyut Company Ltd
2026041504017072,AKJCL,49,35,1000,407.0,407000.0,2026-04-15,186413341,2788,Online Securities Pvt. Ltd.,Kohinoor Investment & Securities Pvt. Ltd.,2026-04-15 12:57:28.401058,Ankhu Khola Jalvidhyut Company Ltd
2026041504017073,AKJCL,49,57,500,407.0,203500.0,2026-04-15,186413343,2788,Online Securities Pvt. Ltd.,Aryatara Investment & Securities,2026-04-15 12:57:28.401078,Ankhu Khola Jalvidhyut Company Ltd
2026041504017074,AKJCL,49,70,1999,407.0,813593.0,2026-04-15,186413346,2788,Online Securities Pvt. Ltd.,Infinity Securities Limited,2026-04-15 12:57:28.401099,Ankhu Khola Jalvidhyut Company Ltd
2026041504017202,AKJCL,5,56,987,405.0,399735.0,2026-04-15,186414376,2788,Market Securities & Exchange (PVT) Ltd.,Sri Hari Securities Pvt. Ltd.,2026-04-15 12:58:29.523597,Ankhu Khola Jalvidhyut Company Ltd
2026041504017394,AKJCL,42,41,50,405.0,20250.0,2026-04-15,186416069,2788,Sani Securities Company Ltd.,Linch Stock Market Ltd.,2026-04-15 13:00:38.938379,Ankhu Khola Jalvidhyut Company Ltd
2026041504017487,AKJCL,42,95,10,405.0,4050.0,2026-04-15,186416591,2788,Sani Securities Company Ltd.,Magnet Securities and Investment Company Private Limited,2026-04-15 13:01:18.155242,Ankhu Khola Jalvidhyut Company Ltd
2026041504017518,AKJCL,56,56,50,406.0,20300.0,2026-04-15,186416802,2788,Sri Hari Securities Pvt. Ltd.,Sri Hari Securities Pvt. Ltd.,2026-04-15 13:01:25.649615,Ankhu Khola Jalvidhyut Company Ltd
2026041504017558,AKJCL,42,56,100,406.0,40600.0,2026-04-15,186417086,2788,Sani Securities Company Ltd.,Sri Hari Securities Pvt. Ltd.,2026-04-15 13:01:49.408861,Ankhu Khola Jalvidhyut Company Ltd
2026041504017630,AKJCL,42,32,20,405.0,8100.0,2026-04-15,186417427,2788,Sani Securities Company Ltd.,Premier Securities Company Ltd.,2026-04-15 13:02:12.925197,Ankhu Khola Jalvidhyut Company Ltd
2026041504017643,AKJCL,56,56,13,406.0,5278.0,2026-04-15,186417513,2788,Sri Hari Securities Pvt. Ltd.,Sri Hari Securities Pvt. Ltd.,2026-04-15 13:02:22.134539,Ankhu Khola Jalvidhyut Company Ltd
2026041504017644,AKJCL,56,45,270,406.9,109863.0,2026-04-15,186417515,2788,Sri Hari Securities Pvt. Ltd.,Imperial Securities Company Pvt. Ltd.,2026-04-15 13:02:22.134644,Ankhu Khola Jalvidhyut Company Ltd
2026041504017645,AKJCL,56,16,500,406.9,203450.0,2026-04-15,186417517,2788,Sri Hari Securities Pvt. Ltd.,Primo Securities (PVT) Ltd.,2026-04-15 13:02:22.134713,Ankhu Khola Jalvidhyut Company Ltd
2026041504017646,AKJCL,56,70,2217,407.0,902319.0,2026-04-15,186417520,2788,Sri Hari Securities Pvt. Ltd.,Infinity Securities Limited,2026-04-15 13:02:22.134782,Ankhu Khola Jalvidhyut Company Ltd
2026041504017661,AKJCL,42,70,20,407.0,8140.0,2026-04-15,186417566,2788,Sani Securities Company Ltd.,Infinity Securities Limited,2026-04-15 13:02:24.528130,Ankhu Khola Jalvidhyut Company Ltd
2026041504018006,AKJCL,21,4,1000,406.0,406000.0,2026-04-15,186419968,2788,Midas Stock Broking Company Private Limited,Opal Securities Investment (PVT) Ltd.,2026-04-15 13:04:48.906458,Ankhu Khola Jalvidhyut Company Ltd
2026041504018018,AKJCL,39,56,25,405.1,10127.5,2026-04-15,186420107,2788,Sumeru Securities Pvt. Ltd.,Sri Hari Securities Pvt. Ltd.,2026-04-15 13:04:56.572977,Ankhu Khola Jalvidhyut Company Ltd
2026041504018162,AKJCL,28,91,200,405.2,81040.0,2026-04-15,186421345,2788,Shree Krishna Securities Ltd.,Citizens Share Broker Limited,2026-04-15 13:06:13.182648,Ankhu Khola Jalvidhyut Company Ltd
2026041504018201,AKJCL,22,64,100,406.0,40600.0,2026-04-15,186421620,2788,Siprabi Securities Pvt. Ltd.,SUN SECURITIES PVT LTD,2026-04-15 13:06:28.582767,Ankhu Khola Jalvidhyut Company Ltd
2026041504018317,AKJCL,28,64,800,405.2,324160.0,2026-04-15,186422546,2788,Shree Krishna Securities Ltd.,SUN SECURITIES PVT LTD,2026-04-15 13:07:28.581091,Ankhu Khola Jalvidhyut Company Ltd
2026041504018318,AKJCL,39,64,75,405.1,30382.5,2026-04-15,186422548,2788,Sumeru Securities Pvt. Ltd.,SUN SECURITIES PVT LTD,2026-04-15 13:07:28.581173,Ankhu Khola Jalvidhyut Company Ltd
2026041504018319,AKJCL,28,64,1000,405.1,405100.0,2026-04-15,186422550,2788,Shree Krishna Securities Ltd.,SUN SECURITIES PVT LTD,2026-04-15 13:07:28.581245,Ankhu Khola Jalvidhyut Company Ltd
2026041504018320,AKJCL,42,64,70,405.0,28350.0,2026-04-15,186422552,2788,Sani Securities Company Ltd.,SUN SECURITIES PVT LTD,2026-04-15 13:07:28.581333,Ankhu Khola Jalvidhyut Company Ltd
2026041504018321,AKJCL,16,64,200,405.0,81000.0,2026-04-15,186422554,2788,Primo Securities (PVT) Ltd.,SUN SECURITIES PVT LTD,2026-04-15 13:07:28.581402,Ankhu Khola Jalvidhyut Company Ltd
2026041504018322,AKJCL,36,64,500,405.0,202500.0,2026-04-15,186422556,2788,Secured Securities Ltd.,SUN SECURITIES PVT LTD,2026-04-15 13:07:28.581465,Ankhu Khola Jalvidhyut Company Ltd
2026041504018323,AKJCL,44,64,1000,405.0,405000.0,2026-04-15,186422558,2788,Dynamic Money Managers Securities Pvt. Ltd.,SUN SECURITIES PVT LTD,2026-04-15 13:07:28.581530,Ankhu Khola Jalvidhyut Company Ltd
2026041504018324,AKJCL,44,64,1050,405.0,425250.0,2026-04-15,186422560,2788,Dynamic Money Managers Securities Pvt. Ltd.,SUN SECURITIES PVT LTD,2026-04-15 13:07:28.581608,Ankhu Khola Jalvidhyut Company Ltd
2026041504018325,AKJCL,35,64,300,405.0,121500.0,2026-04-15,186422562,2788,Kohinoor Investment & Securities Pvt. Ltd.,SUN SECURITIES PVT LTD,2026-04-15 13:07:28.581673,Ankhu Khola Jalvidhyut Company Ltd
2026041504018326,AKJCL,34,64,241,405.0,97605.0,2026-04-15,186422564,2788,Vision Securities Pvt. Ltd,SUN SECURITIES PVT LTD,2026-04-15 13:07:28.581766,Ankhu Khola Jalvidhyut Company Ltd
2026041504018327,AKJCL,21,64,1764,404.8,714067.2,2026-04-15,186422565,2788,Midas Stock Broking Company Private Limited,SUN SECURITIES PVT LTD,2026-04-15 13:07:28.581833,Ankhu Khola Jalvidhyut Company Ltd
2026041504018382,AKJCL,21,64,1091,404.8,441636.8,2026-04-15,186423130,2788,Midas Stock Broking Company Private Limited,SUN SECURITIES PVT LTD,2026-04-15 13:08:06.562924,Ankhu Khola Jalvidhyut Company Ltd
2026041504018383,AKJCL,21,64,500,404.8,202400.0,2026-04-15,186423132,2788,Midas Stock Broking Company Private Limited,SUN SECURITIES PVT LTD,2026-04-15 13:08:06.562979,Ankhu Khola Jalvidhyut Company Ltd
2026041504018384,AKJCL,39,64,100,404.7,40470.0,2026-04-15,186423134,2788,Sumeru Securities Pvt. Ltd.,SUN SECURITIES PVT LTD,2026-04-15 13:08:06.563018,Ankhu Khola Jalvidhyut Company Ltd
2026041504018385,AKJCL,33,64,30,404.6,12138.0,2026-04-15,186423136,2788,Dakshinkali Investment & Securities Pvt. Ltd.,SUN SECURITIES PVT LTD,2026-04-15 13:08:06.563059,Ankhu Khola Jalvidhyut Company Ltd
2026041504018386,AKJCL,28,64,1000,404.6,404600.0,2026-04-15,186423138,2788,Shree Krishna Securities Ltd.,SUN SECURITIES PVT LTD,2026-04-15 13:08:06.563094,Ankhu Khola Jalvidhyut Company Ltd
2026041504018387,AKJCL,75,64,1279,404.5,517355.5,2026-04-15,186423139,2788,N.I.M.B. Stock Markets Limited,SUN SECURITIES PVT LTD,2026-04-15 13:08:06.563121,Ankhu Khola Jalvidhyut Company Ltd
2026041504018428,AKJCL,75,86,221,404.5,89394.5,2026-04-15,186423470,2788,N.I.M.B. Stock Markets Limited,Stoxkarts Securities Limited,2026-04-15 13:08:27.501517,Ankhu Khola Jalvidhyut Company Ltd
2026041504018429,AKJCL,59,86,100,404.5,40450.0,2026-04-15,186423472,2788,Deevyaa Securities & Stock House Pvt. Ltd,Stoxkarts Securities Limited,2026-04-15 13:08:27.501587,Ankhu Khola Jalvidhyut Company Ltd
2026041504018430,AKJCL,28,86,1000,404.3,404300.0,2026-04-15,186423474,2788,Shree Krishna Securities Ltd.,Stoxkarts Securities Limited,2026-04-15 13:08:27.501670,Ankhu Khola Jalvidhyut Company Ltd
2026041504018431,AKJCL,39,86,50,404.2,20210.0,2026-04-15,186423476,2788,Sumeru Securities Pvt. Ltd.,Stoxkarts Securities Limited,2026-04-15 13:08:27.501755,Ankhu Khola Jalvidhyut Company Ltd
2026041504018432,AKJCL,71,86,1000,404.2,404200.0,2026-04-15,186423478,2788,SHUBHAKAMANA SECURITIES PVT. LTD,Stoxkarts Securities Limited,2026-04-15 13:08:27.501834,Ankhu Khola Jalvidhyut Company Ltd
2026041504018433,AKJCL,94,86,4500,404.1,1818450.0,2026-04-15,186423480,2788,K.B.L. Securities Limited ,Stoxkarts Securities Limited,2026-04-15 13:08:27.501912,Ankhu Khola Jalvidhyut Company Ltd
2026041504018434,AKJCL,45,86,160,403.8,64608.0,2026-04-15,186423482,2788,Imperial Securities Company Pvt. Ltd.,Stoxkarts Securities Limited,2026-04-15 13:08:27.501985,Ankhu Khola Jalvidhyut Company Ltd
2026041504018435,AKJCL,5,86,125,403.0,50375.0,2026-04-15,186423484,2788,Market Securities & Exchange (PVT) Ltd.,Stoxkarts Securities Limited,2026-04-15 13:08:27.502078,Ankhu Khola Jalvidhyut Company Ltd
2026041504018436,AKJCL,70,86,4200,403.0,1692600.0,2026-04-15,186423486,2788,Infinity Securities Limited,Stoxkarts Securities Limited,2026-04-15 13:08:27.502152,Ankhu Khola Jalvidhyut Company Ltd
2026041504018437,AKJCL,57,86,644,403.0,259532.0,2026-04-15,186423487,2788,Aryatara Investment & Securities,Stoxkarts Securities Limited,2026-04-15 13:08:27.502227,Ankhu Khola Jalvidhyut Company Ltd
2026041504018438,AKJCL,39,62,1000,405.0,405000.0,2026-04-15,186423496,2788,Sumeru Securities Pvt. Ltd.,Capital Max Securities Ltd,2026-04-15 13:08:28.191368,Ankhu Khola Jalvidhyut Company Ltd
2026041504018785,AKJCL,42,58,20,404.0,8080.0,2026-04-15,186425802,2788,Sani Securities Company Ltd.,Naasa Securities Co. Ltd.,2026-04-15 13:10:46.336878,Ankhu Khola Jalvidhyut Company Ltd
2026041504018793,AKJCL,70,7,25,403.5,10087.5,2026-04-15,186425851,2788,Infinity Securities Limited,J.F. Securites (PVT) Ltd.,2026-04-15 13:10:50.981435,Ankhu Khola Jalvidhyut Company Ltd
2026041504018856,AKJCL,14,43,1000,404.9,404900.0,2026-04-15,186426329,2788,Nepal Stock House (PVT) Ltd.,South Asian Bulls Pvt. Ltd.,2026-04-15 13:11:27.527426,Ankhu Khola Jalvidhyut Company Ltd
2026041504018857,AKJCL,14,35,100,405.0,40500.0,2026-04-15,186426331,2788,Nepal Stock House (PVT) Ltd.,Kohinoor Investment & Securities Pvt. Ltd.,2026-04-15 13:11:27.528133,Ankhu Khola Jalvidhyut Company Ltd
2026041504018858,AKJCL,14,58,1000,405.0,405000.0,2026-04-15,186426333,2788,Nepal Stock House (PVT) Ltd.,Naasa Securities Co. Ltd.,2026-04-15 13:11:27.528603,Ankhu Khola Jalvidhyut Company Ltd
2026041504018859,AKJCL,14,35,3100,405.0,1255500.0,2026-04-15,186426335,2788,Nepal Stock House (PVT) Ltd.,Kohinoor Investment & Securities Pvt. Ltd.,2026-04-15 13:11:27.529028,Ankhu Khola Jalvidhyut Company Ltd
2026041504018860,AKJCL,14,38,95,405.0,38475.0,2026-04-15,186426337,2788,Nepal Stock House (PVT) Ltd.,Dipshikha Dhitopatra Karobar Co. Pvt Ltd.,2026-04-15 13:11:27.529471,Ankhu Khola Jalvidhyut Company Ltd
2026041504018861,AKJCL,14,47,50,406.5,20325.0,2026-04-15,186426339,2788,Nepal Stock House (PVT) Ltd.,Neev Securities Pvt. Ltd.,2026-04-15 13:11:27.529904,Ankhu Khola Jalvidhyut Company Ltd
2026041504018862,AKJCL,14,87,1000,406.8,406800.0,2026-04-15,186426341,2788,Nepal Stock House (PVT) Ltd.,S.P.S.A. Securities Limited,2026-04-15 13:11:27.530351,Ankhu Khola Jalvidhyut Company Ltd
2026041504018863,AKJCL,14,48,655,406.9,266519.5,2026-04-15,186426344,2788,Nepal Stock House (PVT) Ltd.,Trishakti Securities Public Limited,2026-04-15 13:11:27.530771,Ankhu Khola Jalvidhyut Company Ltd
2026041504019176,AKJCL,44,21,1000,404.0,404000.0,2026-04-15,186428295,2788,Dynamic Money Managers Securities Pvt. Ltd.,Midas Stock Broking Company Private Limited,2026-04-15 13:13:26.717757,Ankhu Khola Jalvidhyut Company Ltd
2026041504019398,AKJCL,57,35,356,404.0,143824.0,2026-04-15,186429832,2788,Aryatara Investment & Securities,Kohinoor Investment & Securities Pvt. Ltd.,2026-04-15 13:15:10.244806,Ankhu Khola Jalvidhyut Company Ltd
2026041504019399,AKJCL,66,35,100,404.0,40400.0,2026-04-15,186429834,2788,Miyo Securities Pvt Ltd,Kohinoor Investment & Securities Pvt. Ltd.,2026-04-15 13:15:10.245519,Ankhu Khola Jalvidhyut Company Ltd
2026041504019500,AKJCL,21,45,500,403.7,201850.0,2026-04-15,186430435,2788,Midas Stock Broking Company Private Limited,Imperial Securities Company Pvt. Ltd.,2026-04-15 13:15:48.090589,Ankhu Khola Jalvidhyut Company Ltd
2026041504019544,AKJCL,21,48,500,403.7,201850.0,2026-04-15,186430936,2788,Midas Stock Broking Company Private Limited,Trishakti Securities Public Limited,2026-04-15 13:16:26.360739,Ankhu Khola Jalvidhyut Company Ltd
2026041504019545,AKJCL,39,48,50,403.6,20180.0,2026-04-15,186430938,2788,Sumeru Securities Pvt. Ltd.,Trishakti Securities Public Limited,2026-04-15 13:16:26.361500,Ankhu Khola Jalvidhyut Company Ltd
2026041504019546,AKJCL,44,48,940,403.6,379384.0,2026-04-15,186430940,2788,Dynamic Money Managers Securities Pvt. Ltd.,Trishakti Securities Public Limited,2026-04-15 13:16:26.362001,Ankhu Khola Jalvidhyut Company Ltd
2026041504019547,AKJCL,70,48,1615,403.5,651652.5,2026-04-15,186430941,2788,Infinity Securities Limited,Trishakti Securities Public Limited,2026-04-15 13:16:26.362493,Ankhu Khola Jalvidhyut Company Ltd
2026041504019609,AKJCL,70,45,2510,403.5,1012785.0,2026-04-15,186431201,2788,Infinity Securities Limited,Imperial Securities Company Pvt. Ltd.,2026-04-15 13:16:44.653494,Ankhu Khola Jalvidhyut Company Ltd
2026041504019722,AKJCL,70,64,1350,403.5,544725.0,2026-04-15,186432148,2788,Infinity Securities Limited,SUN SECURITIES PVT LTD,2026-04-15 13:17:49.395889,Ankhu Khola Jalvidhyut Company Ltd
2026041504019723,AKJCL,66,64,100,403.5,40350.0,2026-04-15,186432150,2788,Miyo Securities Pvt Ltd,SUN SECURITIES PVT LTD,2026-04-15 13:17:49.395953,Ankhu Khola Jalvidhyut Company Ltd
2026041504019724,AKJCL,28,64,700,403.4,282380.0,2026-04-15,186432152,2788,Shree Krishna Securities Ltd.,SUN SECURITIES PVT LTD,2026-04-15 13:17:49.395981,Ankhu Khola Jalvidhyut Company Ltd
2026041504019725,AKJCL,21,64,200,403.2,80640.0,2026-04-15,186432154,2788,Midas Stock Broking Company Private Limited,SUN SECURITIES PVT LTD,2026-04-15 13:17:49.396006,Ankhu Khola Jalvidhyut Company Ltd
2026041504019726,AKJCL,38,64,1000,403.1,403100.0,2026-04-15,186432156,2788,Dipshikha Dhitopatra Karobar Co. Pvt Ltd.,SUN SECURITIES PVT LTD,2026-04-15 13:17:49.396038,Ankhu Khola Jalvidhyut Company Ltd
2026041504019727,AKJCL,44,64,1000,403.1,403100.0,2026-04-15,186432158,2788,Dynamic Money Managers Securities Pvt. Ltd.,SUN SECURITIES PVT LTD,2026-04-15 13:17:49.396063,Ankhu Khola Jalvidhyut Company Ltd
2026041504019728,AKJCL,38,64,650,403.0,261950.0,2026-04-15,186432159,2788,Dipshikha Dhitopatra Karobar Co. Pvt Ltd.,SUN SECURITIES PVT LTD,2026-04-15 13:17:49.396084,Ankhu Khola Jalvidhyut Company Ltd
2026041504019798,AKJCL,38,60,350,403.0,141050.0,2026-04-15,186432630,2788,Dipshikha Dhitopatra Karobar Co. Pvt Ltd.,Nagarik Stock Dealer ,2026-04-15 13:18:26.822129,Ankhu Khola Jalvidhyut Company Ltd
2026041504019799,AKJCL,99,60,2000,403.0,806000.0,2026-04-15,186432632,2788,Prabhu Stock Market Limited,Nagarik Stock Dealer ,2026-04-15 13:18:26.822512,Ankhu Khola Jalvidhyut Company Ltd
2026041504019800,AKJCL,49,60,4150,403.0,1672450.0,2026-04-15,186432633,2788,Online Securities Pvt. Ltd.,Nagarik Stock Dealer ,2026-04-15 13:18:26.822696,Ankhu Khola Jalvidhyut Company Ltd
2026041504019864,AKJCL,49,43,850,403.0,342550.0,2026-04-15,186433090,2788,Online Securities Pvt. Ltd.,South Asian Bulls Pvt. Ltd.,2026-04-15 13:19:03.492054,Ankhu Khola Jalvidhyut Company Ltd
2026041504019865,AKJCL,52,43,150,403.0,60450.0,2026-04-15,186433091,2788,Sundhara Securities Limited,South Asian Bulls Pvt. Ltd.,2026-04-15 13:19:03.492796,Ankhu Khola Jalvidhyut Company Ltd
2026041504019867,AKJCL,52,17,26,403.0,10478.0,2026-04-15,186433137,2788,Sundhara Securities Limited,ABC Securities Private Limited,2026-04-15 13:19:07.016108,Ankhu Khola Jalvidhyut Company Ltd
2026041504020123,AKJCL,64,44,300,402.5,120750.0,2026-04-15,186434889,2788,SUN SECURITIES PVT LTD,Dynamic Money Managers Securities Pvt. Ltd.,2026-04-15 13:21:27.916292,Ankhu Khola Jalvidhyut Company Ltd
2026041504020339,AKJCL,81,43,500,403.0,201500.0,2026-04-15,186436478,2788,Aakashbhairab Securities Ltd.,South Asian Bulls Pvt. Ltd.,2026-04-15 13:23:27.350292,Ankhu Khola Jalvidhyut Company Ltd
2026041504020452,AKJCL,14,21,17,403.0,6851.0,2026-04-15,186437269,2788,Nepal Stock House (PVT) Ltd.,Midas Stock Broking Company Private Limited,2026-04-15 13:24:21.226080,Ankhu Khola Jalvidhyut Company Ltd
2026041504020514,AKJCL,16,43,500,403.8,201900.0,2026-04-15,186437746,2788,Primo Securities (PVT) Ltd.,South Asian Bulls Pvt. Ltd.,2026-04-15 13:25:04.546290,Ankhu Khola Jalvidhyut Company Ltd
2026041504020526,AKJCL,16,43,1000,403.9,403900.0,2026-04-15,186437910,2788,Primo Securities (PVT) Ltd.,South Asian Bulls Pvt. Ltd.,2026-04-15 13:25:17.522147,Ankhu Khola Jalvidhyut Company Ltd
2026041504020581,AKJCL,16,35,544,404.0,219776.0,2026-04-15,186438283,2788,Primo Securities (PVT) Ltd.,Kohinoor Investment & Securities Pvt. Ltd.,2026-04-15 13:25:48.641352,Ankhu Khola Jalvidhyut Company Ltd
2026041504020582,AKJCL,16,49,200,404.0,80800.0,2026-04-15,186438287,2788,Primo Securities (PVT) Ltd.,Online Securities Pvt. Ltd.,2026-04-15 13:25:48.642087,Ankhu Khola Jalvidhyut Company Ltd
2026041504020583,AKJCL,16,42,40,404.0,16160.0,2026-04-15,186438289,2788,Primo Securities (PVT) Ltd.,Sani Securities Company Ltd.,2026-04-15 13:25:48.642600,Ankhu Khola Jalvidhyut Company Ltd
2026041504020584,AKJCL,16,4,216,404.0,87264.0,2026-04-15,186438292,2788,Primo Securities (PVT) Ltd.,Opal Securities Investment (PVT) Ltd.,2026-04-15 13:25:48.643078,Ankhu Khola Jalvidhyut Company Ltd
2026041504020605,AKJCL,14,4,33,403.0,13299.0,2026-04-15,186438572,2788,Nepal Stock House (PVT) Ltd.,Opal Securities Investment (PVT) Ltd.,2026-04-15 13:26:05.083477,Ankhu Khola Jalvidhyut Company Ltd
2026041504020606,AKJCL,58,4,467,403.0,188201.0,2026-04-15,186438573,2788,Naasa Securities Co. Ltd.,Opal Securities Investment (PVT) Ltd.,2026-04-15 13:26:05.084467,Ankhu Khola Jalvidhyut Company Ltd
2026041504020911,AKJCL,58,64,33,403.0,13299.0,2026-04-15,186440550,2788,Naasa Securities Co. Ltd.,SUN SECURITIES PVT LTD,2026-04-15 13:28:23.387370,Ankhu Khola Jalvidhyut Company Ltd
2026041504020912,AKJCL,68,64,100,403.0,40300.0,2026-04-15,186440552,2788,Elite Stock House Limited,SUN SECURITIES PVT LTD,2026-04-15 13:28:23.388054,Ankhu Khola Jalvidhyut Company Ltd
2026041504020913,AKJCL,58,58,255,402.9,102739.5,2026-04-15,186440555,2788,Naasa Securities Co. Ltd.,Naasa Securities Co. Ltd.,2026-04-15 13:28:23.969821,Ankhu Khola Jalvidhyut Company Ltd
2026041504021062,AKJCL,44,64,67,403.0,27001.0,2026-04-15,186441785,2788,Dynamic Money Managers Securities Pvt. Ltd.,SUN SECURITIES PVT LTD,2026-04-15 13:29:43.414830,Ankhu Khola Jalvidhyut Company Ltd
2026041504021063,AKJCL,44,57,20,403.0,8060.0,2026-04-15,186441787,2788,Dynamic Money Managers Securities Pvt. Ltd.,Aryatara Investment & Securities,2026-04-15 13:29:43.415239,Ankhu Khola Jalvidhyut Company Ltd
2026041504021064,AKJCL,44,4,1000,403.0,403000.0,2026-04-15,186441797,2788,Dynamic Money Managers Securities Pvt. Ltd.,Opal Securities Investment (PVT) Ltd.,2026-04-15 13:29:43.910090,Ankhu Khola Jalvidhyut Company Ltd
2026041504021066,AKJCL,44,58,10,403.0,4030.0,2026-04-15,186441855,2788,Dynamic Money Managers Securities Pvt. Ltd.,Naasa Securities Co. Ltd.,2026-04-15 13:29:46.296582,Ankhu Khola Jalvidhyut Company Ltd
2026041504021073,AKJCL,58,4,245,402.9,98710.5,2026-04-15,186441890,2788,Naasa Securities Co. Ltd.,Opal Securities Investment (PVT) Ltd.,2026-04-15 13:29:49.517973,Ankhu Khola Jalvidhyut Company Ltd
2026041504021074,AKJCL,38,4,755,402.8,304114.0,2026-04-15,186441891,2788,Dipshikha Dhitopatra Karobar Co. Pvt Ltd.,Opal Securities Investment (PVT) Ltd.,2026-04-15 13:29:49.518761,Ankhu Khola Jalvidhyut Company Ltd
2026041504021094,AKJCL,38,7,60,402.8,24168.0,2026-04-15,186442079,2788,Dipshikha Dhitopatra Karobar Co. Pvt Ltd.,J.F. Securites (PVT) Ltd.,2026-04-15 13:30:04.810015,Ankhu Khola Jalvidhyut Company Ltd
2026041504021179,AKJCL,38,4,185,402.8,74518.0,2026-04-15,186442838,2788,Dipshikha Dhitopatra Karobar Co. Pvt Ltd.,Opal Securities Investment (PVT) Ltd.,2026-04-15 13:31:10.481733,Ankhu Khola Jalvidhyut Company Ltd
2026041504021180,AKJCL,58,4,500,402.7,201350.0,2026-04-15,186442840,2788,Naasa Securities Co. Ltd.,Opal Securities Investment (PVT) Ltd.,2026-04-15 13:31:10.482145,Ankhu Khola Jalvidhyut Company Ltd
2026041504021181,AKJCL,50,4,10,402.7,4027.0,2026-04-15,186442842,2788,Cristal Kanchanjanga Securites Pvt. Ltd.,Opal Securities Investment (PVT) Ltd.,2026-04-15 13:31:10.482325,Ankhu Khola Jalvidhyut Company Ltd
2026041504021182,AKJCL,58,4,305,402.6,122793.0,2026-04-15,186442843,2788,Naasa Securities Co. Ltd.,Opal Securities Investment (PVT) Ltd.,2026-04-15 13:31:10.482504,Ankhu Khola Jalvidhyut Company Ltd
2026041504021208,AKJCL,58,63,195,402.6,78507.0,2026-04-15,186443176,2788,Naasa Securities Co. Ltd.,Himalayan Brokerage Company Limited,2026-04-15 13:31:36.376397,Ankhu Khola Jalvidhyut Company Ltd
2026041504021209,AKJCL,64,63,200,402.5,80500.0,2026-04-15,186443178,2788,SUN SECURITIES PVT LTD,Himalayan Brokerage Company Limited,2026-04-15 13:31:36.376445,Ankhu Khola Jalvidhyut Company Ltd
2026041504021210,AKJCL,52,63,324,402.4,130377.6,2026-04-15,186443180,2788,Sundhara Securities Limited,Himalayan Brokerage Company Limited,2026-04-15 13:31:36.376477,Ankhu Khola Jalvidhyut Company Ltd
2026041504021211,AKJCL,6,63,1000,402.3,402300.0,2026-04-15,186443182,2788,Agrawal Securities (PVT) Ltd.,Himalayan Brokerage Company Limited,2026-04-15 13:31:36.376533,Ankhu Khola Jalvidhyut Company Ltd
2026041504021212,AKJCL,99,63,19,402.1,7639.9,2026-04-15,186443184,2788,Prabhu Stock Market Limited,Himalayan Brokerage Company Limited,2026-04-15 13:31:36.376567,Ankhu Khola Jalvidhyut Company Ltd
2026041504021213,AKJCL,50,63,100,402.1,40210.0,2026-04-15,186443186,2788,Cristal Kanchanjanga Securites Pvt. Ltd.,Himalayan Brokerage Company Limited,2026-04-15 13:31:36.376594,Ankhu Khola Jalvidhyut Company Ltd
2026041504021214,AKJCL,71,63,1000,402.1,402100.0,2026-04-15,186443188,2788,SHUBHAKAMANA SECURITIES PVT. LTD,Himalayan Brokerage Company Limited,2026-04-15 13:31:36.376614,Ankhu Khola Jalvidhyut Company Ltd
2026041504021215,AKJCL,58,63,700,402.0,281400.0,2026-04-15,186443190,2788,Naasa Securities Co. Ltd.,Himalayan Brokerage Company Limited,2026-04-15 13:31:36.376638,Ankhu Khola Jalvidhyut Company Ltd
2026041504021216,AKJCL,50,63,100,402.0,40200.0,2026-04-15,186443192,2788,Cristal Kanchanjanga Securites Pvt. Ltd.,Himalayan Brokerage Company Limited,2026-04-15 13:31:36.376664,Ankhu Khola Jalvidhyut Company Ltd
2026041504021217,AKJCL,80,63,868,402.0,348936.0,2026-04-15,186443194,2788,Indira securities pvt. ltd,Himalayan Brokerage Company Limited,2026-04-15 13:31:36.376691,Ankhu Khola Jalvidhyut Company Ltd
2026041504021218,AKJCL,14,63,100,402.0,40200.0,2026-04-15,186443196,2788,Nepal Stock House (PVT) Ltd.,Himalayan Brokerage Company Limited,2026-04-15 13:31:36.376715,Ankhu Khola Jalvidhyut Company Ltd
2026041504021219,AKJCL,71,63,500,402.0,201000.0,2026-04-15,186443198,2788,SHUBHAKAMANA SECURITIES PVT. LTD,Himalayan Brokerage Company Limited,2026-04-15 13:31:36.376739,Ankhu Khola Jalvidhyut Company Ltd
2026041504021220,AKJCL,66,63,399,402.0,160398.0,2026-04-15,186443200,2788,Miyo Securities Pvt Ltd,Himalayan Brokerage Company Limited,2026-04-15 13:31:36.376769,Ankhu Khola Jalvidhyut Company Ltd
2026041504021221,AKJCL,50,63,100,401.8,40180.0,2026-04-15,186443202,2788,Cristal Kanchanjanga Securites Pvt. Ltd.,Himalayan Brokerage Company Limited,2026-04-15 13:31:36.376821,Ankhu Khola Jalvidhyut Company Ltd
2026041504021222,AKJCL,64,63,390,401.6,156624.0,2026-04-15,186443204,2788,SUN SECURITIES PVT LTD,Himalayan Brokerage Company Limited,2026-04-15 13:31:36.376866,Ankhu Khola Jalvidhyut Company Ltd
2026041504021223,AKJCL,16,63,200,401.6,80320.0,2026-04-15,186443206,2788,Primo Securities (PVT) Ltd.,Himalayan Brokerage Company Limited,2026-04-15 13:31:36.376891,Ankhu Khola Jalvidhyut Company Ltd
