contractId,stockSymbol,buyerMemberId,sellerMemberId,quantity,rate,amount,businessDate,tradeBookId,stockId,buyerBrokerName,sellerBrokerName,transaction_time,securityName
2026041504000009,API,13,49,50,345.0,17250.0,2026-04-15,186284834,697,Thrive Brokerage House Pvt. Ltd,Online Securities Pvt. Ltd.,2026-04-15 10:46:00.033957,Api Power Company Ltd.
2026041504000010,API,61,49,950,345.0,327750.0,2026-04-15,186284836,697,BHOLE GANESH SECURITIES LTD,Online Securities Pvt. Ltd.,2026-04-15 10:46:00.033982,Api Power Company Ltd.
2026041504000105,API,77,49,125,351.0,43875.0,2026-04-15,186285770,697,Nabil Stock Dealer Ltd.,Online Securities Pvt. Ltd.,2026-04-15 11:01:33.759901,Api Power Company Ltd.
2026041504000166,API,54,49,50,351.0,17550.0,2026-04-15,186286754,697,Sewa Securities Pvt. Ltd.,Online Securities Pvt. Ltd.,2026-04-15 11:02:26.255443,Api Power Company Ltd.
2026041504000213,API,44,49,400,351.0,140400.0,2026-04-15,186287034,697,Dynamic Money Managers Securities Pvt. Ltd.,Online Securities Pvt. Ltd.,2026-04-15 11:02:38.449567,Api Power Company Ltd.
2026041504000219,API,17,49,625,351.0,219375.0,2026-04-15,186287069,697,ABC Securities Private Limited,Online Securities Pvt. Ltd.,2026-04-15 11:02:39.928087,Api Power Company Ltd.
2026041504000221,API,17,38,375,351.0,131625.0,2026-04-15,186287092,697,ABC Securities Private Limited,Dipshikha Dhitopatra Karobar Co. Pvt Ltd.,2026-04-15 11:02:42.673986,Api Power Company Ltd.
2026041504000222,API,66,38,120,348.1,41772.0,2026-04-15,186287093,697,Miyo Securities Pvt Ltd,Dipshikha Dhitopatra Karobar Co. Pvt Ltd.,2026-04-15 11:02:42.674073,Api Power Company Ltd.
2026041504000225,API,65,62,100,351.0,35100.0,2026-04-15,186287143,697,Sharepro Securities Private Limited,Capital Max Securities Ltd,2026-04-15 11:02:45.227176,Api Power Company Ltd.
2026041504000323,API,65,49,100,351.0,35100.0,2026-04-15,186288012,697,Sharepro Securities Private Limited,Online Securities Pvt. Ltd.,2026-04-15 11:03:31.436829,Api Power Company Ltd.
2026041504000324,API,49,49,30,351.0,10530.0,2026-04-15,186288014,697,Online Securities Pvt. Ltd.,Online Securities Pvt. Ltd.,2026-04-15 11:03:31.437016,Api Power Company Ltd.
2026041504000325,API,58,49,50,350.0,17500.0,2026-04-15,186288016,697,Naasa Securities Co. Ltd.,Online Securities Pvt. Ltd.,2026-04-15 11:03:31.437155,Api Power Company Ltd.
2026041504000326,API,62,49,500,350.0,175000.0,2026-04-15,186288018,697,Capital Max Securities Ltd,Online Securities Pvt. Ltd.,2026-04-15 11:03:31.437275,Api Power Company Ltd.
2026041504000384,API,34,49,500,350.0,175000.0,2026-04-15,186288724,697,Vision Securities Pvt. Ltd,Online Securities Pvt. Ltd.,2026-04-15 11:04:09.205608,Api Power Company Ltd.
2026041504000393,API,33,49,287,350.0,100450.0,2026-04-15,186288813,697,Dakshinkali Investment & Securities Pvt. Ltd.,Online Securities Pvt. Ltd.,2026-04-15 11:04:16.249928,Api Power Company Ltd.
2026041504000470,API,58,72,51,351.5,17926.5,2026-04-15,186289374,697,Naasa Securities Co. Ltd.,Hatemalo Financial Services Private Limited,2026-04-15 11:04:52.679454,Api Power Company Ltd.
2026041504000611,API,34,53,430,351.4,151102.0,2026-04-15,186290285,697,Vision Securities Pvt. Ltd,Investment Management Nepal Pvt. Ltd.,2026-04-15 11:06:02.921587,Api Power Company Ltd.
2026041504000612,API,34,72,449,351.5,157823.5,2026-04-15,186290287,697,Vision Securities Pvt. Ltd,Hatemalo Financial Services Private Limited,2026-04-15 11:06:02.921697,Api Power Company Ltd.
2026041504000613,API,34,47,116,351.9,40820.4,2026-04-15,186290289,697,Vision Securities Pvt. Ltd,Neev Securities Pvt. Ltd.,2026-04-15 11:06:02.921777,Api Power Company Ltd.
2026041504000660,API,65,62,50,352.0,17600.0,2026-04-15,186290650,697,Sharepro Securities Private Limited,Capital Max Securities Ltd,2026-04-15 11:06:28.644447,Api Power Company Ltd.
2026041504000663,API,34,14,500,351.9,175950.0,2026-04-15,186290670,697,Vision Securities Pvt. Ltd,Nepal Stock House (PVT) Ltd.,2026-04-15 11:06:31.508839,Api Power Company Ltd.
2026041504000667,API,89,88,10,351.0,3510.0,2026-04-15,186290702,697,Global IME Securities Limited,Blue Chip Securities Ltd,2026-04-15 11:06:34.263283,Api Power Company Ltd.
2026041504000668,API,62,88,500,351.0,175500.0,2026-04-15,186290704,697,Capital Max Securities Ltd,Blue Chip Securities Ltd,2026-04-15 11:06:34.263420,Api Power Company Ltd.
2026041504000688,API,33,14,20,350.0,7000.0,2026-04-15,186290863,697,Dakshinkali Investment & Securities Pvt. Ltd.,Nepal Stock House (PVT) Ltd.,2026-04-15 11:06:45.818151,Api Power Company Ltd.
2026041504000730,API,53,44,350,350.1,122535.0,2026-04-15,186291096,697,Investment Management Nepal Pvt. Ltd.,Dynamic Money Managers Securities Pvt. Ltd.,2026-04-15 11:07:04.856113,Api Power Company Ltd.
2026041504000731,API,33,44,150,350.0,52500.0,2026-04-15,186291097,697,Dakshinkali Investment & Securities Pvt. Ltd.,Dynamic Money Managers Securities Pvt. Ltd.,2026-04-15 11:07:04.856385,Api Power Company Ltd.
2026041504000756,API,53,88,490,351.0,171990.0,2026-04-15,186291256,697,Investment Management Nepal Pvt. Ltd.,Blue Chip Securities Ltd,2026-04-15 11:07:15.270346,Api Power Company Ltd.
2026041504000929,API,77,41,200,351.0,70200.0,2026-04-15,186292406,697,Nabil Stock Dealer Ltd.,Linch Stock Market Ltd.,2026-04-15 11:08:26.436544,Api Power Company Ltd.
2026041504000952,API,33,41,300,351.0,105300.0,2026-04-15,186292541,697,Dakshinkali Investment & Securities Pvt. Ltd.,Linch Stock Market Ltd.,2026-04-15 11:08:35.988444,Api Power Company Ltd.
2026041504000953,API,33,19,47,351.0,16497.0,2026-04-15,186292543,697,Dakshinkali Investment & Securities Pvt. Ltd.,Nepal Investment And Securities Trading Private Limited,2026-04-15 11:08:35.988588,Api Power Company Ltd.
2026041504001003,API,33,14,1000,351.9,351900.0,2026-04-15,186293005,697,Dakshinkali Investment & Securities Pvt. Ltd.,Nepal Stock House (PVT) Ltd.,2026-04-15 11:09:10.987263,Api Power Company Ltd.
2026041504001004,API,33,32,100,351.9,35190.0,2026-04-15,186293007,697,Dakshinkali Investment & Securities Pvt. Ltd.,Premier Securities Company Ltd.,2026-04-15 11:09:10.987454,Api Power Company Ltd.
2026041504001005,API,33,62,596,352.0,209792.0,2026-04-15,186293010,697,Dakshinkali Investment & Securities Pvt. Ltd.,Capital Max Securities Ltd,2026-04-15 11:09:10.987529,Api Power Company Ltd.
2026041504001018,API,58,62,40,352.0,14080.0,2026-04-15,186293150,697,Naasa Securities Co. Ltd.,Capital Max Securities Ltd,2026-04-15 11:09:21.359659,Api Power Company Ltd.
2026041504001168,API,58,62,40,352.0,14080.0,2026-04-15,186294170,697,Naasa Securities Co. Ltd.,Capital Max Securities Ltd,2026-04-15 11:10:29.444454,Api Power Company Ltd.
2026041504001228,API,57,39,500,351.0,175500.0,2026-04-15,186294717,697,Aryatara Investment & Securities,Sumeru Securities Pvt. Ltd.,2026-04-15 11:10:48.937232,Api Power Company Ltd.
2026041504001263,API,41,83,100,351.9,35190.0,2026-04-15,186294912,697,Linch Stock Market Ltd.,Sanima Securities Limited,2026-04-15 11:11:05.489305,Api Power Company Ltd.
2026041504001535,API,35,56,30,351.0,10530.0,2026-04-15,186296683,697,Kohinoor Investment & Securities Pvt. Ltd.,Sri Hari Securities Pvt. Ltd.,2026-04-15 11:13:15.275918,Api Power Company Ltd.
2026041504001607,API,56,6,14,351.7,4923.8,2026-04-15,186297136,697,Sri Hari Securities Pvt. Ltd.,Agrawal Securities (PVT) Ltd.,2026-04-15 11:13:52.585179,Api Power Company Ltd.
2026041504001627,API,35,46,170,351.0,59670.0,2026-04-15,186297283,697,Kohinoor Investment & Securities Pvt. Ltd.,Kalika Securities Pvt. Ltd.,2026-04-15 11:14:03.475712,Api Power Company Ltd.
2026041504001665,API,49,14,32,351.5,11248.0,2026-04-15,186297540,697,Online Securities Pvt. Ltd.,Nepal Stock House (PVT) Ltd.,2026-04-15 11:14:18.839861,Api Power Company Ltd.
2026041504001911,API,75,42,76,350.6,26645.6,2026-04-15,186299251,697,N.I.M.B. Stock Markets Limited,Sani Securities Company Ltd.,2026-04-15 11:16:27.704173,Api Power Company Ltd.
2026041504001967,API,75,34,24,350.6,8414.4,2026-04-15,186299686,697,N.I.M.B. Stock Markets Limited,Vision Securities Pvt. Ltd,2026-04-15 11:17:05.592753,Api Power Company Ltd.
2026041504001968,API,34,34,10,350.5,3505.0,2026-04-15,186299688,697,Vision Securities Pvt. Ltd,Vision Securities Pvt. Ltd,2026-04-15 11:17:05.593026,Api Power Company Ltd.
2026041504001969,API,58,34,180,350.5,63090.0,2026-04-15,186299690,697,Naasa Securities Co. Ltd.,Vision Securities Pvt. Ltd,2026-04-15 11:17:05.593133,Api Power Company Ltd.
2026041504001970,API,57,34,200,350.2,70040.0,2026-04-15,186299692,697,Aryatara Investment & Securities,Vision Securities Pvt. Ltd,2026-04-15 11:17:05.593230,Api Power Company Ltd.
2026041504001971,API,77,34,386,350.1,135138.6,2026-04-15,186299693,697,Nabil Stock Dealer Ltd.,Vision Securities Pvt. Ltd,2026-04-15 11:17:05.593340,Api Power Company Ltd.
2026041504002045,API,17,49,250,351.0,87750.0,2026-04-15,186300127,697,ABC Securities Private Limited,Online Securities Pvt. Ltd.,2026-04-15 11:17:46.278766,Api Power Company Ltd.
2026041504002046,API,17,14,368,351.5,129352.0,2026-04-15,186300129,697,ABC Securities Private Limited,Nepal Stock House (PVT) Ltd.,2026-04-15 11:17:46.278819,Api Power Company Ltd.
2026041504002047,API,17,6,236,351.7,83001.2,2026-04-15,186300131,697,ABC Securities Private Limited,Agrawal Securities (PVT) Ltd.,2026-04-15 11:17:46.278843,Api Power Company Ltd.
2026041504002048,API,17,16,100,351.7,35170.0,2026-04-15,186300133,697,ABC Securities Private Limited,Primo Securities (PVT) Ltd.,2026-04-15 11:17:46.278865,Api Power Company Ltd.
2026041504002049,API,17,38,500,351.8,175900.0,2026-04-15,186300135,697,ABC Securities Private Limited,Dipshikha Dhitopatra Karobar Co. Pvt Ltd.,2026-04-15 11:17:46.278891,Api Power Company Ltd.
2026041504002050,API,17,83,100,351.9,35190.0,2026-04-15,186300138,697,ABC Securities Private Limited,Sanima Securities Limited,2026-04-15 11:17:46.278912,Api Power Company Ltd.
2026041504002051,API,17,6,50,351.9,17595.0,2026-04-15,186300141,697,ABC Securities Private Limited,Agrawal Securities (PVT) Ltd.,2026-04-15 11:17:46.278933,Api Power Company Ltd.
2026041504002052,API,17,49,57,351.9,20058.3,2026-04-15,186300143,697,ABC Securities Private Limited,Online Securities Pvt. Ltd.,2026-04-15 11:17:46.278955,Api Power Company Ltd.
2026041504002053,API,17,58,250,351.9,87975.0,2026-04-15,186300145,697,ABC Securities Private Limited,Naasa Securities Co. Ltd.,2026-04-15 11:17:46.278976,Api Power Company Ltd.
2026041504002054,API,17,62,89,352.0,31328.0,2026-04-15,186300148,697,ABC Securities Private Limited,Capital Max Securities Ltd,2026-04-15 11:17:46.279001,Api Power Company Ltd.
2026041504002071,API,75,58,10,350.2,3502.0,2026-04-15,186300331,697,N.I.M.B. Stock Markets Limited,Naasa Securities Co. Ltd.,2026-04-15 11:18:03.853981,Api Power Company Ltd.
2026041504002121,API,17,1,300,350.9,105270.0,2026-04-15,186300556,697,ABC Securities Private Limited,Kumari Securities Private Limited,2026-04-15 11:18:19.973325,Api Power Company Ltd.
2026041504002122,API,49,40,10,351.9,3519.0,2026-04-15,186300568,697,Online Securities Pvt. Ltd.,Creative Securities Pvt Ltd,2026-04-15 11:18:21.244733,Api Power Company Ltd.
2026041504002255,API,75,1,10,350.2,3502.0,2026-04-15,186301689,697,N.I.M.B. Stock Markets Limited,Kumari Securities Private Limited,2026-04-15 11:19:37.649695,Api Power Company Ltd.
2026041504002344,API,75,34,80,350.2,28016.0,2026-04-15,186302234,697,N.I.M.B. Stock Markets Limited,Vision Securities Pvt. Ltd,2026-04-15 11:20:11.089813,Api Power Company Ltd.
2026041504002345,API,77,34,114,350.1,39911.4,2026-04-15,186302236,697,Nabil Stock Dealer Ltd.,Vision Securities Pvt. Ltd,2026-04-15 11:20:11.090289,Api Power Company Ltd.
2026041504002346,API,17,34,31,350.1,10853.1,2026-04-15,186302237,697,ABC Securities Private Limited,Vision Securities Pvt. Ltd,2026-04-15 11:20:11.090758,Api Power Company Ltd.
2026041504002379,API,17,88,1000,350.1,350100.0,2026-04-15,186302663,697,ABC Securities Private Limited,Blue Chip Securities Ltd,2026-04-15 11:20:32.362515,Api Power Company Ltd.
2026041504002562,API,63,33,153,350.2,53580.6,2026-04-15,186303883,697,Himalayan Brokerage Company Limited,Dakshinkali Investment & Securities Pvt. Ltd.,2026-04-15 11:21:44.882036,Api Power Company Ltd.
2026041504002576,API,63,44,347,350.2,121519.4,2026-04-15,186303918,697,Himalayan Brokerage Company Limited,Dynamic Money Managers Securities Pvt. Ltd.,2026-04-15 11:21:46.891644,Api Power Company Ltd.
2026041504002577,API,17,44,653,350.1,228615.3,2026-04-15,186303919,697,ABC Securities Private Limited,Dynamic Money Managers Securities Pvt. Ltd.,2026-04-15 11:21:46.891877,Api Power Company Ltd.
2026041504002625,API,17,47,10,350.1,3501.0,2026-04-15,186304259,697,ABC Securities Private Limited,Neev Securities Pvt. Ltd.,2026-04-15 11:22:12.513600,Api Power Company Ltd.
2026041504002677,API,100,35,10,350.9,3509.0,2026-04-15,186304862,697,Sunrise Securities Limited,Kohinoor Investment & Securities Pvt. Ltd.,2026-04-15 11:22:45.362076,Api Power Company Ltd.
2026041504002680,API,57,35,29,350.9,10176.1,2026-04-15,186304904,697,Aryatara Investment & Securities,Kohinoor Investment & Securities Pvt. Ltd.,2026-04-15 11:22:49.186609,Api Power Company Ltd.
2026041504002681,API,17,51,306,350.1,107130.6,2026-04-15,186304916,697,ABC Securities Private Limited,Oxford Securities Pvt. Ltd.,2026-04-15 11:22:49.486786,Api Power Company Ltd.
2026041504002682,API,48,51,500,350.1,175050.0,2026-04-15,186304918,697,Trishakti Securities Public Limited,Oxford Securities Pvt. Ltd.,2026-04-15 11:22:49.487054,Api Power Company Ltd.
2026041504002683,API,57,51,194,350.0,67900.0,2026-04-15,186304919,697,Aryatara Investment & Securities,Oxford Securities Pvt. Ltd.,2026-04-15 11:22:49.487162,Api Power Company Ltd.
2026041504002778,API,36,35,50,350.9,17545.0,2026-04-15,186305608,697,Secured Securities Ltd.,Kohinoor Investment & Securities Pvt. Ltd.,2026-04-15 11:23:40.282178,Api Power Company Ltd.
2026041504002781,API,54,17,10,350.2,3502.0,2026-04-15,186305645,697,Sewa Securities Pvt. Ltd.,ABC Securities Private Limited,2026-04-15 11:23:42.749787,Api Power Company Ltd.
2026041504002995,API,54,35,20,350.2,7004.0,2026-04-15,186307927,697,Sewa Securities Pvt. Ltd.,Kohinoor Investment & Securities Pvt. Ltd.,2026-04-15 11:25:51.323257,Api Power Company Ltd.
2026041504003030,API,42,35,31,350.9,10877.9,2026-04-15,186308281,697,Sani Securities Company Ltd.,Kohinoor Investment & Securities Pvt. Ltd.,2026-04-15 11:26:14.819977,Api Power Company Ltd.
2026041504003031,API,42,58,119,351.0,41769.0,2026-04-15,186308284,697,Sani Securities Company Ltd.,Naasa Securities Co. Ltd.,2026-04-15 11:26:14.820287,Api Power Company Ltd.
2026041504003149,API,5,58,73,351.0,25623.0,2026-04-15,186309331,697,Market Securities & Exchange (PVT) Ltd.,Naasa Securities Co. Ltd.,2026-04-15 11:27:17.787419,Api Power Company Ltd.
2026041504003150,API,5,22,127,351.0,44577.0,2026-04-15,186309334,697,Market Securities & Exchange (PVT) Ltd.,Siprabi Securities Pvt. Ltd.,2026-04-15 11:27:17.787715,Api Power Company Ltd.
2026041504003238,API,54,53,85,350.2,29767.0,2026-04-15,186310245,697,Sewa Securities Pvt. Ltd.,Investment Management Nepal Pvt. Ltd.,2026-04-15 11:28:06.887781,Api Power Company Ltd.
2026041504003240,API,58,22,20,351.0,7020.0,2026-04-15,186310272,697,Naasa Securities Co. Ltd.,Siprabi Securities Pvt. Ltd.,2026-04-15 11:28:09.935303,Api Power Company Ltd.
2026041504003242,API,66,22,1023,351.0,359073.0,2026-04-15,186310289,697,Miyo Securities Pvt Ltd,Siprabi Securities Pvt. Ltd.,2026-04-15 11:28:11.793846,Api Power Company Ltd.
2026041504003243,API,66,91,100,351.0,35100.0,2026-04-15,186310291,697,Miyo Securities Pvt Ltd,Citizens Share Broker Limited,2026-04-15 11:28:11.794140,Api Power Company Ltd.
2026041504003244,API,66,42,105,351.0,36855.0,2026-04-15,186310293,697,Miyo Securities Pvt Ltd,Sani Securities Company Ltd.,2026-04-15 11:28:11.794267,Api Power Company Ltd.
2026041504003245,API,66,34,23,351.0,8073.0,2026-04-15,186310295,697,Miyo Securities Pvt Ltd,Vision Securities Pvt. Ltd,2026-04-15 11:28:11.794455,Api Power Company Ltd.
2026041504003246,API,66,49,500,351.0,175500.0,2026-04-15,186310297,697,Miyo Securities Pvt Ltd,Online Securities Pvt. Ltd.,2026-04-15 11:28:11.794585,Api Power Company Ltd.
2026041504003311,API,53,49,24,351.1,8426.4,2026-04-15,186311039,697,Investment Management Nepal Pvt. Ltd.,Online Securities Pvt. Ltd.,2026-04-15 11:29:03.125631,Api Power Company Ltd.
2026041504003315,API,53,40,350,351.9,123165.0,2026-04-15,186311084,697,Investment Management Nepal Pvt. Ltd.,Creative Securities Pvt Ltd,2026-04-15 11:29:06.580978,Api Power Company Ltd.
2026041504003331,API,45,40,140,351.9,49266.0,2026-04-15,186311156,697,Imperial Securities Company Pvt. Ltd.,Creative Securities Pvt Ltd,2026-04-15 11:29:10.931175,Api Power Company Ltd.
2026041504003332,API,57,45,1,351.0,351.0,2026-04-15,186311159,697,Aryatara Investment & Securities,Imperial Securities Company Pvt. Ltd.,2026-04-15 11:29:11.199759,Api Power Company Ltd.
2026041504003384,API,21,40,500,351.9,175950.0,2026-04-15,186311614,697,Midas Stock Broking Company Private Limited,Creative Securities Pvt Ltd,2026-04-15 11:29:35.778344,Api Power Company Ltd.
2026041504003468,API,44,45,20,351.8,7036.0,2026-04-15,186312329,697,Dynamic Money Managers Securities Pvt. Ltd.,Imperial Securities Company Pvt. Ltd.,2026-04-15 11:30:28.063027,Api Power Company Ltd.
2026041504003469,API,44,38,30,351.9,10557.0,2026-04-15,186312331,697,Dynamic Money Managers Securities Pvt. Ltd.,Dipshikha Dhitopatra Karobar Co. Pvt Ltd.,2026-04-15 11:30:28.063634,Api Power Company Ltd.
2026041504003470,API,44,62,185,352.0,65120.0,2026-04-15,186312333,697,Dynamic Money Managers Securities Pvt. Ltd.,Capital Max Securities Ltd,2026-04-15 11:30:28.064057,Api Power Company Ltd.
2026041504003471,API,44,4,98,352.0,34496.0,2026-04-15,186312335,697,Dynamic Money Managers Securities Pvt. Ltd.,Opal Securities Investment (PVT) Ltd.,2026-04-15 11:30:28.064436,Api Power Company Ltd.
2026041504003472,API,44,41,40,352.0,14080.0,2026-04-15,186312337,697,Dynamic Money Managers Securities Pvt. Ltd.,Linch Stock Market Ltd.,2026-04-15 11:30:28.064570,Api Power Company Ltd.
2026041504003473,API,44,14,68,352.0,23936.0,2026-04-15,186312339,697,Dynamic Money Managers Securities Pvt. Ltd.,Nepal Stock House (PVT) Ltd.,2026-04-15 11:30:28.064724,Api Power Company Ltd.
2026041504003474,API,44,41,500,352.0,176000.0,2026-04-15,186312341,697,Dynamic Money Managers Securities Pvt. Ltd.,Linch Stock Market Ltd.,2026-04-15 11:30:28.064860,Api Power Company Ltd.
2026041504003475,API,44,38,200,352.0,70400.0,2026-04-15,186312343,697,Dynamic Money Managers Securities Pvt. Ltd.,Dipshikha Dhitopatra Karobar Co. Pvt Ltd.,2026-04-15 11:30:28.065003,Api Power Company Ltd.
2026041504003476,API,44,14,10,352.0,3520.0,2026-04-15,186312345,697,Dynamic Money Managers Securities Pvt. Ltd.,Nepal Stock House (PVT) Ltd.,2026-04-15 11:30:28.065143,Api Power Company Ltd.
2026041504003477,API,44,42,438,352.0,154176.0,2026-04-15,186312347,697,Dynamic Money Managers Securities Pvt. Ltd.,Sani Securities Company Ltd.,2026-04-15 11:30:28.065278,Api Power Company Ltd.
2026041504003478,API,44,1,20,352.0,7040.0,2026-04-15,186312349,697,Dynamic Money Managers Securities Pvt. Ltd.,Kumari Securities Private Limited,2026-04-15 11:30:28.065422,Api Power Company Ltd.
2026041504003479,API,44,58,49,352.0,17248.0,2026-04-15,186312351,697,Dynamic Money Managers Securities Pvt. Ltd.,Naasa Securities Co. Ltd.,2026-04-15 11:30:28.065596,Api Power Company Ltd.
2026041504003480,API,44,7,20,352.0,7040.0,2026-04-15,186312353,697,Dynamic Money Managers Securities Pvt. Ltd.,J.F. Securites (PVT) Ltd.,2026-04-15 11:30:28.065739,Api Power Company Ltd.
2026041504003520,API,52,8,2000,352.2,704400.0,2026-04-15,186312594,697,Sundhara Securities Limited,Brilliant Securities Pvt. Ltd.,2026-04-15 11:30:42.093395,Api Power Company Ltd.
2026041504003539,API,44,45,300,352.0,105600.0,2026-04-15,186312757,697,Dynamic Money Managers Securities Pvt. Ltd.,Imperial Securities Company Pvt. Ltd.,2026-04-15 11:30:50.614150,Api Power Company Ltd.
2026041504003553,API,52,45,30,352.9,10587.0,2026-04-15,186312923,697,Sundhara Securities Limited,Imperial Securities Company Pvt. Ltd.,2026-04-15 11:31:02.617641,Api Power Company Ltd.
2026041504003554,API,52,44,500,353.0,176500.0,2026-04-15,186312925,697,Sundhara Securities Limited,Dynamic Money Managers Securities Pvt. Ltd.,2026-04-15 11:31:02.617730,Api Power Company Ltd.
2026041504003555,API,52,5,100,353.0,35300.0,2026-04-15,186312927,697,Sundhara Securities Limited,Market Securities & Exchange (PVT) Ltd.,2026-04-15 11:31:02.617804,Api Power Company Ltd.
2026041504003556,API,52,34,10,353.0,3530.0,2026-04-15,186312929,697,Sundhara Securities Limited,Vision Securities Pvt. Ltd,2026-04-15 11:31:02.617873,Api Power Company Ltd.
2026041504003557,API,52,4,360,353.0,127080.0,2026-04-15,186312932,697,Sundhara Securities Limited,Opal Securities Investment (PVT) Ltd.,2026-04-15 11:31:02.617941,Api Power Company Ltd.
2026041504003565,API,49,4,770,353.0,271810.0,2026-04-15,186312959,697,Online Securities Pvt. Ltd.,Opal Securities Investment (PVT) Ltd.,2026-04-15 11:31:04.775568,Api Power Company Ltd.
2026041504003566,API,49,42,10,353.0,3530.0,2026-04-15,186312961,697,Online Securities Pvt. Ltd.,Sani Securities Company Ltd.,2026-04-15 11:31:04.776135,Api Power Company Ltd.
2026041504003567,API,49,35,70,353.0,24710.0,2026-04-15,186312963,697,Online Securities Pvt. Ltd.,Kohinoor Investment & Securities Pvt. Ltd.,2026-04-15 11:31:04.776535,Api Power Company Ltd.
2026041504003568,API,49,53,350,353.0,123550.0,2026-04-15,186312965,697,Online Securities Pvt. Ltd.,Investment Management Nepal Pvt. Ltd.,2026-04-15 11:31:04.776910,Api Power Company Ltd.
2026041504003569,API,49,21,52,353.0,18356.0,2026-04-15,186312967,697,Online Securities Pvt. Ltd.,Midas Stock Broking Company Private Limited,2026-04-15 11:31:04.777296,Api Power Company Ltd.
2026041504003605,API,18,32,100,353.8,35380.0,2026-04-15,186313259,697,Sagarmatha Securities Private Limited,Premier Securities Company Ltd.,2026-04-15 11:31:22.747990,Api Power Company Ltd.
2026041504003606,API,18,44,100,353.8,35380.0,2026-04-15,186313262,697,Sagarmatha Securities Private Limited,Dynamic Money Managers Securities Pvt. Ltd.,2026-04-15 11:31:22.748274,Api Power Company Ltd.
2026041504003679,API,58,49,2,350.0,700.0,2026-04-15,186314081,697,Naasa Securities Co. Ltd.,Online Securities Pvt. Ltd.,2026-04-15 11:32:09.319130,Api Power Company Ltd.
2026041504003683,API,49,14,748,353.0,264044.0,2026-04-15,186314140,697,Online Securities Pvt. Ltd.,Nepal Stock House (PVT) Ltd.,2026-04-15 11:32:11.155304,Api Power Company Ltd.
2026041504003753,API,44,28,10,352.0,3520.0,2026-04-15,186314901,697,Dynamic Money Managers Securities Pvt. Ltd.,Shree Krishna Securities Ltd.,2026-04-15 11:32:53.060879,Api Power Company Ltd.
2026041504004364,API,10,42,15,352.5,5287.5,2026-04-15,186319247,697,Pragyan Securities (PVT) Ltd.,Sani Securities Company Ltd.,2026-04-15 11:37:06.395041,Api Power Company Ltd.
2026041504004365,API,10,44,500,352.5,176250.0,2026-04-15,186319249,697,Pragyan Securities (PVT) Ltd.,Dynamic Money Managers Securities Pvt. Ltd.,2026-04-15 11:37:06.395715,Api Power Company Ltd.
2026041504004392,API,28,14,100,353.0,35300.0,2026-04-15,186319646,697,Shree Krishna Securities Ltd.,Nepal Stock House (PVT) Ltd.,2026-04-15 11:37:36.834863,Api Power Company Ltd.
2026041504004394,API,58,14,16,353.0,5648.0,2026-04-15,186319670,697,Naasa Securities Co. Ltd.,Nepal Stock House (PVT) Ltd.,2026-04-15 11:37:39.396027,Api Power Company Ltd.
2026041504004595,API,10,34,50,352.5,17625.0,2026-04-15,186320875,697,Pragyan Securities (PVT) Ltd.,Vision Securities Pvt. Ltd,2026-04-15 11:39:06.824921,Api Power Company Ltd.
2026041504004647,API,10,8,50,352.5,17625.0,2026-04-15,186321477,697,Pragyan Securities (PVT) Ltd.,Brilliant Securities Pvt. Ltd.,2026-04-15 11:39:39.318278,Api Power Company Ltd.
2026041504004700,API,10,85,385,352.5,135712.5,2026-04-15,186321824,697,Pragyan Securities (PVT) Ltd.,Capital Hub P. Ltd,2026-04-15 11:40:03.150349,Api Power Company Ltd.
2026041504004701,API,22,85,30,352.5,10575.0,2026-04-15,186321826,697,Siprabi Securities Pvt. Ltd.,Capital Hub P. Ltd,2026-04-15 11:40:03.150686,Api Power Company Ltd.
2026041504004767,API,44,36,12,352.0,4224.0,2026-04-15,186322486,697,Dynamic Money Managers Securities Pvt. Ltd.,Secured Securities Ltd.,2026-04-15 11:40:43.830471,Api Power Company Ltd.
2026041504004768,API,19,36,988,352.0,347776.0,2026-04-15,186322487,697,Nepal Investment And Securities Trading Private Limited,Secured Securities Ltd.,2026-04-15 11:40:43.831655,Api Power Company Ltd.
2026041504004804,API,39,85,1500,352.5,528750.0,2026-04-15,186322720,697,Sumeru Securities Pvt. Ltd.,Capital Hub P. Ltd,2026-04-15 11:40:58.019351,Api Power Company Ltd.
2026041504004856,API,19,36,12,352.0,4224.0,2026-04-15,186323186,697,Nepal Investment And Securities Trading Private Limited,Secured Securities Ltd.,2026-04-15 11:41:31.618001,Api Power Company Ltd.
2026041504004857,API,44,36,40,352.0,14080.0,2026-04-15,186323188,697,Dynamic Money Managers Securities Pvt. Ltd.,Secured Securities Ltd.,2026-04-15 11:41:31.618778,Api Power Company Ltd.
2026041504004858,API,49,36,10,352.0,3520.0,2026-04-15,186323190,697,Online Securities Pvt. Ltd.,Secured Securities Ltd.,2026-04-15 11:41:31.619464,Api Power Company Ltd.
2026041504004859,API,49,36,21,352.0,7392.0,2026-04-15,186323192,697,Online Securities Pvt. Ltd.,Secured Securities Ltd.,2026-04-15 11:41:31.620059,Api Power Company Ltd.
2026041504004860,API,39,36,200,352.0,70400.0,2026-04-15,186323194,697,Sumeru Securities Pvt. Ltd.,Secured Securities Ltd.,2026-04-15 11:41:31.620639,Api Power Company Ltd.
2026041504004861,API,39,36,1000,351.4,351400.0,2026-04-15,186323196,697,Sumeru Securities Pvt. Ltd.,Secured Securities Ltd.,2026-04-15 11:41:31.621252,Api Power Company Ltd.
2026041504004862,API,21,36,500,351.3,175650.0,2026-04-15,186323198,697,Midas Stock Broking Company Private Limited,Secured Securities Ltd.,2026-04-15 11:41:31.621868,Api Power Company Ltd.
2026041504004863,API,4,36,100,351.3,35130.0,2026-04-15,186323200,697,Opal Securities Investment (PVT) Ltd.,Secured Securities Ltd.,2026-04-15 11:41:31.622473,Api Power Company Ltd.
2026041504004864,API,75,36,100,351.3,35130.0,2026-04-15,186323202,697,N.I.M.B. Stock Markets Limited,Secured Securities Ltd.,2026-04-15 11:41:31.623061,Api Power Company Ltd.
2026041504004865,API,7,36,1400,351.2,491680.0,2026-04-15,186323204,697,J.F. Securites (PVT) Ltd.,Secured Securities Ltd.,2026-04-15 11:41:31.623650,Api Power Company Ltd.
2026041504004866,API,53,36,326,351.1,114458.6,2026-04-15,186323206,697,Investment Management Nepal Pvt. Ltd.,Secured Securities Ltd.,2026-04-15 11:41:31.624263,Api Power Company Ltd.
2026041504004867,API,16,36,1000,351.1,351100.0,2026-04-15,186323208,697,Primo Securities (PVT) Ltd.,Secured Securities Ltd.,2026-04-15 11:41:31.624902,Api Power Company Ltd.
2026041504004868,API,13,36,1000,351.1,351100.0,2026-04-15,186323210,697,Thrive Brokerage House Pvt. Ltd,Secured Securities Ltd.,2026-04-15 11:41:31.625474,Api Power Company Ltd.
2026041504004869,API,39,36,3291,351.1,1155470.1,2026-04-15,186323211,697,Sumeru Securities Pvt. Ltd.,Secured Securities Ltd.,2026-04-15 11:41:31.626054,Api Power Company Ltd.
2026041504004981,API,34,85,85,351.4,29869.0,2026-04-15,186324311,697,Vision Securities Pvt. Ltd,Capital Hub P. Ltd,2026-04-15 11:42:34.396195,Api Power Company Ltd.
2026041504004987,API,34,91,54,351.4,18975.6,2026-04-15,186324421,697,Vision Securities Pvt. Ltd,Citizens Share Broker Limited,2026-04-15 11:42:48.190510,Api Power Company Ltd.
2026041504005017,API,34,58,10,351.4,3514.0,2026-04-15,186324621,697,Vision Securities Pvt. Ltd,Naasa Securities Co. Ltd.,2026-04-15 11:43:01.374830,Api Power Company Ltd.
2026041504005032,API,34,47,351,351.4,123341.4,2026-04-15,186324750,697,Vision Securities Pvt. Ltd,Neev Securities Pvt. Ltd.,2026-04-15 11:43:10.268183,Api Power Company Ltd.
2026041504005033,API,75,47,100,351.3,35130.0,2026-04-15,186324752,697,N.I.M.B. Stock Markets Limited,Neev Securities Pvt. Ltd.,2026-04-15 11:43:10.268937,Api Power Company Ltd.
2026041504005034,API,39,47,549,351.2,192808.8,2026-04-15,186324753,697,Sumeru Securities Pvt. Ltd.,Neev Securities Pvt. Ltd.,2026-04-15 11:43:10.269482,Api Power Company Ltd.
2026041504005397,API,16,88,200,351.3,70260.0,2026-04-15,186327290,697,Primo Securities (PVT) Ltd.,Blue Chip Securities Ltd,2026-04-15 11:45:45.582365,Api Power Company Ltd.
2026041504005398,API,44,88,800,351.3,281040.0,2026-04-15,186327291,697,Dynamic Money Managers Securities Pvt. Ltd.,Blue Chip Securities Ltd,2026-04-15 11:45:45.582768,Api Power Company Ltd.
2026041504005414,API,44,66,200,351.3,70260.0,2026-04-15,186327453,697,Dynamic Money Managers Securities Pvt. Ltd.,Miyo Securities Pvt Ltd,2026-04-15 11:45:54.871275,Api Power Company Ltd.
2026041504005449,API,39,52,1951,351.9,686556.9,2026-04-15,186327644,697,Sumeru Securities Pvt. Ltd.,Sundhara Securities Limited,2026-04-15 11:46:04.138715,Api Power Company Ltd.
2026041504005495,API,44,66,100,351.3,35130.0,2026-04-15,186328031,697,Dynamic Money Managers Securities Pvt. Ltd.,Miyo Securities Pvt Ltd,2026-04-15 11:46:17.987452,Api Power Company Ltd.
2026041504005624,API,58,52,49,351.9,17243.1,2026-04-15,186328957,697,Naasa Securities Co. Ltd.,Sundhara Securities Limited,2026-04-15 11:47:15.198046,Api Power Company Ltd.
2026041504005625,API,58,49,451,352.0,158752.0,2026-04-15,186328960,697,Naasa Securities Co. Ltd.,Online Securities Pvt. Ltd.,2026-04-15 11:47:15.198475,Api Power Company Ltd.
2026041504005665,API,54,49,35,352.0,12320.0,2026-04-15,186329160,697,Sewa Securities Pvt. Ltd.,Online Securities Pvt. Ltd.,2026-04-15 11:47:27.796924,Api Power Company Ltd.
2026041504005791,API,1,49,200,352.0,70400.0,2026-04-15,186329908,697,Kumari Securities Private Limited,Online Securities Pvt. Ltd.,2026-04-15 11:48:08.055012,Api Power Company Ltd.
2026041504005897,API,47,49,973,352.0,342496.0,2026-04-15,186330685,697,Neev Securities Pvt. Ltd.,Online Securities Pvt. Ltd.,2026-04-15 11:48:50.548159,Api Power Company Ltd.
2026041504005898,API,47,49,127,352.0,44704.0,2026-04-15,186330688,697,Neev Securities Pvt. Ltd.,Online Securities Pvt. Ltd.,2026-04-15 11:48:50.549024,Api Power Company Ltd.
2026041504005979,API,54,49,37,352.0,13024.0,2026-04-15,186331525,697,Sewa Securities Pvt. Ltd.,Online Securities Pvt. Ltd.,2026-04-15 11:49:18.785790,Api Power Company Ltd.
2026041504005980,API,54,62,26,352.0,9152.0,2026-04-15,186331528,697,Sewa Securities Pvt. Ltd.,Capital Max Securities Ltd,2026-04-15 11:49:18.786817,Api Power Company Ltd.
2026041504006128,API,68,62,31,352.0,10912.0,2026-04-15,186332761,697,Elite Stock House Limited,Capital Max Securities Ltd,2026-04-15 11:50:01.931242,Api Power Company Ltd.
2026041504006129,API,68,47,100,352.0,35200.0,2026-04-15,186332763,697,Elite Stock House Limited,Neev Securities Pvt. Ltd.,2026-04-15 11:50:01.931692,Api Power Company Ltd.
2026041504006390,API,68,32,19,352.0,6688.0,2026-04-15,186335228,697,Elite Stock House Limited,Premier Securities Company Ltd.,2026-04-15 11:51:15.770948,Api Power Company Ltd.
2026041504006391,API,58,32,160,352.0,56320.0,2026-04-15,186335230,697,Naasa Securities Co. Ltd.,Premier Securities Company Ltd.,2026-04-15 11:51:15.771381,Api Power Company Ltd.
2026041504006581,API,52,32,21,352.0,7392.0,2026-04-15,186336879,697,Sundhara Securities Limited,Premier Securities Company Ltd.,2026-04-15 11:52:31.621530,Api Power Company Ltd.
2026041504006582,API,52,14,116,352.0,40832.0,2026-04-15,186336881,697,Sundhara Securities Limited,Nepal Stock House (PVT) Ltd.,2026-04-15 11:52:31.622369,Api Power Company Ltd.
2026041504006583,API,52,34,16,352.0,5632.0,2026-04-15,186336883,697,Sundhara Securities Limited,Vision Securities Pvt. Ltd,2026-04-15 11:52:31.622978,Api Power Company Ltd.
2026041504006584,API,52,14,136,352.0,47872.0,2026-04-15,186336886,697,Sundhara Securities Limited,Nepal Stock House (PVT) Ltd.,2026-04-15 11:52:31.623601,Api Power Company Ltd.
2026041504006784,API,49,35,52,352.0,18304.0,2026-04-15,186338345,697,Online Securities Pvt. Ltd.,Kohinoor Investment & Securities Pvt. Ltd.,2026-04-15 11:53:33.383073,Api Power Company Ltd.
2026041504006785,API,14,28,1,349.0,349.0,2026-04-15,186338425,697,Nepal Stock House (PVT) Ltd.,Shree Krishna Securities Ltd.,2026-04-15 11:53:36.460612,Api Power Company Ltd.
2026041504006791,API,44,97,60,352.4,21144.0,2026-04-15,186338451,697,Dynamic Money Managers Securities Pvt. Ltd.,R.B.B. Securities Company Ltd,2026-04-15 11:53:38.290548,Api Power Company Ltd.
2026041504006792,API,44,45,300,352.5,105750.0,2026-04-15,186338453,697,Dynamic Money Managers Securities Pvt. Ltd.,Imperial Securities Company Pvt. Ltd.,2026-04-15 11:53:38.290992,Api Power Company Ltd.
2026041504006793,API,44,47,100,352.8,35280.0,2026-04-15,186338455,697,Dynamic Money Managers Securities Pvt. Ltd.,Neev Securities Pvt. Ltd.,2026-04-15 11:53:38.291218,Api Power Company Ltd.
2026041504006794,API,44,40,500,352.9,176450.0,2026-04-15,186338457,697,Dynamic Money Managers Securities Pvt. Ltd.,Creative Securities Pvt Ltd,2026-04-15 11:53:38.291483,Api Power Company Ltd.
2026041504006795,API,44,14,1000,353.0,353000.0,2026-04-15,186338459,697,Dynamic Money Managers Securities Pvt. Ltd.,Nepal Stock House (PVT) Ltd.,2026-04-15 11:53:38.291702,Api Power Company Ltd.
2026041504006796,API,44,65,40,353.0,14120.0,2026-04-15,186338462,697,Dynamic Money Managers Securities Pvt. Ltd.,Sharepro Securities Private Limited,2026-04-15 11:53:38.291912,Api Power Company Ltd.
2026041504006804,API,49,21,26,352.0,9152.0,2026-04-15,186338553,697,Online Securities Pvt. Ltd.,Midas Stock Broking Company Private Limited,2026-04-15 11:53:41.593241,Api Power Company Ltd.
2026041504006854,API,14,43,2,350.0,700.0,2026-04-15,186339041,697,Nepal Stock House (PVT) Ltd.,South Asian Bulls Pvt. Ltd.,2026-04-15 11:54:01.100572,Api Power Company Ltd.
2026041504006871,API,14,58,4,350.0,1400.0,2026-04-15,186339297,697,Nepal Stock House (PVT) Ltd.,Naasa Securities Co. Ltd.,2026-04-15 11:54:11.768864,Api Power Company Ltd.
2026041504006922,API,38,45,30,352.8,10584.0,2026-04-15,186339860,697,Dipshikha Dhitopatra Karobar Co. Pvt Ltd.,Imperial Securities Company Pvt. Ltd.,2026-04-15 11:54:38.717575,Api Power Company Ltd.
2026041504006923,API,38,39,970,352.9,342313.0,2026-04-15,186339863,697,Dipshikha Dhitopatra Karobar Co. Pvt Ltd.,Sumeru Securities Pvt. Ltd.,2026-04-15 11:54:38.718091,Api Power Company Ltd.
2026041504006982,API,45,39,30,352.9,10587.0,2026-04-15,186340395,697,Imperial Securities Company Pvt. Ltd.,Sumeru Securities Pvt. Ltd.,2026-04-15 11:55:04.636357,Api Power Company Ltd.
2026041504006983,API,45,65,60,353.0,21180.0,2026-04-15,186340397,697,Imperial Securities Company Pvt. Ltd.,Sharepro Securities Private Limited,2026-04-15 11:55:04.637226,Api Power Company Ltd.
2026041504006984,API,45,44,500,353.0,176500.0,2026-04-15,186340399,697,Imperial Securities Company Pvt. Ltd.,Dynamic Money Managers Securities Pvt. Ltd.,2026-04-15 11:55:04.637894,Api Power Company Ltd.
2026041504006985,API,45,14,183,353.0,64599.0,2026-04-15,186340401,697,Imperial Securities Company Pvt. Ltd.,Nepal Stock House (PVT) Ltd.,2026-04-15 11:55:04.638564,Api Power Company Ltd.
2026041504006986,API,45,19,152,353.0,53656.0,2026-04-15,186340404,697,Imperial Securities Company Pvt. Ltd.,Nepal Investment And Securities Trading Private Limited,2026-04-15 11:55:04.639229,Api Power Company Ltd.
2026041504006987,API,45,53,75,353.0,26475.0,2026-04-15,186340408,697,Imperial Securities Company Pvt. Ltd.,Investment Management Nepal Pvt. Ltd.,2026-04-15 11:55:04.639892,Api Power Company Ltd.
2026041504006997,API,100,53,559,353.0,197327.0,2026-04-15,186340479,697,Sunrise Securities Limited,Investment Management Nepal Pvt. Ltd.,2026-04-15 11:55:07.809589,Api Power Company Ltd.
2026041504006998,API,100,51,50,353.0,17650.0,2026-04-15,186340481,697,Sunrise Securities Limited,Oxford Securities Pvt. Ltd.,2026-04-15 11:55:07.810069,Api Power Company Ltd.
2026041504007020,API,100,41,391,353.0,138023.0,2026-04-15,186340602,697,Sunrise Securities Limited,Linch Stock Market Ltd.,2026-04-15 11:55:16.340947,Api Power Company Ltd.
2026041504007021,API,68,41,500,352.5,176250.0,2026-04-15,186340604,697,Elite Stock House Limited,Linch Stock Market Ltd.,2026-04-15 11:55:16.341427,Api Power Company Ltd.
2026041504007032,API,66,65,380,352.1,133798.0,2026-04-15,186340678,697,Miyo Securities Pvt Ltd,Sharepro Securities Private Limited,2026-04-15 11:55:21.191911,Api Power Company Ltd.
2026041504007033,API,49,65,422,352.0,148544.0,2026-04-15,186340680,697,Online Securities Pvt. Ltd.,Sharepro Securities Private Limited,2026-04-15 11:55:21.191951,Api Power Company Ltd.
2026041504007034,API,57,65,200,352.0,70400.0,2026-04-15,186340682,697,Aryatara Investment & Securities,Sharepro Securities Private Limited,2026-04-15 11:55:21.191987,Api Power Company Ltd.
2026041504007035,API,49,65,200,352.0,70400.0,2026-04-15,186340684,697,Online Securities Pvt. Ltd.,Sharepro Securities Private Limited,2026-04-15 11:55:21.192007,Api Power Company Ltd.
2026041504007036,API,60,65,1000,352.0,352000.0,2026-04-15,186340686,697,Nagarik Stock Dealer ,Sharepro Securities Private Limited,2026-04-15 11:55:21.192035,Api Power Company Ltd.
2026041504007037,API,35,65,150,352.0,52800.0,2026-04-15,186340688,697,Kohinoor Investment & Securities Pvt. Ltd.,Sharepro Securities Private Limited,2026-04-15 11:55:21.192058,Api Power Company Ltd.
2026041504007038,API,72,65,648,351.9,228031.2,2026-04-15,186340689,697,Hatemalo Financial Services Private Limited,Sharepro Securities Private Limited,2026-04-15 11:55:21.192084,Api Power Company Ltd.
2026041504007094,API,38,41,300,352.5,105750.0,2026-04-15,186340984,697,Dipshikha Dhitopatra Karobar Co. Pvt Ltd.,Linch Stock Market Ltd.,2026-04-15 11:55:36.802606,Api Power Company Ltd.
2026041504007274,API,17,25,350,352.4,123340.0,2026-04-15,186342463,697,ABC Securities Private Limited,Sweta Securities Private Limited,2026-04-15 11:56:43.257040,Api Power Company Ltd.
2026041504007275,API,17,41,1030,352.5,363075.0,2026-04-15,186342466,697,ABC Securities Private Limited,Linch Stock Market Ltd.,2026-04-15 11:56:43.258098,Api Power Company Ltd.
2026041504007392,API,34,41,250,352.5,88125.0,2026-04-15,186343006,697,Vision Securities Pvt. Ltd,Linch Stock Market Ltd.,2026-04-15 11:57:03.816355,Api Power Company Ltd.
2026041504007491,API,77,41,50,352.5,17625.0,2026-04-15,186343636,697,Nabil Stock Dealer Ltd.,Linch Stock Market Ltd.,2026-04-15 11:57:33.655184,Api Power Company Ltd.
2026041504007675,API,1,44,125,352.3,44037.5,2026-04-15,186344813,697,Kumari Securities Private Limited,Dynamic Money Managers Securities Pvt. Ltd.,2026-04-15 11:58:27.190041,Api Power Company Ltd.
2026041504007678,API,1,14,500,352.3,176150.0,2026-04-15,186344875,697,Kumari Securities Private Limited,Nepal Stock House (PVT) Ltd.,2026-04-15 11:58:30.465204,Api Power Company Ltd.
2026041504007799,API,1,88,875,352.3,308262.5,2026-04-15,186345722,697,Kumari Securities Private Limited,Blue Chip Securities Ltd,2026-04-15 11:59:02.531663,Api Power Company Ltd.
2026041504007809,API,38,88,125,352.3,44037.5,2026-04-15,186345860,697,Dipshikha Dhitopatra Karobar Co. Pvt Ltd.,Blue Chip Securities Ltd,2026-04-15 11:59:05.567624,Api Power Company Ltd.
2026041504007810,API,38,41,50,352.5,17625.0,2026-04-15,186345862,697,Dipshikha Dhitopatra Karobar Co. Pvt Ltd.,Linch Stock Market Ltd.,2026-04-15 11:59:05.567698,Api Power Company Ltd.
2026041504007811,API,38,13,300,353.0,105900.0,2026-04-15,186345864,697,Dipshikha Dhitopatra Karobar Co. Pvt Ltd.,Thrive Brokerage House Pvt. Ltd,2026-04-15 11:59:05.567722,Api Power Company Ltd.
2026041504007812,API,38,47,100,353.2,35320.0,2026-04-15,186345866,697,Dipshikha Dhitopatra Karobar Co. Pvt Ltd.,Neev Securities Pvt. Ltd.,2026-04-15 11:59:05.567747,Api Power Company Ltd.
2026041504007813,API,38,44,425,353.3,150152.5,2026-04-15,186345811,697,Dipshikha Dhitopatra Karobar Co. Pvt Ltd.,Dynamic Money Managers Securities Pvt. Ltd.,2026-04-15 11:59:05.567768,Api Power Company Ltd.
2026041504007861,API,58,44,75,353.3,26497.5,2026-04-15,186346431,697,Naasa Securities Co. Ltd.,Dynamic Money Managers Securities Pvt. Ltd.,2026-04-15 11:59:30.804268,Api Power Company Ltd.
2026041504007862,API,58,45,30,353.7,10611.0,2026-04-15,186346433,697,Naasa Securities Co. Ltd.,Imperial Securities Company Pvt. Ltd.,2026-04-15 11:59:30.804383,Api Power Company Ltd.
2026041504007863,API,58,57,95,353.7,33601.5,2026-04-15,186346436,697,Naasa Securities Co. Ltd.,Aryatara Investment & Securities,2026-04-15 11:59:30.804423,Api Power Company Ltd.
2026041504008037,API,58,58,20,352.2,7044.0,2026-04-15,186347530,697,Naasa Securities Co. Ltd.,Naasa Securities Co. Ltd.,2026-04-15 12:00:16.316050,Api Power Company Ltd.
2026041504008038,API,35,58,30,352.2,10566.0,2026-04-15,186347531,697,Kohinoor Investment & Securities Pvt. Ltd.,Naasa Securities Co. Ltd.,2026-04-15 12:00:16.316529,Api Power Company Ltd.
2026041504008078,API,14,35,1,350.0,350.0,2026-04-15,186347863,697,Nepal Stock House (PVT) Ltd.,Kohinoor Investment & Securities Pvt. Ltd.,2026-04-15 12:00:41.013152,Api Power Company Ltd.
2026041504008239,API,6,58,10,353.5,3535.0,2026-04-15,186348766,697,Agrawal Securities (PVT) Ltd.,Naasa Securities Co. Ltd.,2026-04-15 12:01:26.385134,Api Power Company Ltd.
2026041504008254,API,19,32,100,353.0,35300.0,2026-04-15,186348861,697,Nepal Investment And Securities Trading Private Limited,Premier Securities Company Ltd.,2026-04-15 12:01:33.690498,Api Power Company Ltd.
2026041504008374,API,19,36,10,353.0,3530.0,2026-04-15,186349373,697,Nepal Investment And Securities Trading Private Limited,Secured Securities Ltd.,2026-04-15 12:01:59.444497,Api Power Company Ltd.
2026041504008443,API,19,14,200,353.0,70600.0,2026-04-15,186349751,697,Nepal Investment And Securities Trading Private Limited,Nepal Stock House (PVT) Ltd.,2026-04-15 12:02:17.160992,Api Power Company Ltd.
2026041504008582,API,19,14,200,353.0,70600.0,2026-04-15,186350517,697,Nepal Investment And Securities Trading Private Limited,Nepal Stock House (PVT) Ltd.,2026-04-15 12:02:55.755483,Api Power Company Ltd.
2026041504008664,API,19,36,60,353.0,21180.0,2026-04-15,186351055,697,Nepal Investment And Securities Trading Private Limited,Secured Securities Ltd.,2026-04-15 12:03:21.293202,Api Power Company Ltd.
2026041504008712,API,19,45,430,353.0,151790.0,2026-04-15,186351400,697,Nepal Investment And Securities Trading Private Limited,Imperial Securities Company Pvt. Ltd.,2026-04-15 12:03:43.661563,Api Power Company Ltd.
2026041504008713,API,60,45,570,353.0,201210.0,2026-04-15,186351401,697,Nagarik Stock Dealer ,Imperial Securities Company Pvt. Ltd.,2026-04-15 12:03:43.662461,Api Power Company Ltd.
2026041504008783,API,8,53,300,353.2,105960.0,2026-04-15,186351701,697,Brilliant Securities Pvt. Ltd.,Investment Management Nepal Pvt. Ltd.,2026-04-15 12:03:57.229235,Api Power Company Ltd.
2026041504008784,API,8,58,125,353.3,44162.5,2026-04-15,186351703,697,Brilliant Securities Pvt. Ltd.,Naasa Securities Co. Ltd.,2026-04-15 12:03:57.229740,Api Power Company Ltd.
2026041504008785,API,8,28,1075,353.3,379797.5,2026-04-15,186351706,697,Brilliant Securities Pvt. Ltd.,Shree Krishna Securities Ltd.,2026-04-15 12:03:57.230014,Api Power Company Ltd.
2026041504008902,API,14,52,500,353.2,176600.0,2026-04-15,186352423,697,Nepal Stock House (PVT) Ltd.,Sundhara Securities Limited,2026-04-15 12:04:32.887618,Api Power Company Ltd.
2026041504008903,API,14,28,2500,353.3,883250.0,2026-04-15,186352426,697,Nepal Stock House (PVT) Ltd.,Shree Krishna Securities Ltd.,2026-04-15 12:04:32.888628,Api Power Company Ltd.
2026041504008914,API,39,45,20,353.1,7062.0,2026-04-15,186352551,697,Sumeru Securities Pvt. Ltd.,Imperial Securities Company Pvt. Ltd.,2026-04-15 12:04:42.237492,Api Power Company Ltd.
2026041504008988,API,39,44,400,353.1,141240.0,2026-04-15,186352967,697,Sumeru Securities Pvt. Ltd.,Dynamic Money Managers Securities Pvt. Ltd.,2026-04-15 12:05:06.161604,Api Power Company Ltd.
2026041504009079,API,39,40,80,353.1,28248.0,2026-04-15,186353500,697,Sumeru Securities Pvt. Ltd.,Creative Securities Pvt Ltd,2026-04-15 12:05:39.909883,Api Power Company Ltd.
2026041504009080,API,60,40,220,353.0,77660.0,2026-04-15,186353501,697,Nagarik Stock Dealer ,Creative Securities Pvt Ltd,2026-04-15 12:05:39.910379,Api Power Company Ltd.
2026041504009099,API,58,45,85,353.2,30022.0,2026-04-15,186353658,697,Naasa Securities Co. Ltd.,Imperial Securities Company Pvt. Ltd.,2026-04-15 12:05:48.519968,Api Power Company Ltd.
2026041504009337,API,60,45,65,353.2,22958.0,2026-04-15,186354947,697,Nagarik Stock Dealer ,Imperial Securities Company Pvt. Ltd.,2026-04-15 12:07:02.628332,Api Power Company Ltd.
2026041504009338,API,60,58,51,353.2,18013.2,2026-04-15,186354949,697,Nagarik Stock Dealer ,Naasa Securities Co. Ltd.,2026-04-15 12:07:02.628832,Api Power Company Ltd.
2026041504009339,API,60,28,425,353.3,150152.5,2026-04-15,186354951,697,Nagarik Stock Dealer ,Shree Krishna Securities Ltd.,2026-04-15 12:07:02.629080,Api Power Company Ltd.
2026041504009340,API,60,52,1000,353.4,353400.0,2026-04-15,186354953,697,Nagarik Stock Dealer ,Sundhara Securities Limited,2026-04-15 12:07:02.629327,Api Power Company Ltd.
2026041504009341,API,60,6,100,353.5,35350.0,2026-04-15,186354955,697,Nagarik Stock Dealer ,Agrawal Securities (PVT) Ltd.,2026-04-15 12:07:02.629573,Api Power Company Ltd.
2026041504009342,API,60,56,228,353.5,80598.0,2026-04-15,186354957,697,Nagarik Stock Dealer ,Sri Hari Securities Pvt. Ltd.,2026-04-15 12:07:02.629812,Api Power Company Ltd.
2026041504009343,API,60,39,1500,353.6,530400.0,2026-04-15,186354959,697,Nagarik Stock Dealer ,Sumeru Securities Pvt. Ltd.,2026-04-15 12:07:02.630067,Api Power Company Ltd.
2026041504009344,API,60,59,20,353.6,7072.0,2026-04-15,186354961,697,Nagarik Stock Dealer ,Deevyaa Securities & Stock House Pvt. Ltd,2026-04-15 12:07:02.630306,Api Power Company Ltd.
2026041504009345,API,60,47,100,353.6,35360.0,2026-04-15,186354963,697,Nagarik Stock Dealer ,Neev Securities Pvt. Ltd.,2026-04-15 12:07:02.630550,Api Power Company Ltd.
2026041504009346,API,60,45,30,353.7,10611.0,2026-04-15,186354965,697,Nagarik Stock Dealer ,Imperial Securities Company Pvt. Ltd.,2026-04-15 12:07:02.630792,Api Power Company Ltd.
2026041504009347,API,60,14,1000,353.7,353700.0,2026-04-15,186354967,697,Nagarik Stock Dealer ,Nepal Stock House (PVT) Ltd.,2026-04-15 12:07:02.631029,Api Power Company Ltd.
2026041504009348,API,60,6,150,353.8,53070.0,2026-04-15,186354969,697,Nagarik Stock Dealer ,Agrawal Securities (PVT) Ltd.,2026-04-15 12:07:02.631270,Api Power Company Ltd.
2026041504009349,API,60,76,55,353.8,19459.0,2026-04-15,186354971,697,Nagarik Stock Dealer ,Machhapuchchhre Securities Limited,2026-04-15 12:07:02.631510,Api Power Company Ltd.
2026041504009350,API,60,32,300,353.9,106170.0,2026-04-15,186354973,697,Nagarik Stock Dealer ,Premier Securities Company Ltd.,2026-04-15 12:07:02.631748,Api Power Company Ltd.
2026041504009351,API,60,83,1000,353.9,353900.0,2026-04-15,186354975,697,Nagarik Stock Dealer ,Sanima Securities Limited,2026-04-15 12:07:02.631987,Api Power Company Ltd.
2026041504009352,API,60,26,500,353.9,176950.0,2026-04-15,186354977,697,Nagarik Stock Dealer ,Asian Securities Private Ltd.,2026-04-15 12:07:02.632227,Api Power Company Ltd.
2026041504009353,API,60,32,37,353.9,13094.3,2026-04-15,186354979,697,Nagarik Stock Dealer ,Premier Securities Company Ltd.,2026-04-15 12:07:02.632469,Api Power Company Ltd.
2026041504009354,API,60,44,500,353.9,176950.0,2026-04-15,186354981,697,Nagarik Stock Dealer ,Dynamic Money Managers Securities Pvt. Ltd.,2026-04-15 12:07:02.632703,Api Power Company Ltd.
2026041504009355,API,60,44,1000,354.0,354000.0,2026-04-15,186354983,697,Nagarik Stock Dealer ,Dynamic Money Managers Securities Pvt. Ltd.,2026-04-15 12:07:02.632941,Api Power Company Ltd.
2026041504009356,API,60,53,1000,354.0,354000.0,2026-04-15,186354985,697,Nagarik Stock Dealer ,Investment Management Nepal Pvt. Ltd.,2026-04-15 12:07:02.633175,Api Power Company Ltd.
2026041504009357,API,60,6,100,354.0,35400.0,2026-04-15,186354987,697,Nagarik Stock Dealer ,Agrawal Securities (PVT) Ltd.,2026-04-15 12:07:02.633410,Api Power Company Ltd.
2026041504009358,API,60,26,100,354.0,35400.0,2026-04-15,186354989,697,Nagarik Stock Dealer ,Asian Securities Private Ltd.,2026-04-15 12:07:02.633646,Api Power Company Ltd.
2026041504009359,API,60,29,30,354.0,10620.0,2026-04-15,186354991,697,Nagarik Stock Dealer ,Trisul Securities & Invt. Ltd.,2026-04-15 12:07:02.633878,Api Power Company Ltd.
2026041504009360,API,60,91,100,354.0,35400.0,2026-04-15,186354993,697,Nagarik Stock Dealer ,Citizens Share Broker Limited,2026-04-15 12:07:02.634116,Api Power Company Ltd.
2026041504009361,API,60,84,2609,354.0,923586.0,2026-04-15,186354996,697,Nagarik Stock Dealer ,MILKY WAY SHARE BROKER COMPANY LTD ,2026-04-15 12:07:02.634355,Api Power Company Ltd.
2026041504009382,API,60,47,210,353.0,74130.0,2026-04-15,186355148,697,Nagarik Stock Dealer ,Neev Securities Pvt. Ltd.,2026-04-15 12:07:12.024693,Api Power Company Ltd.
2026041504009383,API,41,47,10,353.0,3530.0,2026-04-15,186355149,697,Linch Stock Market Ltd.,Neev Securities Pvt. Ltd.,2026-04-15 12:07:12.025145,Api Power Company Ltd.
2026041504009487,API,19,53,300,353.0,105900.0,2026-04-15,186355872,697,Nepal Investment And Securities Trading Private Limited,Investment Management Nepal Pvt. Ltd.,2026-04-15 12:07:50.486140,Api Power Company Ltd.
2026041504009488,API,22,53,20,353.0,7060.0,2026-04-15,186355874,697,Siprabi Securities Pvt. Ltd.,Investment Management Nepal Pvt. Ltd.,2026-04-15 12:07:50.487159,Api Power Company Ltd.
2026041504009531,API,60,53,680,353.0,240040.0,2026-04-15,186356221,697,Nagarik Stock Dealer ,Investment Management Nepal Pvt. Ltd.,2026-04-15 12:08:14.303568,Api Power Company Ltd.
2026041504009532,API,60,45,30,353.9,10617.0,2026-04-15,186356223,697,Nagarik Stock Dealer ,Imperial Securities Company Pvt. Ltd.,2026-04-15 12:08:14.304555,Api Power Company Ltd.
2026041504009533,API,60,5,200,353.9,70780.0,2026-04-15,186356225,697,Nagarik Stock Dealer ,Market Securities & Exchange (PVT) Ltd.,2026-04-15 12:08:14.305294,Api Power Company Ltd.
2026041504009534,API,60,84,391,354.0,138414.0,2026-04-15,186356227,697,Nagarik Stock Dealer ,MILKY WAY SHARE BROKER COMPANY LTD ,2026-04-15 12:08:14.306040,Api Power Company Ltd.
2026041504009535,API,60,70,3000,354.0,1062000.0,2026-04-15,186356229,697,Nagarik Stock Dealer ,Infinity Securities Limited,2026-04-15 12:08:14.306781,Api Power Company Ltd.
2026041504009536,API,60,25,110,354.0,38940.0,2026-04-15,186356231,697,Nagarik Stock Dealer ,Sweta Securities Private Limited,2026-04-15 12:08:14.307504,Api Power Company Ltd.
2026041504009537,API,60,58,11,354.0,3894.0,2026-04-15,186356233,697,Nagarik Stock Dealer ,Naasa Securities Co. Ltd.,2026-04-15 12:08:14.308219,Api Power Company Ltd.
2026041504009538,API,60,39,245,354.0,86730.0,2026-04-15,186356235,697,Nagarik Stock Dealer ,Sumeru Securities Pvt. Ltd.,2026-04-15 12:08:14.308958,Api Power Company Ltd.
2026041504009539,API,60,14,10,354.0,3540.0,2026-04-15,186356237,697,Nagarik Stock Dealer ,Nepal Stock House (PVT) Ltd.,2026-04-15 12:08:14.309695,Api Power Company Ltd.
2026041504009540,API,60,57,30,354.0,10620.0,2026-04-15,186356239,697,Nagarik Stock Dealer ,Aryatara Investment & Securities,2026-04-15 12:08:14.310436,Api Power Company Ltd.
2026041504009541,API,60,52,50,354.0,17700.0,2026-04-15,186356241,697,Nagarik Stock Dealer ,Sundhara Securities Limited,2026-04-15 12:08:14.311151,Api Power Company Ltd.
2026041504009542,API,60,14,50,354.0,17700.0,2026-04-15,186356243,697,Nagarik Stock Dealer ,Nepal Stock House (PVT) Ltd.,2026-04-15 12:08:14.311881,Api Power Company Ltd.
2026041504009543,API,60,48,281,354.0,99474.0,2026-04-15,186356245,697,Nagarik Stock Dealer ,Trishakti Securities Public Limited,2026-04-15 12:08:14.312615,Api Power Company Ltd.
2026041504009544,API,60,44,500,354.0,177000.0,2026-04-15,186356247,697,Nagarik Stock Dealer ,Dynamic Money Managers Securities Pvt. Ltd.,2026-04-15 12:08:14.313341,Api Power Company Ltd.
2026041504009545,API,60,44,12,354.0,4248.0,2026-04-15,186356249,697,Nagarik Stock Dealer ,Dynamic Money Managers Securities Pvt. Ltd.,2026-04-15 12:08:14.314058,Api Power Company Ltd.
2026041504009546,API,60,11,441,354.0,156114.0,2026-04-15,186356251,697,Nagarik Stock Dealer ,Malla & Malla Stock Broking Company Pvt. Limited,2026-04-15 12:08:14.314805,Api Power Company Ltd.
2026041504009547,API,60,58,80,354.0,28320.0,2026-04-15,186356253,697,Nagarik Stock Dealer ,Naasa Securities Co. Ltd.,2026-04-15 12:08:14.315527,Api Power Company Ltd.
2026041504009548,API,60,38,179,354.0,63366.0,2026-04-15,186356256,697,Nagarik Stock Dealer ,Dipshikha Dhitopatra Karobar Co. Pvt Ltd.,2026-04-15 12:08:14.382863,Api Power Company Ltd.
2026041504009561,API,14,42,2,350.0,700.0,2026-04-15,186356317,697,Nepal Stock House (PVT) Ltd.,Sani Securities Company Ltd.,2026-04-15 12:08:16.437049,Api Power Company Ltd.
2026041504009681,API,72,33,152,353.5,53732.0,2026-04-15,186357226,697,Hatemalo Financial Services Private Limited,Dakshinkali Investment & Securities Pvt. Ltd.,2026-04-15 12:09:12.543230,Api Power Company Ltd.
2026041504009788,API,58,28,1575,353.0,555975.0,2026-04-15,186357713,697,Naasa Securities Co. Ltd.,Shree Krishna Securities Ltd.,2026-04-15 12:09:44.847945,Api Power Company Ltd.
2026041504009907,API,83,95,500,353.1,176550.0,2026-04-15,186358447,697,Sanima Securities Limited,Magnet Securities and Investment Company Private Limited,2026-04-15 12:10:41.045685,Api Power Company Ltd.
2026041504009992,API,17,33,48,353.5,16968.0,2026-04-15,186359009,697,ABC Securities Private Limited,Dakshinkali Investment & Securities Pvt. Ltd.,2026-04-15 12:11:19.894355,Api Power Company Ltd.
2026041504009993,API,17,58,1000,353.5,353500.0,2026-04-15,186359011,697,ABC Securities Private Limited,Naasa Securities Co. Ltd.,2026-04-15 12:11:19.894467,Api Power Company Ltd.
2026041504009994,API,17,38,21,354.0,7434.0,2026-04-15,186359013,697,ABC Securities Private Limited,Dipshikha Dhitopatra Karobar Co. Pvt Ltd.,2026-04-15 12:11:19.894526,Api Power Company Ltd.
2026041504009995,API,17,47,100,354.0,35400.0,2026-04-15,186359015,697,ABC Securities Private Limited,Neev Securities Pvt. Ltd.,2026-04-15 12:11:19.894587,Api Power Company Ltd.
2026041504009996,API,17,65,31,354.0,10974.0,2026-04-15,186359018,697,ABC Securities Private Limited,Sharepro Securities Private Limited,2026-04-15 12:11:19.894660,Api Power Company Ltd.
2026041504010036,API,44,3,50,353.9,17695.0,2026-04-15,186359387,697,Dynamic Money Managers Securities Pvt. Ltd.,Arun Securities (PVT) Ltd.,2026-04-15 12:11:44.648236,Api Power Company Ltd.
2026041504010037,API,44,65,19,354.0,6726.0,2026-04-15,186359389,697,Dynamic Money Managers Securities Pvt. Ltd.,Sharepro Securities Private Limited,2026-04-15 12:11:44.648732,Api Power Company Ltd.
2026041504010077,API,44,67,131,354.0,46374.0,2026-04-15,186359570,697,Dynamic Money Managers Securities Pvt. Ltd.,Property Wiard Limited,2026-04-15 12:11:57.709907,Api Power Company Ltd.
2026041504010078,API,35,67,85,353.4,30039.0,2026-04-15,186359571,697,Kohinoor Investment & Securities Pvt. Ltd.,Property Wiard Limited,2026-04-15 12:11:57.710440,Api Power Company Ltd.
2026041504010171,API,83,52,470,354.0,166380.0,2026-04-15,186360173,697,Sanima Securities Limited,Sundhara Securities Limited,2026-04-15 12:12:42.874920,Api Power Company Ltd.
2026041504010176,API,83,62,30,354.0,10620.0,2026-04-15,186360220,697,Sanima Securities Limited,Capital Max Securities Ltd,2026-04-15 12:12:44.885657,Api Power Company Ltd.
2026041504010211,API,45,62,20,354.0,7080.0,2026-04-15,186360531,697,Imperial Securities Company Pvt. Ltd.,Capital Max Securities Ltd,2026-04-15 12:13:02.102637,Api Power Company Ltd.
2026041504010212,API,45,66,280,354.0,99120.0,2026-04-15,186360534,697,Imperial Securities Company Pvt. Ltd.,Miyo Securities Pvt Ltd,2026-04-15 12:13:02.103128,Api Power Company Ltd.
2026041504010316,API,7,66,100,354.0,35400.0,2026-04-15,186361166,697,J.F. Securites (PVT) Ltd.,Miyo Securities Pvt Ltd,2026-04-15 12:13:41.488790,Api Power Company Ltd.
2026041504010467,API,75,68,500,353.5,176750.0,2026-04-15,186362385,697,N.I.M.B. Stock Markets Limited,Elite Stock House Limited,2026-04-15 12:14:21.167720,Api Power Company Ltd.
2026041504010490,API,14,7,2,350.0,700.0,2026-04-15,186362577,697,Nepal Stock House (PVT) Ltd.,J.F. Securites (PVT) Ltd.,2026-04-15 12:14:33.167066,Api Power Company Ltd.
2026041504010512,API,44,45,10,353.9,3539.0,2026-04-15,186362698,697,Dynamic Money Managers Securities Pvt. Ltd.,Imperial Securities Company Pvt. Ltd.,2026-04-15 12:14:37.444030,Api Power Company Ltd.
2026041504010620,API,58,45,20,353.9,7078.0,2026-04-15,186363445,697,Naasa Securities Co. Ltd.,Imperial Securities Company Pvt. Ltd.,2026-04-15 12:15:16.343826,Api Power Company Ltd.
2026041504010621,API,58,66,620,354.0,219480.0,2026-04-15,186363447,697,Naasa Securities Co. Ltd.,Miyo Securities Pvt Ltd,2026-04-15 12:15:16.344345,Api Power Company Ltd.
2026041504010622,API,58,41,1000,354.0,354000.0,2026-04-15,186363449,697,Naasa Securities Co. Ltd.,Linch Stock Market Ltd.,2026-04-15 12:15:16.344616,Api Power Company Ltd.
2026041504010623,API,58,41,1152,354.0,407808.0,2026-04-15,186363451,697,Naasa Securities Co. Ltd.,Linch Stock Market Ltd.,2026-04-15 12:15:16.344887,Api Power Company Ltd.
2026041504010624,API,58,45,28,354.0,9912.0,2026-04-15,186363453,697,Naasa Securities Co. Ltd.,Imperial Securities Company Pvt. Ltd.,2026-04-15 12:15:16.345160,Api Power Company Ltd.
2026041504010625,API,58,57,100,354.0,35400.0,2026-04-15,186363457,697,Naasa Securities Co. Ltd.,Aryatara Investment & Securities,2026-04-15 12:15:16.345433,Api Power Company Ltd.
2026041504010626,API,58,32,200,354.2,70840.0,2026-04-15,186363459,697,Naasa Securities Co. Ltd.,Premier Securities Company Ltd.,2026-04-15 12:15:16.345699,Api Power Company Ltd.
2026041504010627,API,58,38,100,354.3,35430.0,2026-04-15,186363461,697,Naasa Securities Co. Ltd.,Dipshikha Dhitopatra Karobar Co. Pvt Ltd.,2026-04-15 12:15:16.345964,Api Power Company Ltd.
2026041504010628,API,58,51,1000,354.4,354400.0,2026-04-15,186363463,697,Naasa Securities Co. Ltd.,Oxford Securities Pvt. Ltd.,2026-04-15 12:15:16.346228,Api Power Company Ltd.
2026041504010629,API,58,34,50,354.5,17725.0,2026-04-15,186363465,697,Naasa Securities Co. Ltd.,Vision Securities Pvt. Ltd,2026-04-15 12:15:16.346499,Api Power Company Ltd.
2026041504010630,API,58,91,100,354.5,35450.0,2026-04-15,186363467,697,Naasa Securities Co. Ltd.,Citizens Share Broker Limited,2026-04-15 12:15:16.346770,Api Power Company Ltd.
2026041504010631,API,58,53,500,354.8,177400.0,2026-04-15,186363469,697,Naasa Securities Co. Ltd.,Investment Management Nepal Pvt. Ltd.,2026-04-15 12:15:16.347028,Api Power Company Ltd.
2026041504010632,API,58,97,100,354.8,35480.0,2026-04-15,186363471,697,Naasa Securities Co. Ltd.,R.B.B. Securities Company Ltd,2026-04-15 12:15:16.347292,Api Power Company Ltd.
2026041504010633,API,58,45,41,354.8,14546.8,2026-04-15,186363473,697,Naasa Securities Co. Ltd.,Imperial Securities Company Pvt. Ltd.,2026-04-15 12:15:16.347563,Api Power Company Ltd.
2026041504010634,API,58,58,1000,354.9,354900.0,2026-04-15,186363475,697,Naasa Securities Co. Ltd.,Naasa Securities Co. Ltd.,2026-04-15 12:15:16.347820,Api Power Company Ltd.
2026041504010635,API,58,32,25,354.9,8872.5,2026-04-15,186363477,697,Naasa Securities Co. Ltd.,Premier Securities Company Ltd.,2026-04-15 12:15:16.348083,Api Power Company Ltd.
2026041504010636,API,58,44,500,354.9,177450.0,2026-04-15,186363479,697,Naasa Securities Co. Ltd.,Dynamic Money Managers Securities Pvt. Ltd.,2026-04-15 12:15:16.348348,Api Power Company Ltd.
2026041504010637,API,58,38,500,355.0,177500.0,2026-04-15,186363481,697,Naasa Securities Co. Ltd.,Dipshikha Dhitopatra Karobar Co. Pvt Ltd.,2026-04-15 12:15:16.348615,Api Power Company Ltd.
2026041504010638,API,58,6,150,355.0,53250.0,2026-04-15,186363483,697,Naasa Securities Co. Ltd.,Agrawal Securities (PVT) Ltd.,2026-04-15 12:15:16.348878,Api Power Company Ltd.
2026041504010639,API,58,17,500,355.0,177500.0,2026-04-15,186363485,697,Naasa Securities Co. Ltd.,ABC Securities Private Limited,2026-04-15 12:15:16.349136,Api Power Company Ltd.
2026041504010640,API,58,17,50,355.0,17750.0,2026-04-15,186363487,697,Naasa Securities Co. Ltd.,ABC Securities Private Limited,2026-04-15 12:15:16.349394,Api Power Company Ltd.
2026041504010641,API,58,37,50,355.0,17750.0,2026-04-15,186363489,697,Naasa Securities Co. Ltd.,Swarna Laxmi Securities Pvt. Ltd.,2026-04-15 12:15:16.349655,Api Power Company Ltd.
2026041504010642,API,58,33,500,355.0,177500.0,2026-04-15,186363491,697,Naasa Securities Co. Ltd.,Dakshinkali Investment & Securities Pvt. Ltd.,2026-04-15 12:15:16.349909,Api Power Company Ltd.
2026041504010643,API,58,48,300,355.0,106500.0,2026-04-15,186363493,697,Naasa Securities Co. Ltd.,Trishakti Securities Public Limited,2026-04-15 12:15:16.350169,Api Power Company Ltd.
2026041504010644,API,58,33,250,355.0,88750.0,2026-04-15,186363495,697,Naasa Securities Co. Ltd.,Dakshinkali Investment & Securities Pvt. Ltd.,2026-04-15 12:15:16.350431,Api Power Company Ltd.
2026041504010645,API,58,7,20,355.0,7100.0,2026-04-15,186363497,697,Naasa Securities Co. Ltd.,J.F. Securites (PVT) Ltd.,2026-04-15 12:15:16.350689,Api Power Company Ltd.
2026041504010646,API,58,43,10,355.0,3550.0,2026-04-15,186363499,697,Naasa Securities Co. Ltd.,South Asian Bulls Pvt. Ltd.,2026-04-15 12:15:16.350951,Api Power Company Ltd.
2026041504010647,API,58,38,610,355.0,216550.0,2026-04-15,186363501,697,Naasa Securities Co. Ltd.,Dipshikha Dhitopatra Karobar Co. Pvt Ltd.,2026-04-15 12:15:16.351205,Api Power Company Ltd.
2026041504010648,API,58,54,524,355.0,186020.0,2026-04-15,186363504,697,Naasa Securities Co. Ltd.,Sewa Securities Pvt. Ltd.,2026-04-15 12:15:16.351457,Api Power Company Ltd.
2026041504010672,API,7,97,30,353.6,10608.0,2026-04-15,186363707,697,J.F. Securites (PVT) Ltd.,R.B.B. Securities Company Ltd,2026-04-15 12:15:23.950996,Api Power Company Ltd.
2026041504010684,API,58,54,126,355.0,44730.0,2026-04-15,186363843,697,Naasa Securities Co. Ltd.,Sewa Securities Pvt. Ltd.,2026-04-15 12:15:29.414709,Api Power Company Ltd.
2026041504010685,API,58,58,42,355.0,14910.0,2026-04-15,186363845,697,Naasa Securities Co. Ltd.,Naasa Securities Co. Ltd.,2026-04-15 12:15:29.415217,Api Power Company Ltd.
2026041504010686,API,58,49,400,355.0,142000.0,2026-04-15,186363847,697,Naasa Securities Co. Ltd.,Online Securities Pvt. Ltd.,2026-04-15 12:15:29.415472,Api Power Company Ltd.
2026041504010687,API,58,51,100,355.0,35500.0,2026-04-15,186363849,697,Naasa Securities Co. Ltd.,Oxford Securities Pvt. Ltd.,2026-04-15 12:15:29.415715,Api Power Company Ltd.
2026041504010688,API,58,21,200,355.0,71000.0,2026-04-15,186363851,697,Naasa Securities Co. Ltd.,Midas Stock Broking Company Private Limited,2026-04-15 12:15:29.415956,Api Power Company Ltd.
2026041504010689,API,58,45,11,355.0,3905.0,2026-04-15,186363853,697,Naasa Securities Co. Ltd.,Imperial Securities Company Pvt. Ltd.,2026-04-15 12:15:29.416196,Api Power Company Ltd.
2026041504010690,API,58,36,262,355.0,93010.0,2026-04-15,186363855,697,Naasa Securities Co. Ltd.,Secured Securities Ltd.,2026-04-15 12:15:29.416439,Api Power Company Ltd.
2026041504010691,API,58,35,207,355.0,73485.0,2026-04-15,186363857,697,Naasa Securities Co. Ltd.,Kohinoor Investment & Securities Pvt. Ltd.,2026-04-15 12:15:29.416678,Api Power Company Ltd.
2026041504010692,API,58,11,73,355.0,25915.0,2026-04-15,186363859,697,Naasa Securities Co. Ltd.,Malla & Malla Stock Broking Company Pvt. Limited,2026-04-15 12:15:29.416919,Api Power Company Ltd.
2026041504010693,API,58,39,1000,355.0,355000.0,2026-04-15,186363861,697,Naasa Securities Co. Ltd.,Sumeru Securities Pvt. Ltd.,2026-04-15 12:15:29.417156,Api Power Company Ltd.
2026041504010694,API,58,48,105,355.0,37275.0,2026-04-15,186363863,697,Naasa Securities Co. Ltd.,Trishakti Securities Public Limited,2026-04-15 12:15:29.417398,Api Power Company Ltd.
2026041504010695,API,58,35,293,355.0,104015.0,2026-04-15,186363865,697,Naasa Securities Co. Ltd.,Kohinoor Investment & Securities Pvt. Ltd.,2026-04-15 12:15:29.417630,Api Power Company Ltd.
2026041504010696,API,58,17,300,355.0,106500.0,2026-04-15,186363867,697,Naasa Securities Co. Ltd.,ABC Securities Private Limited,2026-04-15 12:15:29.417865,Api Power Company Ltd.
2026041504010697,API,58,19,765,355.0,271575.0,2026-04-15,186363869,697,Naasa Securities Co. Ltd.,Nepal Investment And Securities Trading Private Limited,2026-04-15 12:15:29.418092,Api Power Company Ltd.
2026041504010698,API,58,45,1000,355.0,355000.0,2026-04-15,186363871,697,Naasa Securities Co. Ltd.,Imperial Securities Company Pvt. Ltd.,2026-04-15 12:15:29.418328,Api Power Company Ltd.
2026041504010699,API,58,22,141,355.0,50055.0,2026-04-15,186363873,697,Naasa Securities Co. Ltd.,Siprabi Securities Pvt. Ltd.,2026-04-15 12:15:29.418567,Api Power Company Ltd.
2026041504010700,API,58,34,31,355.0,11005.0,2026-04-15,186363875,697,Naasa Securities Co. Ltd.,Vision Securities Pvt. Ltd,2026-04-15 12:15:29.418802,Api Power Company Ltd.
2026041504010701,API,58,38,10,355.0,3550.0,2026-04-15,186363877,697,Naasa Securities Co. Ltd.,Dipshikha Dhitopatra Karobar Co. Pvt Ltd.,2026-04-15 12:15:29.419040,Api Power Company Ltd.
2026041504010702,API,58,13,200,355.0,71000.0,2026-04-15,186363879,697,Naasa Securities Co. Ltd.,Thrive Brokerage House Pvt. Ltd,2026-04-15 12:15:29.419271,Api Power Company Ltd.
2026041504010703,API,58,62,2000,355.0,710000.0,2026-04-15,186363881,697,Naasa Securities Co. Ltd.,Capital Max Securities Ltd,2026-04-15 12:15:29.419505,Api Power Company Ltd.
2026041504010704,API,58,59,500,355.0,177500.0,2026-04-15,186363883,697,Naasa Securities Co. Ltd.,Deevyaa Securities & Stock House Pvt. Ltd,2026-04-15 12:15:29.419737,Api Power Company Ltd.
2026041504010705,API,58,95,461,355.0,163655.0,2026-04-15,186363885,697,Naasa Securities Co. Ltd.,Magnet Securities and Investment Company Private Limited,2026-04-15 12:15:29.419966,Api Power Company Ltd.
2026041504010706,API,58,58,30,355.0,10650.0,2026-04-15,186363887,697,Naasa Securities Co. Ltd.,Naasa Securities Co. Ltd.,2026-04-15 12:15:29.420189,Api Power Company Ltd.
2026041504010707,API,58,11,10,355.0,3550.0,2026-04-15,186363890,697,Naasa Securities Co. Ltd.,Malla & Malla Stock Broking Company Pvt. Limited,2026-04-15 12:15:29.420423,Api Power Company Ltd.
2026041504010708,API,58,39,20,355.0,7100.0,2026-04-15,186363893,697,Naasa Securities Co. Ltd.,Sumeru Securities Pvt. Ltd.,2026-04-15 12:15:29.420652,Api Power Company Ltd.
2026041504010709,API,58,51,1050,355.0,372750.0,2026-04-15,186363895,697,Naasa Securities Co. Ltd.,Oxford Securities Pvt. Ltd.,2026-04-15 12:15:29.420879,Api Power Company Ltd.
2026041504010710,API,58,42,179,355.0,63545.0,2026-04-15,186363897,697,Naasa Securities Co. Ltd.,Sani Securities Company Ltd.,2026-04-15 12:15:29.421105,Api Power Company Ltd.
2026041504010711,API,58,34,186,355.0,66030.0,2026-04-15,186363899,697,Naasa Securities Co. Ltd.,Vision Securities Pvt. Ltd,2026-04-15 12:15:29.421335,Api Power Company Ltd.
2026041504010712,API,58,41,100,355.0,35500.0,2026-04-15,186363901,697,Naasa Securities Co. Ltd.,Linch Stock Market Ltd.,2026-04-15 12:15:29.421560,Api Power Company Ltd.
2026041504010713,API,58,94,1000,355.0,355000.0,2026-04-15,186363903,697,Naasa Securities Co. Ltd.,K.B.L. Securities Limited ,2026-04-15 12:15:29.421787,Api Power Company Ltd.
2026041504010714,API,58,34,50,355.0,17750.0,2026-04-15,186363905,697,Naasa Securities Co. Ltd.,Vision Securities Pvt. Ltd,2026-04-15 12:15:29.422012,Api Power Company Ltd.
2026041504010715,API,58,8,1000,355.0,355000.0,2026-04-15,186363907,697,Naasa Securities Co. Ltd.,Brilliant Securities Pvt. Ltd.,2026-04-15 12:15:29.422240,Api Power Company Ltd.
2026041504010716,API,58,14,200,355.0,71000.0,2026-04-15,186363909,697,Naasa Securities Co. Ltd.,Nepal Stock House (PVT) Ltd.,2026-04-15 12:15:29.422469,Api Power Company Ltd.
2026041504010717,API,58,35,11,355.0,3905.0,2026-04-15,186363911,697,Naasa Securities Co. Ltd.,Kohinoor Investment & Securities Pvt. Ltd.,2026-04-15 12:15:29.422699,Api Power Company Ltd.
2026041504010718,API,58,52,240,355.0,85200.0,2026-04-15,186363913,697,Naasa Securities Co. Ltd.,Sundhara Securities Limited,2026-04-15 12:15:29.422921,Api Power Company Ltd.
2026041504010719,API,58,17,500,355.0,177500.0,2026-04-15,186363915,697,Naasa Securities Co. Ltd.,ABC Securities Private Limited,2026-04-15 12:15:29.423143,Api Power Company Ltd.
2026041504010720,API,58,45,2000,355.0,710000.0,2026-04-15,186363917,697,Naasa Securities Co. Ltd.,Imperial Securities Company Pvt. Ltd.,2026-04-15 12:15:29.423369,Api Power Company Ltd.
2026041504010721,API,58,57,50,355.0,17750.0,2026-04-15,186363919,697,Naasa Securities Co. Ltd.,Aryatara Investment & Securities,2026-04-15 12:15:29.423596,Api Power Company Ltd.
2026041504010722,API,58,42,105,355.0,37275.0,2026-04-15,186363921,697,Naasa Securities Co. Ltd.,Sani Securities Company Ltd.,2026-04-15 12:15:29.423834,Api Power Company Ltd.
2026041504010723,API,58,54,42,355.0,14910.0,2026-04-15,186363924,697,Naasa Securities Co. Ltd.,Sewa Securities Pvt. Ltd.,2026-04-15 12:15:29.424054,Api Power Company Ltd.
2026041504010831,API,45,58,10,353.7,3537.0,2026-04-15,186365512,697,Imperial Securities Company Pvt. Ltd.,Naasa Securities Co. Ltd.,2026-04-15 12:16:07.852016,Api Power Company Ltd.
2026041504010866,API,28,58,190,353.7,67203.0,2026-04-15,186365963,697,Shree Krishna Securities Ltd.,Naasa Securities Co. Ltd.,2026-04-15 12:16:22.420835,Api Power Company Ltd.
2026041504010897,API,38,45,30,354.9,10647.0,2026-04-15,186366623,697,Dipshikha Dhitopatra Karobar Co. Pvt Ltd.,Imperial Securities Company Pvt. Ltd.,2026-04-15 12:16:42.045434,Api Power Company Ltd.
2026041504010898,API,38,47,70,354.9,24843.0,2026-04-15,186366626,697,Dipshikha Dhitopatra Karobar Co. Pvt Ltd.,Neev Securities Pvt. Ltd.,2026-04-15 12:16:42.045882,Api Power Company Ltd.
2026041504010938,API,5,47,30,354.9,10647.0,2026-04-15,186367363,697,Market Securities & Exchange (PVT) Ltd.,Neev Securities Pvt. Ltd.,2026-04-15 12:16:59.516006,Api Power Company Ltd.
2026041504010939,API,5,19,120,354.9,42588.0,2026-04-15,186367365,697,Market Securities & Exchange (PVT) Ltd.,Nepal Investment And Securities Trading Private Limited,2026-04-15 12:16:59.516487,Api Power Company Ltd.
2026041504010940,API,5,54,1250,355.0,443750.0,2026-04-15,186367368,697,Market Securities & Exchange (PVT) Ltd.,Sewa Securities Pvt. Ltd.,2026-04-15 12:16:59.516723,Api Power Company Ltd.
2026041504010948,API,42,65,100,353.9,35390.0,2026-04-15,186367528,697,Sani Securities Company Ltd.,Sharepro Securities Private Limited,2026-04-15 12:17:02.681717,Api Power Company Ltd.
2026041504010949,API,58,65,300,353.8,106140.0,2026-04-15,186367530,697,Naasa Securities Co. Ltd.,Sharepro Securities Private Limited,2026-04-15 12:17:02.681801,Api Power Company Ltd.
2026041504010950,API,7,65,170,353.6,60112.0,2026-04-15,186367532,697,J.F. Securites (PVT) Ltd.,Sharepro Securities Private Limited,2026-04-15 12:17:02.681855,Api Power Company Ltd.
2026041504010951,API,46,65,10,353.5,3535.0,2026-04-15,186367534,697,Kalika Securities Pvt. Ltd.,Sharepro Securities Private Limited,2026-04-15 12:17:02.681889,Api Power Company Ltd.
2026041504010952,API,35,65,10,353.5,3535.0,2026-04-15,186367536,697,Kohinoor Investment & Securities Pvt. Ltd.,Sharepro Securities Private Limited,2026-04-15 12:17:02.681922,Api Power Company Ltd.
2026041504010953,API,28,65,310,353.5,109585.0,2026-04-15,186367538,697,Shree Krishna Securities Ltd.,Sharepro Securities Private Limited,2026-04-15 12:17:02.681968,Api Power Company Ltd.
2026041504010954,API,1,65,2000,353.5,707000.0,2026-04-15,186367540,697,Kumari Securities Private Limited,Sharepro Securities Private Limited,2026-04-15 12:17:02.681993,Api Power Company Ltd.
2026041504010955,API,35,65,7100,353.4,2509140.0,2026-04-15,186367541,697,Kohinoor Investment & Securities Pvt. Ltd.,Sharepro Securities Private Limited,2026-04-15 12:17:02.682022,Api Power Company Ltd.
2026041504011001,API,5,34,71,354.0,25134.0,2026-04-15,186367880,697,Market Securities & Exchange (PVT) Ltd.,Vision Securities Pvt. Ltd,2026-04-15 12:17:20.028959,Api Power Company Ltd.
2026041504011002,API,5,54,29,355.0,10295.0,2026-04-15,186367886,697,Market Securities & Exchange (PVT) Ltd.,Sewa Securities Pvt. Ltd.,2026-04-15 12:17:20.029450,Api Power Company Ltd.
2026041504011040,API,62,54,200,355.0,71000.0,2026-04-15,186368826,697,Capital Max Securities Ltd,Sewa Securities Pvt. Ltd.,2026-04-15 12:17:49.083360,Api Power Company Ltd.
2026041504011042,API,38,54,200,355.0,71000.0,2026-04-15,186368832,697,Dipshikha Dhitopatra Karobar Co. Pvt Ltd.,Sewa Securities Pvt. Ltd.,2026-04-15 12:17:49.687427,Api Power Company Ltd.
2026041504011069,API,72,54,988,355.0,350740.0,2026-04-15,186369151,697,Hatemalo Financial Services Private Limited,Sewa Securities Pvt. Ltd.,2026-04-15 12:18:01.694378,Api Power Company Ltd.
2026041504011070,API,72,45,12,355.0,4260.0,2026-04-15,186369154,697,Hatemalo Financial Services Private Limited,Imperial Securities Company Pvt. Ltd.,2026-04-15 12:18:01.694879,Api Power Company Ltd.
2026041504011150,API,62,45,65,355.0,23075.0,2026-04-15,186369515,697,Capital Max Securities Ltd,Imperial Securities Company Pvt. Ltd.,2026-04-15 12:18:15.033234,Api Power Company Ltd.
2026041504011151,API,62,42,110,355.0,39050.0,2026-04-15,186369517,697,Capital Max Securities Ltd,Sani Securities Company Ltd.,2026-04-15 12:18:15.034208,Api Power Company Ltd.
2026041504011152,API,62,56,106,355.0,37630.0,2026-04-15,186369519,697,Capital Max Securities Ltd,Sri Hari Securities Pvt. Ltd.,2026-04-15 12:18:15.034951,Api Power Company Ltd.
2026041504011153,API,62,16,19,355.0,6745.0,2026-04-15,186369522,697,Capital Max Securities Ltd,Primo Securities (PVT) Ltd.,2026-04-15 12:18:15.035699,Api Power Company Ltd.
2026041504011180,API,38,16,100,355.0,35500.0,2026-04-15,186369626,697,Dipshikha Dhitopatra Karobar Co. Pvt Ltd.,Primo Securities (PVT) Ltd.,2026-04-15 12:18:19.488536,Api Power Company Ltd.
2026041504011227,API,17,16,500,355.0,177500.0,2026-04-15,186370050,697,ABC Securities Private Limited,Primo Securities (PVT) Ltd.,2026-04-15 12:18:32.245008,Api Power Company Ltd.
2026041504011244,API,75,16,381,355.0,135255.0,2026-04-15,186370199,697,N.I.M.B. Stock Markets Limited,Primo Securities (PVT) Ltd.,2026-04-15 12:18:39.592201,Api Power Company Ltd.
2026041504011245,API,75,56,48,355.0,17040.0,2026-04-15,186370201,697,N.I.M.B. Stock Markets Limited,Sri Hari Securities Pvt. Ltd.,2026-04-15 12:18:39.592689,Api Power Company Ltd.
2026041504011246,API,75,14,50,355.0,17750.0,2026-04-15,186370203,697,N.I.M.B. Stock Markets Limited,Nepal Stock House (PVT) Ltd.,2026-04-15 12:18:39.592929,Api Power Company Ltd.
2026041504011247,API,75,14,154,355.0,54670.0,2026-04-15,186370205,697,N.I.M.B. Stock Markets Limited,Nepal Stock House (PVT) Ltd.,2026-04-15 12:18:39.593162,Api Power Company Ltd.
2026041504011248,API,75,57,297,355.0,105435.0,2026-04-15,186370208,697,N.I.M.B. Stock Markets Limited,Aryatara Investment & Securities,2026-04-15 12:18:39.593446,Api Power Company Ltd.
2026041504011268,API,48,57,10,355.0,3550.0,2026-04-15,186370520,697,Trishakti Securities Public Limited,Aryatara Investment & Securities,2026-04-15 12:18:56.472620,Api Power Company Ltd.
2026041504011278,API,59,59,10,354.9,3549.0,2026-04-15,186370571,697,Deevyaa Securities & Stock House Pvt. Ltd,Deevyaa Securities & Stock House Pvt. Ltd,2026-04-15 12:18:58.831697,Api Power Company Ltd.
2026041504011279,API,59,57,193,355.0,68515.0,2026-04-15,186370573,697,Deevyaa Securities & Stock House Pvt. Ltd,Aryatara Investment & Securities,2026-04-15 12:18:58.832633,Api Power Company Ltd.
2026041504011282,API,45,44,20,355.9,7118.0,2026-04-15,186370636,697,Imperial Securities Company Pvt. Ltd.,Dynamic Money Managers Securities Pvt. Ltd.,2026-04-15 12:19:03.372031,Api Power Company Ltd.
2026041504011446,API,59,51,500,355.0,177500.0,2026-04-15,186371713,697,Deevyaa Securities & Stock House Pvt. Ltd,Oxford Securities Pvt. Ltd.,2026-04-15 12:20:05.208990,Api Power Company Ltd.
2026041504011538,API,42,40,2000,355.1,710200.0,2026-04-15,186372279,697,Sani Securities Company Ltd.,Creative Securities Pvt Ltd,2026-04-15 12:20:34.244074,Api Power Company Ltd.
2026041504011604,API,52,45,30,355.8,10674.0,2026-04-15,186372585,697,Sundhara Securities Limited,Imperial Securities Company Pvt. Ltd.,2026-04-15 12:20:46.732785,Api Power Company Ltd.
2026041504011605,API,52,44,370,355.9,131683.0,2026-04-15,186372588,697,Sundhara Securities Limited,Dynamic Money Managers Securities Pvt. Ltd.,2026-04-15 12:20:46.732890,Api Power Company Ltd.
2026041504011835,API,89,44,10,355.9,3559.0,2026-04-15,186374024,697,Global IME Securities Limited,Dynamic Money Managers Securities Pvt. Ltd.,2026-04-15 12:21:48.644629,Api Power Company Ltd.
2026041504011842,API,42,44,100,355.5,35550.0,2026-04-15,186374062,697,Sani Securities Company Ltd.,Dynamic Money Managers Securities Pvt. Ltd.,2026-04-15 12:21:51.483491,Api Power Company Ltd.
2026041504011867,API,42,76,1000,355.1,355100.0,2026-04-15,186374390,697,Sani Securities Company Ltd.,Machhapuchchhre Securities Limited,2026-04-15 12:22:00.408362,Api Power Company Ltd.
2026041504011868,API,59,76,297,355.0,105435.0,2026-04-15,186374392,697,Deevyaa Securities & Stock House Pvt. Ltd,Machhapuchchhre Securities Limited,2026-04-15 12:22:00.408897,Api Power Company Ltd.
2026041504011869,API,72,76,200,355.0,71000.0,2026-04-15,186374394,697,Hatemalo Financial Services Private Limited,Machhapuchchhre Securities Limited,2026-04-15 12:22:00.409158,Api Power Company Ltd.
2026041504011877,API,17,44,2000,355.5,711000.0,2026-04-15,186374462,697,ABC Securities Private Limited,Dynamic Money Managers Securities Pvt. Ltd.,2026-04-15 12:22:02.386109,Api Power Company Ltd.
2026041504011971,API,38,44,100,355.5,35550.0,2026-04-15,186375274,697,Dipshikha Dhitopatra Karobar Co. Pvt Ltd.,Dynamic Money Managers Securities Pvt. Ltd.,2026-04-15 12:22:41.201372,Api Power Company Ltd.
2026041504011972,API,46,41,5,352.0,1760.0,2026-04-15,186375275,697,Kalika Securities Pvt. Ltd.,Linch Stock Market Ltd.,2026-04-15 12:22:41.314741,Api Power Company Ltd.
2026041504011974,API,18,76,238,355.0,84490.0,2026-04-15,186375292,697,Sagarmatha Securities Private Limited,Machhapuchchhre Securities Limited,2026-04-15 12:22:42.679025,Api Power Company Ltd.
2026041504011975,API,32,76,265,355.0,94075.0,2026-04-15,186375293,697,Premier Securities Company Ltd.,Machhapuchchhre Securities Limited,2026-04-15 12:22:42.680022,Api Power Company Ltd.
2026041504012001,API,32,44,33,355.0,11715.0,2026-04-15,186375414,697,Premier Securities Company Ltd.,Dynamic Money Managers Securities Pvt. Ltd.,2026-04-15 12:22:49.238324,Api Power Company Ltd.
2026041504012002,API,49,44,20,355.0,7100.0,2026-04-15,186375416,697,Online Securities Pvt. Ltd.,Dynamic Money Managers Securities Pvt. Ltd.,2026-04-15 12:22:49.238813,Api Power Company Ltd.
2026041504012003,API,47,44,300,355.0,106500.0,2026-04-15,186375418,697,Neev Securities Pvt. Ltd.,Dynamic Money Managers Securities Pvt. Ltd.,2026-04-15 12:22:49.239293,Api Power Company Ltd.
2026041504012004,API,17,44,147,355.0,52185.0,2026-04-15,186375445,697,ABC Securities Private Limited,Dynamic Money Managers Securities Pvt. Ltd.,2026-04-15 12:22:51.220490,Api Power Company Ltd.
2026041504012005,API,17,44,2353,355.5,836491.5,2026-04-15,186375448,697,ABC Securities Private Limited,Dynamic Money Managers Securities Pvt. Ltd.,2026-04-15 12:22:51.220558,Api Power Company Ltd.
2026041504012097,API,26,58,26,355.0,9230.0,2026-04-15,186376021,697,Asian Securities Private Ltd.,Naasa Securities Co. Ltd.,2026-04-15 12:23:17.256542,Api Power Company Ltd.
2026041504012151,API,26,4,150,355.0,53250.0,2026-04-15,186376473,697,Asian Securities Private Ltd.,Opal Securities Investment (PVT) Ltd.,2026-04-15 12:23:39.941247,Api Power Company Ltd.
2026041504012280,API,72,44,1200,355.5,426600.0,2026-04-15,186377510,697,Hatemalo Financial Services Private Limited,Dynamic Money Managers Securities Pvt. Ltd.,2026-04-15 12:24:21.781145,Api Power Company Ltd.
2026041504012350,API,49,44,1500,355.5,533250.0,2026-04-15,186377978,697,Online Securities Pvt. Ltd.,Dynamic Money Managers Securities Pvt. Ltd.,2026-04-15 12:24:38.935049,Api Power Company Ltd.
2026041504012445,API,17,44,1300,355.5,462150.0,2026-04-15,186378520,697,ABC Securities Private Limited,Dynamic Money Managers Securities Pvt. Ltd.,2026-04-15 12:25:08.885344,Api Power Company Ltd.
2026041504012480,API,48,44,1447,355.5,514408.5,2026-04-15,186378741,697,Trishakti Securities Public Limited,Dynamic Money Managers Securities Pvt. Ltd.,2026-04-15 12:25:21.508609,Api Power Company Ltd.
2026041504012481,API,48,11,20,355.5,7110.0,2026-04-15,186378743,697,Trishakti Securities Public Limited,Malla & Malla Stock Broking Company Pvt. Limited,2026-04-15 12:25:21.509128,Api Power Company Ltd.
2026041504012482,API,48,64,100,355.5,35550.0,2026-04-15,186378745,697,Trishakti Securities Public Limited,SUN SECURITIES PVT LTD,2026-04-15 12:25:21.509394,Api Power Company Ltd.
2026041504012483,API,48,48,300,355.5,106650.0,2026-04-15,186378747,697,Trishakti Securities Public Limited,Trishakti Securities Public Limited,2026-04-15 12:25:21.509814,Api Power Company Ltd.
2026041504012484,API,48,44,100,355.9,35590.0,2026-04-15,186378749,697,Trishakti Securities Public Limited,Dynamic Money Managers Securities Pvt. Ltd.,2026-04-15 12:25:21.510606,Api Power Company Ltd.
2026041504012485,API,48,47,100,355.9,35590.0,2026-04-15,186378751,697,Trishakti Securities Public Limited,Neev Securities Pvt. Ltd.,2026-04-15 12:25:21.511416,Api Power Company Ltd.
2026041504012486,API,48,11,20,355.9,7118.0,2026-04-15,186378753,697,Trishakti Securities Public Limited,Malla & Malla Stock Broking Company Pvt. Limited,2026-04-15 12:25:21.512191,Api Power Company Ltd.
2026041504012487,API,48,33,300,355.9,106770.0,2026-04-15,186378755,697,Trishakti Securities Public Limited,Dakshinkali Investment & Securities Pvt. Ltd.,2026-04-15 12:25:21.512963,Api Power Company Ltd.
2026041504012488,API,48,32,300,356.0,106800.0,2026-04-15,186378757,697,Trishakti Securities Public Limited,Premier Securities Company Ltd.,2026-04-15 12:25:21.513757,Api Power Company Ltd.
2026041504012489,API,48,58,50,356.0,17800.0,2026-04-15,186378759,697,Trishakti Securities Public Limited,Naasa Securities Co. Ltd.,2026-04-15 12:25:21.514546,Api Power Company Ltd.
2026041504012490,API,48,50,28,356.0,9968.0,2026-04-15,186378761,697,Trishakti Securities Public Limited,Cristal Kanchanjanga Securites Pvt. Ltd.,2026-04-15 12:25:21.515307,Api Power Company Ltd.
2026041504012491,API,48,21,1717,356.0,611252.0,2026-04-15,186378763,697,Trishakti Securities Public Limited,Midas Stock Broking Company Private Limited,2026-04-15 12:25:21.516089,Api Power Company Ltd.
2026041504012492,API,48,32,100,356.0,35600.0,2026-04-15,186378765,697,Trishakti Securities Public Limited,Premier Securities Company Ltd.,2026-04-15 12:25:21.516869,Api Power Company Ltd.
2026041504012493,API,48,46,500,356.0,178000.0,2026-04-15,186378767,697,Trishakti Securities Public Limited,Kalika Securities Pvt. Ltd.,2026-04-15 12:25:21.517650,Api Power Company Ltd.
2026041504012494,API,48,58,500,356.0,178000.0,2026-04-15,186378769,697,Trishakti Securities Public Limited,Naasa Securities Co. Ltd.,2026-04-15 12:25:21.518427,Api Power Company Ltd.
2026041504012495,API,48,21,26,356.0,9256.0,2026-04-15,186378771,697,Trishakti Securities Public Limited,Midas Stock Broking Company Private Limited,2026-04-15 12:25:21.519191,Api Power Company Ltd.
2026041504012496,API,48,39,50,356.0,17800.0,2026-04-15,186378773,697,Trishakti Securities Public Limited,Sumeru Securities Pvt. Ltd.,2026-04-15 12:25:21.519628,Api Power Company Ltd.
2026041504012497,API,48,13,200,356.0,71200.0,2026-04-15,186378775,697,Trishakti Securities Public Limited,Thrive Brokerage House Pvt. Ltd,2026-04-15 12:25:21.519882,Api Power Company Ltd.
2026041504012498,API,48,57,1000,356.0,356000.0,2026-04-15,186378777,697,Trishakti Securities Public Limited,Aryatara Investment & Securities,2026-04-15 12:25:21.520136,Api Power Company Ltd.
2026041504012594,API,65,14,1000,356.0,356000.0,2026-04-15,186379442,697,Sharepro Securities Private Limited,Nepal Stock House (PVT) Ltd.,2026-04-15 12:25:52.075646,Api Power Company Ltd.
2026041504012621,API,17,14,200,356.0,71200.0,2026-04-15,186379656,697,ABC Securities Private Limited,Nepal Stock House (PVT) Ltd.,2026-04-15 12:26:06.059479,Api Power Company Ltd.
2026041504012622,API,48,14,400,356.0,142400.0,2026-04-15,186379674,697,Trishakti Securities Public Limited,Nepal Stock House (PVT) Ltd.,2026-04-15 12:26:07.461231,Api Power Company Ltd.
2026041504012650,API,45,14,3500,356.0,1246000.0,2026-04-15,186379956,697,Imperial Securities Company Pvt. Ltd.,Nepal Stock House (PVT) Ltd.,2026-04-15 12:26:19.041230,Api Power Company Ltd.
2026041504012674,API,48,45,20,355.9,7118.0,2026-04-15,186380101,697,Trishakti Securities Public Limited,Imperial Securities Company Pvt. Ltd.,2026-04-15 12:26:26.978668,Api Power Company Ltd.
2026041504012675,API,48,14,3122,356.0,1111432.0,2026-04-15,186380104,697,Trishakti Securities Public Limited,Nepal Stock House (PVT) Ltd.,2026-04-15 12:26:26.979179,Api Power Company Ltd.
2026041504012680,API,69,38,100,355.9,35590.0,2026-04-15,186380173,697,INDEX SECURITIES LIMITED,Dipshikha Dhitopatra Karobar Co. Pvt Ltd.,2026-04-15 12:26:29.937083,Api Power Company Ltd.
2026041504012681,API,69,14,100,356.0,35600.0,2026-04-15,186380176,697,INDEX SECURITIES LIMITED,Nepal Stock House (PVT) Ltd.,2026-04-15 12:26:29.937570,Api Power Company Ltd.
2026041504012712,API,18,14,210,356.0,74760.0,2026-04-15,186380402,697,Sagarmatha Securities Private Limited,Nepal Stock House (PVT) Ltd.,2026-04-15 12:26:37.525949,Api Power Company Ltd.
2026041504012716,API,48,14,100,356.0,35600.0,2026-04-15,186380440,697,Trishakti Securities Public Limited,Nepal Stock House (PVT) Ltd.,2026-04-15 12:26:40.465260,Api Power Company Ltd.
2026041504012813,API,42,14,1368,356.0,487008.0,2026-04-15,186380991,697,Sani Securities Company Ltd.,Nepal Stock House (PVT) Ltd.,2026-04-15 12:27:12.095359,Api Power Company Ltd.
2026041504012814,API,42,14,72,356.0,25632.0,2026-04-15,186380994,697,Sani Securities Company Ltd.,Nepal Stock House (PVT) Ltd.,2026-04-15 12:27:12.095851,Api Power Company Ltd.
2026041504012832,API,17,14,400,356.0,142400.0,2026-04-15,186381068,697,ABC Securities Private Limited,Nepal Stock House (PVT) Ltd.,2026-04-15 12:27:16.052976,Api Power Company Ltd.
2026041504012997,API,44,17,500,355.2,177600.0,2026-04-15,186381871,697,Dynamic Money Managers Securities Pvt. Ltd.,ABC Securities Private Limited,2026-04-15 12:27:59.044245,Api Power Company Ltd.
2026041504013054,API,58,14,18,356.0,6408.0,2026-04-15,186382270,697,Naasa Securities Co. Ltd.,Nepal Stock House (PVT) Ltd.,2026-04-15 12:28:19.125864,Api Power Company Ltd.
2026041504013276,API,39,54,43,355.3,15277.9,2026-04-15,186383579,697,Sumeru Securities Pvt. Ltd.,Sewa Securities Pvt. Ltd.,2026-04-15 12:29:30.862444,Api Power Company Ltd.
2026041504013301,API,41,64,50,355.9,17795.0,2026-04-15,186383736,697,Linch Stock Market Ltd.,SUN SECURITIES PVT LTD,2026-04-15 12:29:42.256477,Api Power Company Ltd.
2026041504013335,API,34,34,500,355.8,177900.0,2026-04-15,186384055,697,Vision Securities Pvt. Ltd,Vision Securities Pvt. Ltd,2026-04-15 12:29:58.155658,Api Power Company Ltd.
2026041504013336,API,34,64,650,355.9,231335.0,2026-04-15,186384057,697,Vision Securities Pvt. Ltd,SUN SECURITIES PVT LTD,2026-04-15 12:29:58.156204,Api Power Company Ltd.
2026041504013383,API,39,14,10,356.0,3560.0,2026-04-15,186384295,697,Sumeru Securities Pvt. Ltd.,Nepal Stock House (PVT) Ltd.,2026-04-15 12:30:12.965083,Api Power Company Ltd.
2026041504013384,API,39,41,55,356.0,19580.0,2026-04-15,186384297,697,Sumeru Securities Pvt. Ltd.,Linch Stock Market Ltd.,2026-04-15 12:30:12.965664,Api Power Company Ltd.
2026041504013385,API,39,58,102,356.0,36312.0,2026-04-15,186384299,697,Sumeru Securities Pvt. Ltd.,Naasa Securities Co. Ltd.,2026-04-15 12:30:12.966009,Api Power Company Ltd.
2026041504013386,API,39,58,30,356.0,10680.0,2026-04-15,186384301,697,Sumeru Securities Pvt. Ltd.,Naasa Securities Co. Ltd.,2026-04-15 12:30:12.966306,Api Power Company Ltd.
2026041504013387,API,39,42,188,356.0,66928.0,2026-04-15,186384303,697,Sumeru Securities Pvt. Ltd.,Sani Securities Company Ltd.,2026-04-15 12:30:12.966630,Api Power Company Ltd.
2026041504013388,API,39,48,10,356.0,3560.0,2026-04-15,186384305,697,Sumeru Securities Pvt. Ltd.,Trishakti Securities Public Limited,2026-04-15 12:30:12.966927,Api Power Company Ltd.
2026041504013389,API,39,38,300,356.0,106800.0,2026-04-15,186384307,697,Sumeru Securities Pvt. Ltd.,Dipshikha Dhitopatra Karobar Co. Pvt Ltd.,2026-04-15 12:30:12.967226,Api Power Company Ltd.
2026041504013399,API,17,57,2,356.0,712.0,2026-04-15,186384485,697,ABC Securities Private Limited,Aryatara Investment & Securities,2026-04-15 12:30:18.977168,Api Power Company Ltd.
2026041504013508,API,33,47,200,356.2,71240.0,2026-04-15,186385132,697,Dakshinkali Investment & Securities Pvt. Ltd.,Neev Securities Pvt. Ltd.,2026-04-15 12:31:00.696069,Api Power Company Ltd.
2026041504013519,API,58,47,100,356.2,35620.0,2026-04-15,186385204,697,Naasa Securities Co. Ltd.,Neev Securities Pvt. Ltd.,2026-04-15 12:31:03.749096,Api Power Company Ltd.
2026041504013527,API,39,47,200,356.2,71240.0,2026-04-15,186385255,697,Sumeru Securities Pvt. Ltd.,Neev Securities Pvt. Ltd.,2026-04-15 12:31:06.941489,Api Power Company Ltd.
2026041504013528,API,39,32,62,356.2,22084.4,2026-04-15,186385262,697,Sumeru Securities Pvt. Ltd.,Premier Securities Company Ltd.,2026-04-15 12:31:07.077565,Api Power Company Ltd.
2026041504013530,API,48,44,500,356.0,178000.0,2026-04-15,186385298,697,Trishakti Securities Public Limited,Dynamic Money Managers Securities Pvt. Ltd.,2026-04-15 12:31:09.539668,Api Power Company Ltd.
2026041504013541,API,69,44,301,356.0,107156.0,2026-04-15,186385340,697,INDEX SECURITIES LIMITED,Dynamic Money Managers Securities Pvt. Ltd.,2026-04-15 12:31:11.565160,Api Power Company Ltd.
2026041504013588,API,58,44,150,356.0,53400.0,2026-04-15,186385710,697,Naasa Securities Co. Ltd.,Dynamic Money Managers Securities Pvt. Ltd.,2026-04-15 12:31:26.116553,Api Power Company Ltd.
2026041504013591,API,34,41,100,355.9,35590.0,2026-04-15,186385729,697,Vision Securities Pvt. Ltd,Linch Stock Market Ltd.,2026-04-15 12:31:27.076640,Api Power Company Ltd.
2026041504013649,API,14,44,300,356.0,106800.0,2026-04-15,186386068,697,Nepal Stock House (PVT) Ltd.,Dynamic Money Managers Securities Pvt. Ltd.,2026-04-15 12:31:49.469560,Api Power Company Ltd.
2026041504013650,API,34,45,20,355.9,7118.0,2026-04-15,186386089,697,Vision Securities Pvt. Ltd,Imperial Securities Company Pvt. Ltd.,2026-04-15 12:31:50.388646,Api Power Company Ltd.
2026041504013651,API,14,51,5,350.0,1750.0,2026-04-15,186386095,697,Nepal Stock House (PVT) Ltd.,Oxford Securities Pvt. Ltd.,2026-04-15 12:31:50.703074,Api Power Company Ltd.
2026041504013691,API,34,44,8749,356.0,3114644.0,2026-04-15,186386187,697,Vision Securities Pvt. Ltd,Dynamic Money Managers Securities Pvt. Ltd.,2026-04-15 12:31:54.178211,Api Power Company Ltd.
2026041504013692,API,34,57,100,356.0,35600.0,2026-04-15,186386189,697,Vision Securities Pvt. Ltd,Aryatara Investment & Securities,2026-04-15 12:31:54.179415,Api Power Company Ltd.
2026041504013694,API,34,46,151,356.0,53756.0,2026-04-15,186386194,697,Vision Securities Pvt. Ltd,Kalika Securities Pvt. Ltd.,2026-04-15 12:31:54.309665,Api Power Company Ltd.
2026041504013695,API,34,46,730,355.9,259807.0,2026-04-15,186386196,697,Vision Securities Pvt. Ltd,Kalika Securities Pvt. Ltd.,2026-04-15 12:31:54.310733,Api Power Company Ltd.
2026041504013796,API,65,41,15,355.5,5332.5,2026-04-15,186386939,697,Sharepro Securities Private Limited,Linch Stock Market Ltd.,2026-04-15 12:32:31.075958,Api Power Company Ltd.
2026041504013853,API,65,29,985,355.5,350167.5,2026-04-15,186387576,697,Sharepro Securities Private Limited,Trisul Securities & Invt. Ltd.,2026-04-15 12:32:59.083710,Api Power Company Ltd.
2026041504013854,API,66,29,295,355.4,104843.0,2026-04-15,186387577,697,Miyo Securities Pvt Ltd,Trisul Securities & Invt. Ltd.,2026-04-15 12:32:59.084269,Api Power Company Ltd.
2026041504013873,API,11,46,119,355.9,42352.1,2026-04-15,186387749,697,Malla & Malla Stock Broking Company Pvt. Limited,Kalika Securities Pvt. Ltd.,2026-04-15 12:33:08.417122,Api Power Company Ltd.
2026041504013959,API,66,57,105,356.0,37380.0,2026-04-15,186388416,697,Miyo Securities Pvt Ltd,Aryatara Investment & Securities,2026-04-15 12:33:42.605847,Api Power Company Ltd.
2026041504013960,API,66,1,30,356.0,10680.0,2026-04-15,186388418,697,Miyo Securities Pvt Ltd,Kumari Securities Private Limited,2026-04-15 12:33:42.607087,Api Power Company Ltd.
2026041504013961,API,66,34,565,356.0,201140.0,2026-04-15,186388420,697,Miyo Securities Pvt Ltd,Vision Securities Pvt. Ltd,2026-04-15 12:33:42.608015,Api Power Company Ltd.
2026041504013962,API,66,58,10,356.0,3560.0,2026-04-15,186388422,697,Miyo Securities Pvt Ltd,Naasa Securities Co. Ltd.,2026-04-15 12:33:42.608950,Api Power Company Ltd.
2026041504013963,API,66,45,30,356.4,10692.0,2026-04-15,186388424,697,Miyo Securities Pvt Ltd,Imperial Securities Company Pvt. Ltd.,2026-04-15 12:33:42.609887,Api Power Company Ltd.
2026041504013964,API,66,47,100,356.4,35640.0,2026-04-15,186388426,697,Miyo Securities Pvt Ltd,Neev Securities Pvt. Ltd.,2026-04-15 12:33:42.610869,Api Power Company Ltd.
2026041504013965,API,66,38,100,356.4,35640.0,2026-04-15,186388428,697,Miyo Securities Pvt Ltd,Dipshikha Dhitopatra Karobar Co. Pvt Ltd.,2026-04-15 12:33:42.611805,Api Power Company Ltd.
2026041504013966,API,66,21,320,356.5,114080.0,2026-04-15,186388430,697,Miyo Securities Pvt Ltd,Midas Stock Broking Company Private Limited,2026-04-15 12:33:42.612721,Api Power Company Ltd.
2026041504013967,API,66,97,100,356.8,35680.0,2026-04-15,186388432,697,Miyo Securities Pvt Ltd,R.B.B. Securities Company Ltd,2026-04-15 12:33:42.613647,Api Power Company Ltd.
2026041504013968,API,66,22,196,356.8,69932.8,2026-04-15,186388434,697,Miyo Securities Pvt Ltd,Siprabi Securities Pvt. Ltd.,2026-04-15 12:33:42.614580,Api Power Company Ltd.
2026041504013969,API,66,45,160,356.9,57104.0,2026-04-15,186388436,697,Miyo Securities Pvt Ltd,Imperial Securities Company Pvt. Ltd.,2026-04-15 12:33:42.615502,Api Power Company Ltd.
2026041504013970,API,66,44,400,356.9,142760.0,2026-04-15,186388438,697,Miyo Securities Pvt Ltd,Dynamic Money Managers Securities Pvt. Ltd.,2026-04-15 12:33:42.615874,Api Power Company Ltd.
2026041504013971,API,66,43,16,356.9,5710.4,2026-04-15,186388440,697,Miyo Securities Pvt Ltd,South Asian Bulls Pvt. Ltd.,2026-04-15 12:33:42.616178,Api Power Company Ltd.
2026041504013972,API,66,32,500,357.0,178500.0,2026-04-15,186388442,697,Miyo Securities Pvt Ltd,Premier Securities Company Ltd.,2026-04-15 12:33:42.616500,Api Power Company Ltd.
2026041504013973,API,66,6,50,357.0,17850.0,2026-04-15,186388444,697,Miyo Securities Pvt Ltd,Agrawal Securities (PVT) Ltd.,2026-04-15 12:33:42.616807,Api Power Company Ltd.
2026041504013974,API,66,59,30,357.0,10710.0,2026-04-15,186388446,697,Miyo Securities Pvt Ltd,Deevyaa Securities & Stock House Pvt. Ltd,2026-04-15 12:33:42.617113,Api Power Company Ltd.
2026041504013975,API,66,16,1000,357.0,357000.0,2026-04-15,186388448,697,Miyo Securities Pvt Ltd,Primo Securities (PVT) Ltd.,2026-04-15 12:33:42.617411,Api Power Company Ltd.
2026041504013976,API,66,8,2000,357.0,714000.0,2026-04-15,186388450,697,Miyo Securities Pvt Ltd,Brilliant Securities Pvt. Ltd.,2026-04-15 12:33:42.617718,Api Power Company Ltd.
2026041504013977,API,66,1,200,357.0,71400.0,2026-04-15,186388364,697,Miyo Securities Pvt Ltd,Kumari Securities Private Limited,2026-04-15 12:33:42.618021,Api Power Company Ltd.
2026041504013978,API,66,7,100,357.0,35700.0,2026-04-15,186388366,697,Miyo Securities Pvt Ltd,J.F. Securites (PVT) Ltd.,2026-04-15 12:33:42.618319,Api Power Company Ltd.
2026041504013979,API,66,56,100,357.0,35700.0,2026-04-15,186388368,697,Miyo Securities Pvt Ltd,Sri Hari Securities Pvt. Ltd.,2026-04-15 12:33:42.618613,Api Power Company Ltd.
2026041504013980,API,66,17,177,357.0,63189.0,2026-04-15,186388370,697,Miyo Securities Pvt Ltd,ABC Securities Private Limited,2026-04-15 12:33:42.618905,Api Power Company Ltd.
2026041504013981,API,66,65,275,357.0,98175.0,2026-04-15,186388372,697,Miyo Securities Pvt Ltd,Sharepro Securities Private Limited,2026-04-15 12:33:42.619204,Api Power Company Ltd.
2026041504013982,API,66,11,107,357.0,38199.0,2026-04-15,186388374,697,Miyo Securities Pvt Ltd,Malla & Malla Stock Broking Company Pvt. Limited,2026-04-15 12:33:42.619504,Api Power Company Ltd.
2026041504013983,API,66,96,500,357.0,178500.0,2026-04-15,186388376,697,Miyo Securities Pvt Ltd,Himalayan Securities Limited,2026-04-15 12:33:42.619794,Api Power Company Ltd.
2026041504013984,API,66,58,90,357.0,32130.0,2026-04-15,186388378,697,Miyo Securities Pvt Ltd,Naasa Securities Co. Ltd.,2026-04-15 12:33:42.620090,Api Power Company Ltd.
2026041504013985,API,66,59,200,357.0,71400.0,2026-04-15,186388380,697,Miyo Securities Pvt Ltd,Deevyaa Securities & Stock House Pvt. Ltd,2026-04-15 12:33:42.620389,Api Power Company Ltd.
2026041504013986,API,66,57,771,357.0,275247.0,2026-04-15,186388382,697,Miyo Securities Pvt Ltd,Aryatara Investment & Securities,2026-04-15 12:33:42.620682,Api Power Company Ltd.
2026041504013987,API,66,38,110,357.0,39270.0,2026-04-15,186388384,697,Miyo Securities Pvt Ltd,Dipshikha Dhitopatra Karobar Co. Pvt Ltd.,2026-04-15 12:33:42.620982,Api Power Company Ltd.
2026041504013988,API,66,13,200,357.0,71400.0,2026-04-15,186388386,697,Miyo Securities Pvt Ltd,Thrive Brokerage House Pvt. Ltd,2026-04-15 12:33:42.621274,Api Power Company Ltd.
2026041504013989,API,66,58,1000,357.0,357000.0,2026-04-15,186388388,697,Miyo Securities Pvt Ltd,Naasa Securities Co. Ltd.,2026-04-15 12:33:42.621585,Api Power Company Ltd.
2026041504013990,API,66,50,54,357.0,19278.0,2026-04-15,186388390,697,Miyo Securities Pvt Ltd,Cristal Kanchanjanga Securites Pvt. Ltd.,2026-04-15 12:33:42.621879,Api Power Company Ltd.
2026041504013991,API,66,91,100,357.0,35700.0,2026-04-15,186388392,697,Miyo Securities Pvt Ltd,Citizens Share Broker Limited,2026-04-15 12:33:42.622172,Api Power Company Ltd.
2026041504013992,API,66,57,500,357.0,178500.0,2026-04-15,186388394,697,Miyo Securities Pvt Ltd,Aryatara Investment & Securities,2026-04-15 12:33:42.622472,Api Power Company Ltd.
2026041504013993,API,66,5,100,357.0,35700.0,2026-04-15,186388396,697,Miyo Securities Pvt Ltd,Market Securities & Exchange (PVT) Ltd.,2026-04-15 12:33:42.622757,Api Power Company Ltd.
2026041504013994,API,66,68,200,357.0,71400.0,2026-04-15,186388398,697,Miyo Securities Pvt Ltd,Elite Stock House Limited,2026-04-15 12:33:42.623054,Api Power Company Ltd.
2026041504013995,API,66,32,500,357.0,178500.0,2026-04-15,186388400,697,Miyo Securities Pvt Ltd,Premier Securities Company Ltd.,2026-04-15 12:33:42.623349,Api Power Company Ltd.
2026041504013996,API,66,51,220,357.0,78540.0,2026-04-15,186388402,697,Miyo Securities Pvt Ltd,Oxford Securities Pvt. Ltd.,2026-04-15 12:33:42.623636,Api Power Company Ltd.
2026041504014037,API,11,58,127,357.1,45351.7,2026-04-15,186388719,697,Malla & Malla Stock Broking Company Pvt. Limited,Naasa Securities Co. Ltd.,2026-04-15 12:34:01.661426,Api Power Company Ltd.
2026041504014038,API,11,35,10,357.1,3571.0,2026-04-15,186388721,697,Malla & Malla Stock Broking Company Pvt. Limited,Kohinoor Investment & Securities Pvt. Ltd.,2026-04-15 12:34:01.662573,Api Power Company Ltd.
