contractId,stockSymbol,buyerMemberId,sellerMemberId,quantity,rate,amount,businessDate,tradeBookId,stockId,buyerBrokerName,sellerBrokerName,transaction_time,securityName
2026041504000003,BPCL,58,60,75,729.0,54675.0,2026-04-15,186284807,153,Naasa Securities Co. Ltd.,Nagarik Stock Dealer ,2026-04-15 10:46:00.014722,Butwal Power Company Limited
2026041504000004,BPCL,58,38,200,729.0,145800.0,2026-04-15,186284809,153,Naasa Securities Co. Ltd.,Dipshikha Dhitopatra Karobar Co. Pvt Ltd.,2026-04-15 10:46:00.014804,Butwal Power Company Limited
2026041504000005,BPCL,58,97,725,729.0,528525.0,2026-04-15,186284816,153,Naasa Securities Co. Ltd.,R.B.B. Securities Company Ltd,2026-04-15 10:46:00.014871,Butwal Power Company Limited
2026041504000032,BPCL,58,97,275,729.0,200475.0,2026-04-15,186285038,153,Naasa Securities Co. Ltd.,R.B.B. Securities Company Ltd,2026-04-15 11:00:03.409878,Butwal Power Company Limited
2026041504000090,BPCL,49,49,500,725.0,362500.0,2026-04-15,186285515,153,Online Securities Pvt. Ltd.,Online Securities Pvt. Ltd.,2026-04-15 11:01:15.821420,Butwal Power Company Limited
2026041504000091,BPCL,49,49,500,725.0,362500.0,2026-04-15,186285518,153,Online Securities Pvt. Ltd.,Online Securities Pvt. Ltd.,2026-04-15 11:01:15.821534,Butwal Power Company Limited
2026041504000214,BPCL,38,11,10,711.0,7110.0,2026-04-15,186287035,153,Dipshikha Dhitopatra Karobar Co. Pvt Ltd.,Malla & Malla Stock Broking Company Pvt. Limited,2026-04-15 11:02:38.765391,Butwal Power Company Limited
2026041504000563,BPCL,38,90,200,712.1,142420.0,2026-04-15,186289936,153,Dipshikha Dhitopatra Karobar Co. Pvt Ltd.,Sajilo Broker Limited,2026-04-15 11:05:35.045406,Butwal Power Company Limited
2026041504000564,BPCL,43,90,14,711.5,9961.0,2026-04-15,186289938,153,South Asian Bulls Pvt. Ltd.,Sajilo Broker Limited,2026-04-15 11:05:35.045466,Butwal Power Company Limited
2026041504000565,BPCL,43,90,286,711.2,203403.2,2026-04-15,186289939,153,South Asian Bulls Pvt. Ltd.,Sajilo Broker Limited,2026-04-15 11:05:35.045499,Butwal Power Company Limited
2026041504000831,BPCL,6,14,500,714.0,357000.0,2026-04-15,186291620,153,Agrawal Securities (PVT) Ltd.,Nepal Stock House (PVT) Ltd.,2026-04-15 11:07:34.883193,Butwal Power Company Limited
2026041504000845,BPCL,1,41,10,720.0,7200.0,2026-04-15,186291712,153,Kumari Securities Private Limited,Linch Stock Market Ltd.,2026-04-15 11:07:43.607762,Butwal Power Company Limited
2026041504000986,BPCL,36,41,10,720.0,7200.0,2026-04-15,186292808,153,Secured Securities Ltd.,Linch Stock Market Ltd.,2026-04-15 11:08:56.416918,Butwal Power Company Limited
2026041504003911,BPCL,94,45,20,715.1,14302.0,2026-04-15,186316152,153,K.B.L. Securities Limited ,Imperial Securities Company Pvt. Ltd.,2026-04-15 11:34:06.179327,Butwal Power Company Limited
2026041504003912,BPCL,4,45,26,715.0,18590.0,2026-04-15,186316153,153,Opal Securities Investment (PVT) Ltd.,Imperial Securities Company Pvt. Ltd.,2026-04-15 11:34:06.179452,Butwal Power Company Limited
2026041504003967,BPCL,4,45,50,715.0,35750.0,2026-04-15,186316527,153,Opal Securities Investment (PVT) Ltd.,Imperial Securities Company Pvt. Ltd.,2026-04-15 11:34:29.449633,Butwal Power Company Limited
2026041504004308,BPCL,4,38,14,719.9,10078.6,2026-04-15,186319042,153,Opal Securities Investment (PVT) Ltd.,Dipshikha Dhitopatra Karobar Co. Pvt Ltd.,2026-04-15 11:36:52.470593,Butwal Power Company Limited
2026041504004916,BPCL,71,52,35,715.0,25025.0,2026-04-15,186323837,153,SHUBHAKAMANA SECURITIES PVT. LTD,Sundhara Securities Limited,2026-04-15 11:42:04.397016,Butwal Power Company Limited
2026041504005094,BPCL,19,64,100,715.1,71510.0,2026-04-15,186325377,153,Nepal Investment And Securities Trading Private Limited,SUN SECURITIES PVT LTD,2026-04-15 11:43:49.025892,Butwal Power Company Limited
2026041504005582,BPCL,28,87,14,715.5,10017.0,2026-04-15,186328711,153,Shree Krishna Securities Ltd.,S.P.S.A. Securities Limited,2026-04-15 11:47:02.989796,Butwal Power Company Limited
2026041504007207,BPCL,38,25,20,717.0,14340.0,2026-04-15,186342082,153,Dipshikha Dhitopatra Karobar Co. Pvt Ltd.,Sweta Securities Private Limited,2026-04-15 11:56:19.715670,Butwal Power Company Limited
2026041504007208,BPCL,38,49,13,718.0,9334.0,2026-04-15,186342084,153,Dipshikha Dhitopatra Karobar Co. Pvt Ltd.,Online Securities Pvt. Ltd.,2026-04-15 11:56:19.715730,Butwal Power Company Limited
2026041504007209,BPCL,38,49,500,719.0,359500.0,2026-04-15,186342086,153,Dipshikha Dhitopatra Karobar Co. Pvt Ltd.,Online Securities Pvt. Ltd.,2026-04-15 11:56:19.715773,Butwal Power Company Limited
2026041504007210,BPCL,38,64,100,719.7,71970.0,2026-04-15,186342088,153,Dipshikha Dhitopatra Karobar Co. Pvt Ltd.,SUN SECURITIES PVT LTD,2026-04-15 11:56:19.715800,Butwal Power Company Limited
2026041504007211,BPCL,38,64,367,719.8,264166.6,2026-04-15,186342045,153,Dipshikha Dhitopatra Karobar Co. Pvt Ltd.,SUN SECURITIES PVT LTD,2026-04-15 11:56:19.715821,Butwal Power Company Limited
2026041504007547,BPCL,28,14,286,716.0,204776.0,2026-04-15,186344106,153,Shree Krishna Securities Ltd.,Nepal Stock House (PVT) Ltd.,2026-04-15 11:57:56.167859,Butwal Power Company Limited
2026041504007548,BPCL,77,14,114,716.0,81624.0,2026-04-15,186344107,153,Nabil Stock Dealer Ltd.,Nepal Stock House (PVT) Ltd.,2026-04-15 11:57:56.168134,Butwal Power Company Limited
2026041504008284,BPCL,38,58,800,719.0,575200.0,2026-04-15,186348980,153,Dipshikha Dhitopatra Karobar Co. Pvt Ltd.,Naasa Securities Co. Ltd.,2026-04-15 12:01:40.646489,Butwal Power Company Limited
2026041504008689,BPCL,21,14,20,716.1,14322.0,2026-04-15,186351270,153,Midas Stock Broking Company Private Limited,Nepal Stock House (PVT) Ltd.,2026-04-15 12:03:35.437410,Butwal Power Company Limited
2026041504008690,BPCL,77,14,30,716.0,21480.0,2026-04-15,186351271,153,Nabil Stock Dealer Ltd.,Nepal Stock House (PVT) Ltd.,2026-04-15 12:03:35.437672,Butwal Power Company Limited
2026041504008848,BPCL,38,64,33,719.8,23753.4,2026-04-15,186352185,153,Dipshikha Dhitopatra Karobar Co. Pvt Ltd.,SUN SECURITIES PVT LTD,2026-04-15 12:04:20.507865,Butwal Power Company Limited
2026041504008849,BPCL,38,54,10,719.8,7198.0,2026-04-15,186352187,153,Dipshikha Dhitopatra Karobar Co. Pvt Ltd.,Sewa Securities Pvt. Ltd.,2026-04-15 12:04:20.507946,Butwal Power Company Limited
2026041504008850,BPCL,38,52,500,719.8,359900.0,2026-04-15,186352189,153,Dipshikha Dhitopatra Karobar Co. Pvt Ltd.,Sundhara Securities Limited,2026-04-15 12:04:20.507974,Butwal Power Company Limited
2026041504008851,BPCL,38,38,636,719.9,457856.4,2026-04-15,186352191,153,Dipshikha Dhitopatra Karobar Co. Pvt Ltd.,Dipshikha Dhitopatra Karobar Co. Pvt Ltd.,2026-04-15 12:04:20.507998,Butwal Power Company Limited
2026041504008852,BPCL,38,41,180,720.0,129600.0,2026-04-15,186352193,153,Dipshikha Dhitopatra Karobar Co. Pvt Ltd.,Linch Stock Market Ltd.,2026-04-15 12:04:20.508032,Butwal Power Company Limited
2026041504008853,BPCL,38,58,500,720.0,360000.0,2026-04-15,186352195,153,Dipshikha Dhitopatra Karobar Co. Pvt Ltd.,Naasa Securities Co. Ltd.,2026-04-15 12:04:20.508056,Butwal Power Company Limited
2026041504008854,BPCL,38,40,50,720.0,36000.0,2026-04-15,186352197,153,Dipshikha Dhitopatra Karobar Co. Pvt Ltd.,Creative Securities Pvt Ltd,2026-04-15 12:04:20.508080,Butwal Power Company Limited
2026041504008855,BPCL,38,75,30,720.0,21600.0,2026-04-15,186352199,153,Dipshikha Dhitopatra Karobar Co. Pvt Ltd.,N.I.M.B. Stock Markets Limited,2026-04-15 12:04:20.508101,Butwal Power Company Limited
2026041504008856,BPCL,38,54,23,720.0,16560.0,2026-04-15,186352201,153,Dipshikha Dhitopatra Karobar Co. Pvt Ltd.,Sewa Securities Pvt. Ltd.,2026-04-15 12:04:20.508148,Butwal Power Company Limited
2026041504008857,BPCL,38,16,30,720.0,21600.0,2026-04-15,186352203,153,Dipshikha Dhitopatra Karobar Co. Pvt Ltd.,Primo Securities (PVT) Ltd.,2026-04-15 12:04:20.508169,Butwal Power Company Limited
2026041504008858,BPCL,38,49,10,720.0,7200.0,2026-04-15,186352205,153,Dipshikha Dhitopatra Karobar Co. Pvt Ltd.,Online Securities Pvt. Ltd.,2026-04-15 12:04:20.508192,Butwal Power Company Limited
2026041504008859,BPCL,38,42,700,720.0,504000.0,2026-04-15,186352207,153,Dipshikha Dhitopatra Karobar Co. Pvt Ltd.,Sani Securities Company Ltd.,2026-04-15 12:04:20.508214,Butwal Power Company Limited
2026041504008860,BPCL,38,58,200,720.0,144000.0,2026-04-15,186352209,153,Dipshikha Dhitopatra Karobar Co. Pvt Ltd.,Naasa Securities Co. Ltd.,2026-04-15 12:04:20.508236,Butwal Power Company Limited
2026041504008861,BPCL,38,36,98,720.0,70560.0,2026-04-15,186352212,153,Dipshikha Dhitopatra Karobar Co. Pvt Ltd.,Secured Securities Ltd.,2026-04-15 12:04:20.508260,Butwal Power Company Limited
2026041504009051,BPCL,63,36,100,720.0,72000.0,2026-04-15,186353306,153,Himalayan Brokerage Company Limited,Secured Securities Ltd.,2026-04-15 12:05:26.977080,Butwal Power Company Limited
2026041504009258,BPCL,58,36,82,720.0,59040.0,2026-04-15,186354575,153,Naasa Securities Co. Ltd.,Secured Securities Ltd.,2026-04-15 12:06:35.915905,Butwal Power Company Limited
2026041504009259,BPCL,58,1,82,720.0,59040.0,2026-04-15,186354578,153,Naasa Securities Co. Ltd.,Kumari Securities Private Limited,2026-04-15 12:06:35.916039,Butwal Power Company Limited
2026041504010251,BPCL,59,58,504,719.0,362376.0,2026-04-15,186360821,153,Deevyaa Securities & Stock House Pvt. Ltd,Naasa Securities Co. Ltd.,2026-04-15 12:13:19.752561,Butwal Power Company Limited
2026041504010252,BPCL,59,36,15,719.0,10785.0,2026-04-15,186360823,153,Deevyaa Securities & Stock House Pvt. Ltd,Secured Securities Ltd.,2026-04-15 12:13:19.752718,Butwal Power Company Limited
2026041504010253,BPCL,59,49,500,719.0,359500.0,2026-04-15,186360825,153,Deevyaa Securities & Stock House Pvt. Ltd,Online Securities Pvt. Ltd.,2026-04-15 12:13:19.752780,Butwal Power Company Limited
2026041504010254,BPCL,59,22,10,719.0,7190.0,2026-04-15,186360827,153,Deevyaa Securities & Stock House Pvt. Ltd,Siprabi Securities Pvt. Ltd.,2026-04-15 12:13:19.752841,Butwal Power Company Limited
2026041504010378,BPCL,59,56,1180,719.0,848420.0,2026-04-15,186361363,153,Deevyaa Securities & Stock House Pvt. Ltd,Sri Hari Securities Pvt. Ltd.,2026-04-15 12:13:45.775234,Butwal Power Company Limited
2026041504010504,BPCL,59,75,192,719.0,138048.0,2026-04-15,186362679,153,Deevyaa Securities & Stock House Pvt. Ltd,N.I.M.B. Stock Markets Limited,2026-04-15 12:14:36.997369,Butwal Power Company Limited
2026041504010729,BPCL,42,40,12,720.0,8640.0,2026-04-15,186363954,153,Sani Securities Company Ltd.,Creative Securities Pvt Ltd,2026-04-15 12:15:31.927034,Butwal Power Company Limited
2026041504010795,BPCL,59,79,1000,719.0,719000.0,2026-04-15,186365007,153,Deevyaa Securities & Stock House Pvt. Ltd,pahiinvestment,2026-04-15 12:15:54.834089,Butwal Power Company Limited
2026041504010946,BPCL,59,22,90,719.0,64710.0,2026-04-15,186367393,153,Deevyaa Securities & Stock House Pvt. Ltd,Siprabi Securities Pvt. Ltd.,2026-04-15 12:17:01.042912,Butwal Power Company Limited
2026041504011233,BPCL,59,14,550,719.0,395450.0,2026-04-15,186370127,153,Deevyaa Securities & Stock House Pvt. Ltd,Nepal Stock House (PVT) Ltd.,2026-04-15 12:18:35.612444,Butwal Power Company Limited
2026041504011254,BPCL,59,58,415,719.0,298385.0,2026-04-15,186370337,153,Deevyaa Securities & Stock House Pvt. Ltd,Naasa Securities Co. Ltd.,2026-04-15 12:18:44.926148,Butwal Power Company Limited
2026041504011255,BPCL,59,40,544,719.0,391136.0,2026-04-15,186370344,153,Deevyaa Securities & Stock House Pvt. Ltd,Creative Securities Pvt Ltd,2026-04-15 12:18:45.050282,Butwal Power Company Limited
2026041504011943,BPCL,77,58,50,719.0,35950.0,2026-04-15,186374970,153,Nabil Stock Dealer Ltd.,Naasa Securities Co. Ltd.,2026-04-15 12:22:25.072612,Butwal Power Company Limited
2026041504011973,BPCL,28,38,1000,718.5,718500.0,2026-04-15,186375287,153,Shree Krishna Securities Ltd.,Dipshikha Dhitopatra Karobar Co. Pvt Ltd.,2026-04-15 12:22:42.219144,Butwal Power Company Limited
2026041504012242,BPCL,57,58,10,719.0,7190.0,2026-04-15,186377200,153,Aryatara Investment & Securities,Naasa Securities Co. Ltd.,2026-04-15 12:24:07.979120,Butwal Power Company Limited
2026041504012419,BPCL,75,38,30,718.5,21555.0,2026-04-15,186378377,153,N.I.M.B. Stock Markets Limited,Dipshikha Dhitopatra Karobar Co. Pvt Ltd.,2026-04-15 12:24:57.783082,Butwal Power Company Limited
2026041504012523,BPCL,42,58,500,719.0,359500.0,2026-04-15,186378944,153,Sani Securities Company Ltd.,Naasa Securities Co. Ltd.,2026-04-15 12:25:31.734670,Butwal Power Company Limited
2026041504012652,BPCL,49,58,40,719.0,28760.0,2026-04-15,186379963,153,Online Securities Pvt. Ltd.,Naasa Securities Co. Ltd.,2026-04-15 12:26:19.305825,Butwal Power Company Limited
2026041504012653,BPCL,49,58,10,719.0,7190.0,2026-04-15,186379966,153,Online Securities Pvt. Ltd.,Naasa Securities Co. Ltd.,2026-04-15 12:26:19.306168,Butwal Power Company Limited
2026041504012880,BPCL,75,54,11,718.5,7903.5,2026-04-15,186381433,153,N.I.M.B. Stock Markets Limited,Sewa Securities Pvt. Ltd.,2026-04-15 12:27:40.242457,Butwal Power Company Limited
2026041504013288,BPCL,42,58,100,719.0,71900.0,2026-04-15,186383640,153,Sani Securities Company Ltd.,Naasa Securities Co. Ltd.,2026-04-15 12:29:34.688395,Butwal Power Company Limited
2026041504013351,BPCL,21,58,20,719.0,14380.0,2026-04-15,186384112,153,Midas Stock Broking Company Private Limited,Naasa Securities Co. Ltd.,2026-04-15 12:30:01.944590,Butwal Power Company Limited
2026041504014126,BPCL,56,66,95,718.8,68286.0,2026-04-15,186389456,153,Sri Hari Securities Pvt. Ltd.,Miyo Securities Pvt Ltd,2026-04-15 12:34:24.501024,Butwal Power Company Limited
2026041504014167,BPCL,75,42,59,718.5,42391.5,2026-04-15,186389762,153,N.I.M.B. Stock Markets Limited,Sani Securities Company Ltd.,2026-04-15 12:34:43.497918,Butwal Power Company Limited
2026041504014168,BPCL,58,42,233,718.0,167294.0,2026-04-15,186389763,153,Naasa Securities Co. Ltd.,Sani Securities Company Ltd.,2026-04-15 12:34:43.498258,Butwal Power Company Limited
2026041504014253,BPCL,39,66,405,718.8,291114.0,2026-04-15,186390501,153,Sumeru Securities Pvt. Ltd.,Miyo Securities Pvt Ltd,2026-04-15 12:35:25.287421,Butwal Power Company Limited
2026041504014254,BPCL,39,66,500,718.9,359450.0,2026-04-15,186390503,153,Sumeru Securities Pvt. Ltd.,Miyo Securities Pvt Ltd,2026-04-15 12:35:25.287484,Butwal Power Company Limited
2026041504014255,BPCL,39,58,95,719.0,68305.0,2026-04-15,186390506,153,Sumeru Securities Pvt. Ltd.,Naasa Securities Co. Ltd.,2026-04-15 12:35:25.287508,Butwal Power Company Limited
2026041504014619,BPCL,58,49,237,718.0,170166.0,2026-04-15,186393880,153,Naasa Securities Co. Ltd.,Online Securities Pvt. Ltd.,2026-04-15 12:38:06.245253,Butwal Power Company Limited
2026041504014620,BPCL,75,49,100,718.0,71800.0,2026-04-15,186393882,153,N.I.M.B. Stock Markets Limited,Online Securities Pvt. Ltd.,2026-04-15 12:38:06.245571,Butwal Power Company Limited
2026041504015883,BPCL,39,17,100,716.1,71610.0,2026-04-15,186404408,153,Sumeru Securities Pvt. Ltd.,ABC Securities Private Limited,2026-04-15 12:48:34.400731,Butwal Power Company Limited
2026041504015884,BPCL,36,17,210,716.0,150360.0,2026-04-15,186404410,153,Secured Securities Ltd.,ABC Securities Private Limited,2026-04-15 12:48:34.401058,Butwal Power Company Limited
2026041504015885,BPCL,22,17,99,716.0,70884.0,2026-04-15,186404412,153,Siprabi Securities Pvt. Ltd.,ABC Securities Private Limited,2026-04-15 12:48:34.401262,Butwal Power Company Limited
2026041504015886,BPCL,34,17,91,716.0,65156.0,2026-04-15,186404413,153,Vision Securities Pvt. Ltd,ABC Securities Private Limited,2026-04-15 12:48:34.401476,Butwal Power Company Limited
2026041504015986,BPCL,45,17,10,717.0,7170.0,2026-04-15,186405043,153,Imperial Securities Company Pvt. Ltd.,ABC Securities Private Limited,2026-04-15 12:49:18.655953,Butwal Power Company Limited
2026041504015987,BPCL,58,49,12,718.0,8616.0,2026-04-15,186405056,153,Naasa Securities Co. Ltd.,Online Securities Pvt. Ltd.,2026-04-15 12:49:19.618349,Butwal Power Company Limited
2026041504016435,BPCL,45,22,290,717.0,207930.0,2026-04-15,186408498,153,Imperial Securities Company Pvt. Ltd.,Siprabi Securities Pvt. Ltd.,2026-04-15 12:52:50.841026,Butwal Power Company Limited
2026041504016694,BPCL,81,22,210,717.0,150570.0,2026-04-15,186410422,153,Aakashbhairab Securities Ltd.,Siprabi Securities Pvt. Ltd.,2026-04-15 12:54:44.616627,Butwal Power Company Limited
2026041504016837,BPCL,19,49,300,718.0,215400.0,2026-04-15,186411388,153,Nepal Investment And Securities Trading Private Limited,Online Securities Pvt. Ltd.,2026-04-15 12:55:38.183521,Butwal Power Company Limited
2026041504016844,BPCL,42,64,400,717.0,286800.0,2026-04-15,186411429,153,Sani Securities Company Ltd.,SUN SECURITIES PVT LTD,2026-04-15 12:55:41.585487,Butwal Power Company Limited
2026041504016920,BPCL,42,58,100,717.0,71700.0,2026-04-15,186412127,153,Sani Securities Company Ltd.,Naasa Securities Co. Ltd.,2026-04-15 12:56:24.551485,Butwal Power Company Limited
2026041504017332,BPCL,1,22,450,716.2,322290.0,2026-04-15,186415543,153,Kumari Securities Private Limited,Siprabi Securities Pvt. Ltd.,2026-04-15 13:00:07.619883,Butwal Power Company Limited
2026041504017339,BPCL,1,38,550,716.2,393910.0,2026-04-15,186415604,153,Kumari Securities Private Limited,Dipshikha Dhitopatra Karobar Co. Pvt Ltd.,2026-04-15 13:00:13.370567,Butwal Power Company Limited
2026041504017340,BPCL,39,38,100,716.1,71610.0,2026-04-15,186415606,153,Sumeru Securities Pvt. Ltd.,Dipshikha Dhitopatra Karobar Co. Pvt Ltd.,2026-04-15 13:00:13.370750,Butwal Power Company Limited
2026041504017341,BPCL,34,38,109,716.1,78054.9,2026-04-15,186415608,153,Vision Securities Pvt. Ltd,Dipshikha Dhitopatra Karobar Co. Pvt Ltd.,2026-04-15 13:00:13.370833,Butwal Power Company Limited
2026041504017342,BPCL,75,38,100,716.0,71600.0,2026-04-15,186415610,153,N.I.M.B. Stock Markets Limited,Dipshikha Dhitopatra Karobar Co. Pvt Ltd.,2026-04-15 13:00:13.370910,Butwal Power Company Limited
2026041504017343,BPCL,52,38,250,716.0,179000.0,2026-04-15,186415612,153,Sundhara Securities Limited,Dipshikha Dhitopatra Karobar Co. Pvt Ltd.,2026-04-15 13:00:13.370977,Butwal Power Company Limited
2026041504017480,BPCL,58,46,1,716.0,716.0,2026-04-15,186416523,153,Naasa Securities Co. Ltd.,Kalika Securities Pvt. Ltd.,2026-04-15 13:01:12.497761,Butwal Power Company Limited
2026041504017557,BPCL,45,49,10,718.9,7189.0,2026-04-15,186417084,153,Imperial Securities Company Pvt. Ltd.,Online Securities Pvt. Ltd.,2026-04-15 13:01:49.179873,Butwal Power Company Limited
2026041504017615,BPCL,50,38,200,715.6,143120.0,2026-04-15,186417390,153,Cristal Kanchanjanga Securites Pvt. Ltd.,Dipshikha Dhitopatra Karobar Co. Pvt Ltd.,2026-04-15 13:02:11.388013,Butwal Power Company Limited
2026041504017616,BPCL,98,38,100,715.5,71550.0,2026-04-15,186417392,153,Trademow Securities Private Limited,Dipshikha Dhitopatra Karobar Co. Pvt Ltd.,2026-04-15 13:02:11.388086,Butwal Power Company Limited
2026041504017617,BPCL,54,38,50,715.5,35775.0,2026-04-15,186417394,153,Sewa Securities Pvt. Ltd.,Dipshikha Dhitopatra Karobar Co. Pvt Ltd.,2026-04-15 13:02:11.388114,Butwal Power Company Limited
2026041504017618,BPCL,88,38,140,715.5,100170.0,2026-04-15,186417396,153,Blue Chip Securities Ltd,Dipshikha Dhitopatra Karobar Co. Pvt Ltd.,2026-04-15 13:02:11.388136,Butwal Power Company Limited
2026041504017619,BPCL,38,38,100,715.1,71510.0,2026-04-15,186417398,153,Dipshikha Dhitopatra Karobar Co. Pvt Ltd.,Dipshikha Dhitopatra Karobar Co. Pvt Ltd.,2026-04-15 13:02:11.388160,Butwal Power Company Limited
2026041504017620,BPCL,71,38,55,715.0,39325.0,2026-04-15,186417400,153,SHUBHAKAMANA SECURITIES PVT. LTD,Dipshikha Dhitopatra Karobar Co. Pvt Ltd.,2026-04-15 13:02:11.388182,Butwal Power Company Limited
2026041504017621,BPCL,16,38,500,715.0,357500.0,2026-04-15,186417402,153,Primo Securities (PVT) Ltd.,Dipshikha Dhitopatra Karobar Co. Pvt Ltd.,2026-04-15 13:02:11.388204,Butwal Power Company Limited
2026041504017622,BPCL,44,38,20,715.0,14300.0,2026-04-15,186417404,153,Dynamic Money Managers Securities Pvt. Ltd.,Dipshikha Dhitopatra Karobar Co. Pvt Ltd.,2026-04-15 13:02:11.388235,Butwal Power Company Limited
2026041504017623,BPCL,67,38,100,715.0,71500.0,2026-04-15,186417406,153,Property Wiard Limited,Dipshikha Dhitopatra Karobar Co. Pvt Ltd.,2026-04-15 13:02:11.388259,Butwal Power Company Limited
2026041504017624,BPCL,45,38,100,715.0,71500.0,2026-04-15,186417408,153,Imperial Securities Company Pvt. Ltd.,Dipshikha Dhitopatra Karobar Co. Pvt Ltd.,2026-04-15 13:02:11.388280,Butwal Power Company Limited
2026041504017625,BPCL,70,38,150,715.0,107250.0,2026-04-15,186417410,153,Infinity Securities Limited,Dipshikha Dhitopatra Karobar Co. Pvt Ltd.,2026-04-15 13:02:11.388304,Butwal Power Company Limited
2026041504017626,BPCL,34,38,100,713.5,71350.0,2026-04-15,186417412,153,Vision Securities Pvt. Ltd,Dipshikha Dhitopatra Karobar Co. Pvt Ltd.,2026-04-15 13:02:11.388330,Butwal Power Company Limited
2026041504017627,BPCL,58,38,50,713.5,35675.0,2026-04-15,186417414,153,Naasa Securities Co. Ltd.,Dipshikha Dhitopatra Karobar Co. Pvt Ltd.,2026-04-15 13:02:11.388351,Butwal Power Company Limited
2026041504017628,BPCL,41,38,407,713.5,290394.5,2026-04-15,186417415,153,Linch Stock Market Ltd.,Dipshikha Dhitopatra Karobar Co. Pvt Ltd.,2026-04-15 13:02:11.388372,Butwal Power Company Limited
2026041504017834,BPCL,28,36,40,713.7,28548.0,2026-04-15,186418743,153,Shree Krishna Securities Ltd.,Secured Securities Ltd.,2026-04-15 13:03:42.853427,Butwal Power Company Limited
2026041504018023,BPCL,49,22,150,713.9,107085.0,2026-04-15,186420124,153,Online Securities Pvt. Ltd.,Siprabi Securities Pvt. Ltd.,2026-04-15 13:04:58.300651,Butwal Power Company Limited
2026041504018024,BPCL,14,22,40,713.8,28552.0,2026-04-15,186420125,153,Nepal Stock House (PVT) Ltd.,Siprabi Securities Pvt. Ltd.,2026-04-15 13:04:58.300838,Butwal Power Company Limited
2026041504018164,BPCL,34,38,50,714.0,35700.0,2026-04-15,186421352,153,Vision Securities Pvt. Ltd,Dipshikha Dhitopatra Karobar Co. Pvt Ltd.,2026-04-15 13:06:14.008527,Butwal Power Company Limited
2026041504018165,BPCL,78,38,500,713.9,356950.0,2026-04-15,186421354,153,Garima Securities Limited,Dipshikha Dhitopatra Karobar Co. Pvt Ltd.,2026-04-15 13:06:14.008580,Butwal Power Company Limited
2026041504018166,BPCL,14,38,260,713.8,185588.0,2026-04-15,186421356,153,Nepal Stock House (PVT) Ltd.,Dipshikha Dhitopatra Karobar Co. Pvt Ltd.,2026-04-15 13:06:14.008604,Butwal Power Company Limited
2026041504018167,BPCL,58,38,500,713.8,356900.0,2026-04-15,186421358,153,Naasa Securities Co. Ltd.,Dipshikha Dhitopatra Karobar Co. Pvt Ltd.,2026-04-15 13:06:14.008629,Butwal Power Company Limited
2026041504018168,BPCL,28,38,60,713.7,42822.0,2026-04-15,186421360,153,Shree Krishna Securities Ltd.,Dipshikha Dhitopatra Karobar Co. Pvt Ltd.,2026-04-15 13:06:14.008650,Butwal Power Company Limited
2026041504018169,BPCL,33,38,100,713.7,71370.0,2026-04-15,186421362,153,Dakshinkali Investment & Securities Pvt. Ltd.,Dipshikha Dhitopatra Karobar Co. Pvt Ltd.,2026-04-15 13:06:14.008680,Butwal Power Company Limited
2026041504018170,BPCL,49,38,50,713.6,35680.0,2026-04-15,186421364,153,Online Securities Pvt. Ltd.,Dipshikha Dhitopatra Karobar Co. Pvt Ltd.,2026-04-15 13:06:14.008702,Butwal Power Company Limited
2026041504018171,BPCL,41,38,93,713.5,66355.5,2026-04-15,186421366,153,Linch Stock Market Ltd.,Dipshikha Dhitopatra Karobar Co. Pvt Ltd.,2026-04-15 13:06:14.008725,Butwal Power Company Limited
2026041504018172,BPCL,69,38,387,713.4,276085.8,2026-04-15,186421367,153,INDEX SECURITIES LIMITED,Dipshikha Dhitopatra Karobar Co. Pvt Ltd.,2026-04-15 13:06:14.008750,Butwal Power Company Limited
2026041504018505,BPCL,39,38,200,718.0,143600.0,2026-04-15,186423984,153,Sumeru Securities Pvt. Ltd.,Dipshikha Dhitopatra Karobar Co. Pvt Ltd.,2026-04-15 13:08:53.958836,Butwal Power Company Limited
2026041504018751,BPCL,51,86,40,714.0,28560.0,2026-04-15,186425594,153,Oxford Securities Pvt. Ltd.,Stoxkarts Securities Limited,2026-04-15 13:10:32.579075,Butwal Power Company Limited
2026041504018752,BPCL,75,86,100,714.0,71400.0,2026-04-15,186425596,153,N.I.M.B. Stock Markets Limited,Stoxkarts Securities Limited,2026-04-15 13:10:32.579177,Butwal Power Company Limited
2026041504018753,BPCL,49,86,100,713.7,71370.0,2026-04-15,186425598,153,Online Securities Pvt. Ltd.,Stoxkarts Securities Limited,2026-04-15 13:10:32.579268,Butwal Power Company Limited
2026041504018754,BPCL,38,86,40,713.6,28544.0,2026-04-15,186425600,153,Dipshikha Dhitopatra Karobar Co. Pvt Ltd.,Stoxkarts Securities Limited,2026-04-15 13:10:32.579370,Butwal Power Company Limited
2026041504018755,BPCL,43,86,100,713.5,71350.0,2026-04-15,186425602,153,South Asian Bulls Pvt. Ltd.,Stoxkarts Securities Limited,2026-04-15 13:10:32.579438,Butwal Power Company Limited
2026041504018756,BPCL,69,86,613,713.4,437314.2,2026-04-15,186425604,153,INDEX SECURITIES LIMITED,Stoxkarts Securities Limited,2026-04-15 13:10:32.579510,Butwal Power Company Limited
2026041504018835,BPCL,33,86,50,713.4,35670.0,2026-04-15,186426154,153,Dakshinkali Investment & Securities Pvt. Ltd.,Stoxkarts Securities Limited,2026-04-15 13:11:11.044893,Butwal Power Company Limited
2026041504018836,BPCL,51,86,57,713.4,40663.8,2026-04-15,186426155,153,Oxford Securities Pvt. Ltd.,Stoxkarts Securities Limited,2026-04-15 13:11:11.045110,Butwal Power Company Limited
2026041504018978,BPCL,59,38,50,713.5,35675.0,2026-04-15,186427102,153,Deevyaa Securities & Stock House Pvt. Ltd,Dipshikha Dhitopatra Karobar Co. Pvt Ltd.,2026-04-15 13:12:19.950192,Butwal Power Company Limited
2026041504018979,BPCL,51,38,1950,713.4,1391130.0,2026-04-15,186427103,153,Oxford Securities Pvt. Ltd.,Dipshikha Dhitopatra Karobar Co. Pvt Ltd.,2026-04-15 13:12:19.950552,Butwal Power Company Limited
2026041504019300,BPCL,58,49,15,717.9,10768.5,2026-04-15,186429062,153,Naasa Securities Co. Ltd.,Online Securities Pvt. Ltd.,2026-04-15 13:14:20.399157,Butwal Power Company Limited
2026041504019874,BPCL,38,38,55,716.0,39380.0,2026-04-15,186433182,153,Dipshikha Dhitopatra Karobar Co. Pvt Ltd.,Dipshikha Dhitopatra Karobar Co. Pvt Ltd.,2026-04-15 13:19:12.147828,Butwal Power Company Limited
2026041504019875,BPCL,51,38,993,714.5,709498.5,2026-04-15,186433184,153,Oxford Securities Pvt. Ltd.,Dipshikha Dhitopatra Karobar Co. Pvt Ltd.,2026-04-15 13:19:12.147865,Butwal Power Company Limited
2026041504019876,BPCL,39,38,200,714.4,142880.0,2026-04-15,186433186,153,Sumeru Securities Pvt. Ltd.,Dipshikha Dhitopatra Karobar Co. Pvt Ltd.,2026-04-15 13:19:12.147891,Butwal Power Company Limited
2026041504019877,BPCL,34,38,500,714.3,357150.0,2026-04-15,186433188,153,Vision Securities Pvt. Ltd,Dipshikha Dhitopatra Karobar Co. Pvt Ltd.,2026-04-15 13:19:12.147931,Butwal Power Company Limited
2026041504019878,BPCL,60,38,252,714.0,179928.0,2026-04-15,186433189,153,Nagarik Stock Dealer ,Dipshikha Dhitopatra Karobar Co. Pvt Ltd.,2026-04-15 13:19:12.147953,Butwal Power Company Limited
2026041504019895,BPCL,60,38,248,714.0,177072.0,2026-04-15,186433322,153,Nagarik Stock Dealer ,Dipshikha Dhitopatra Karobar Co. Pvt Ltd.,2026-04-15 13:19:25.683765,Butwal Power Company Limited
2026041504019896,BPCL,45,38,200,714.0,142800.0,2026-04-15,186433324,153,Imperial Securities Company Pvt. Ltd.,Dipshikha Dhitopatra Karobar Co. Pvt Ltd.,2026-04-15 13:19:25.683867,Butwal Power Company Limited
2026041504019897,BPCL,59,38,50,714.0,35700.0,2026-04-15,186433326,153,Deevyaa Securities & Stock House Pvt. Ltd,Dipshikha Dhitopatra Karobar Co. Pvt Ltd.,2026-04-15 13:19:25.683945,Butwal Power Company Limited
2026041504019898,BPCL,39,38,100,713.5,71350.0,2026-04-15,186433328,153,Sumeru Securities Pvt. Ltd.,Dipshikha Dhitopatra Karobar Co. Pvt Ltd.,2026-04-15 13:19:25.684013,Butwal Power Company Limited
2026041504019899,BPCL,62,38,200,713.0,142600.0,2026-04-15,186433330,153,Capital Max Securities Ltd,Dipshikha Dhitopatra Karobar Co. Pvt Ltd.,2026-04-15 13:19:25.684081,Butwal Power Company Limited
2026041504019900,BPCL,39,38,50,713.0,35650.0,2026-04-15,186433332,153,Sumeru Securities Pvt. Ltd.,Dipshikha Dhitopatra Karobar Co. Pvt Ltd.,2026-04-15 13:19:25.684151,Butwal Power Company Limited
2026041504019901,BPCL,62,38,152,712.0,108224.0,2026-04-15,186433333,153,Capital Max Securities Ltd,Dipshikha Dhitopatra Karobar Co. Pvt Ltd.,2026-04-15 13:19:25.684215,Butwal Power Company Limited
2026041504021441,BPCL,58,38,20,713.3,14266.0,2026-04-15,186445200,153,Naasa Securities Co. Ltd.,Dipshikha Dhitopatra Karobar Co. Pvt Ltd.,2026-04-15 13:33:58.937765,Butwal Power Company Limited
2026041504021442,BPCL,91,38,240,713.2,171168.0,2026-04-15,186445202,153,Citizens Share Broker Limited,Dipshikha Dhitopatra Karobar Co. Pvt Ltd.,2026-04-15 13:33:58.937849,Butwal Power Company Limited
2026041504021443,BPCL,39,38,100,713.1,71310.0,2026-04-15,186445204,153,Sumeru Securities Pvt. Ltd.,Dipshikha Dhitopatra Karobar Co. Pvt Ltd.,2026-04-15 13:33:58.937878,Butwal Power Company Limited
2026041504021444,BPCL,90,38,500,713.0,356500.0,2026-04-15,186445206,153,Sajilo Broker Limited,Dipshikha Dhitopatra Karobar Co. Pvt Ltd.,2026-04-15 13:33:58.937912,Butwal Power Company Limited
2026041504021445,BPCL,58,38,20,712.4,14248.0,2026-04-15,186445208,153,Naasa Securities Co. Ltd.,Dipshikha Dhitopatra Karobar Co. Pvt Ltd.,2026-04-15 13:33:58.937940,Butwal Power Company Limited
2026041504021446,BPCL,39,38,120,712.2,85464.0,2026-04-15,186445209,153,Sumeru Securities Pvt. Ltd.,Dipshikha Dhitopatra Karobar Co. Pvt Ltd.,2026-04-15 13:33:58.937966,Butwal Power Company Limited
2026041504021474,BPCL,39,38,80,712.2,56976.0,2026-04-15,186445412,153,Sumeru Securities Pvt. Ltd.,Dipshikha Dhitopatra Karobar Co. Pvt Ltd.,2026-04-15 13:34:16.950658,Butwal Power Company Limited
2026041504021475,BPCL,54,38,420,712.1,299082.0,2026-04-15,186445414,153,Sewa Securities Pvt. Ltd.,Dipshikha Dhitopatra Karobar Co. Pvt Ltd.,2026-04-15 13:34:16.950714,Butwal Power Company Limited
2026041504021476,BPCL,56,38,220,712.0,156640.0,2026-04-15,186445416,153,Sri Hari Securities Pvt. Ltd.,Dipshikha Dhitopatra Karobar Co. Pvt Ltd.,2026-04-15 13:34:16.950749,Butwal Power Company Limited
2026041504021477,BPCL,58,38,200,712.0,142400.0,2026-04-15,186445418,153,Naasa Securities Co. Ltd.,Dipshikha Dhitopatra Karobar Co. Pvt Ltd.,2026-04-15 13:34:16.950796,Butwal Power Company Limited
2026041504021478,BPCL,35,38,10,712.0,7120.0,2026-04-15,186445420,153,Kohinoor Investment & Securities Pvt. Ltd.,Dipshikha Dhitopatra Karobar Co. Pvt Ltd.,2026-04-15 13:34:16.950825,Butwal Power Company Limited
2026041504021479,BPCL,21,38,100,712.0,71200.0,2026-04-15,186445422,153,Midas Stock Broking Company Private Limited,Dipshikha Dhitopatra Karobar Co. Pvt Ltd.,2026-04-15 13:34:16.950850,Butwal Power Company Limited
2026041504021480,BPCL,56,38,10,712.0,7120.0,2026-04-15,186445424,153,Sri Hari Securities Pvt. Ltd.,Dipshikha Dhitopatra Karobar Co. Pvt Ltd.,2026-04-15 13:34:16.950877,Butwal Power Company Limited
2026041504021481,BPCL,56,38,960,712.0,683520.0,2026-04-15,186445425,153,Sri Hari Securities Pvt. Ltd.,Dipshikha Dhitopatra Karobar Co. Pvt Ltd.,2026-04-15 13:34:16.950923,Butwal Power Company Limited
2026041504021796,BPCL,22,38,2000,712.1,1424200.0,2026-04-15,186448129,153,Siprabi Securities Pvt. Ltd.,Dipshikha Dhitopatra Karobar Co. Pvt Ltd.,2026-04-15 13:38:16.214903,Butwal Power Company Limited
2026041504021975,BPCL,56,34,540,712.0,384480.0,2026-04-15,186449316,153,Sri Hari Securities Pvt. Ltd.,Vision Securities Pvt. Ltd,2026-04-15 13:40:10.073294,Butwal Power Company Limited
2026041504022135,BPCL,39,34,100,711.6,71160.0,2026-04-15,186450586,153,Sumeru Securities Pvt. Ltd.,Vision Securities Pvt. Ltd,2026-04-15 13:41:47.677561,Butwal Power Company Limited
2026041504022136,BPCL,45,34,100,711.5,71150.0,2026-04-15,186450588,153,Imperial Securities Company Pvt. Ltd.,Vision Securities Pvt. Ltd,2026-04-15 13:41:47.677772,Butwal Power Company Limited
2026041504022137,BPCL,75,34,50,711.5,35575.0,2026-04-15,186450590,153,N.I.M.B. Stock Markets Limited,Vision Securities Pvt. Ltd,2026-04-15 13:41:47.677844,Butwal Power Company Limited
2026041504022138,BPCL,60,34,100,711.3,71130.0,2026-04-15,186450592,153,Nagarik Stock Dealer ,Vision Securities Pvt. Ltd,2026-04-15 13:41:47.677924,Butwal Power Company Limited
2026041504022139,BPCL,58,34,225,711.1,159997.5,2026-04-15,186450594,153,Naasa Securities Co. Ltd.,Vision Securities Pvt. Ltd,2026-04-15 13:41:47.677992,Butwal Power Company Limited
2026041504022140,BPCL,14,34,200,711.0,142200.0,2026-04-15,186450596,153,Nepal Stock House (PVT) Ltd.,Vision Securities Pvt. Ltd,2026-04-15 13:41:47.678059,Butwal Power Company Limited
2026041504022141,BPCL,62,34,200,711.0,142200.0,2026-04-15,186450598,153,Capital Max Securities Ltd,Vision Securities Pvt. Ltd,2026-04-15 13:41:47.678124,Butwal Power Company Limited
2026041504022142,BPCL,64,34,25,711.0,17775.0,2026-04-15,186450600,153,SUN SECURITIES PVT LTD,Vision Securities Pvt. Ltd,2026-04-15 13:41:47.678191,Butwal Power Company Limited
2026041504022143,BPCL,87,34,20,711.0,14220.0,2026-04-15,186450602,153,S.P.S.A. Securities Limited,Vision Securities Pvt. Ltd,2026-04-15 13:41:47.678255,Butwal Power Company Limited
2026041504022184,BPCL,11,34,200,711.0,142200.0,2026-04-15,186450890,153,Malla & Malla Stock Broking Company Pvt. Limited,Vision Securities Pvt. Ltd,2026-04-15 13:42:22.398780,Butwal Power Company Limited
2026041504022205,BPCL,39,41,15,710.9,10663.5,2026-04-15,186451001,153,Sumeru Securities Pvt. Ltd.,Linch Stock Market Ltd.,2026-04-15 13:42:33.450760,Butwal Power Company Limited
2026041504022206,BPCL,11,34,240,711.0,170640.0,2026-04-15,186451022,153,Malla & Malla Stock Broking Company Pvt. Limited,Vision Securities Pvt. Ltd,2026-04-15 13:42:34.729283,Butwal Power Company Limited
2026041504022771,BPCL,34,45,10,715.8,7158.0,2026-04-15,186455046,153,Vision Securities Pvt. Ltd,Imperial Securities Company Pvt. Ltd.,2026-04-15 13:47:40.964396,Butwal Power Company Limited
2026041504023020,BPCL,77,41,6,716.0,4296.0,2026-04-15,186456879,153,Nabil Stock Dealer Ltd.,Linch Stock Market Ltd.,2026-04-15 13:50:05.957097,Butwal Power Company Limited
2026041504023871,BPCL,77,45,90,715.8,64422.0,2026-04-15,186462033,153,Nabil Stock Dealer Ltd.,Imperial Securities Company Pvt. Ltd.,2026-04-15 13:55:51.739907,Butwal Power Company Limited
2026041504023872,BPCL,77,49,800,715.8,572640.0,2026-04-15,186462035,153,Nabil Stock Dealer Ltd.,Online Securities Pvt. Ltd.,2026-04-15 13:55:51.740121,Butwal Power Company Limited
2026041504023873,BPCL,77,34,910,716.0,651560.0,2026-04-15,186462038,153,Nabil Stock Dealer Ltd.,Vision Securities Pvt. Ltd,2026-04-15 13:55:51.740197,Butwal Power Company Limited
2026041504023921,BPCL,77,34,90,716.0,64440.0,2026-04-15,186462445,153,Nabil Stock Dealer Ltd.,Vision Securities Pvt. Ltd,2026-04-15 13:56:23.653175,Butwal Power Company Limited
2026041504023922,BPCL,77,46,10,717.0,7170.0,2026-04-15,186462448,153,Nabil Stock Dealer Ltd.,Kalika Securities Pvt. Ltd.,2026-04-15 13:56:23.653392,Butwal Power Company Limited
2026041504024094,BPCL,39,44,200,712.0,142400.0,2026-04-15,186463759,153,Sumeru Securities Pvt. Ltd.,Dynamic Money Managers Securities Pvt. Ltd.,2026-04-15 13:58:21.396979,Butwal Power Company Limited
2026041504024240,BPCL,37,6,100,715.0,71500.0,2026-04-15,186464884,153,Swarna Laxmi Securities Pvt. Ltd.,Agrawal Securities (PVT) Ltd.,2026-04-15 14:00:07.884861,Butwal Power Company Limited
2026041504024467,BPCL,44,35,100,716.9,71690.0,2026-04-15,186467130,153,Dynamic Money Managers Securities Pvt. Ltd.,Kohinoor Investment & Securities Pvt. Ltd.,2026-04-15 14:03:51.256035,Butwal Power Company Limited
2026041504025107,BPCL,26,45,280,716.0,200480.0,2026-04-15,186472300,153,Asian Securities Private Ltd.,Imperial Securities Company Pvt. Ltd.,2026-04-15 14:12:25.205345,Butwal Power Company Limited
2026041504025112,BPCL,7,35,20,716.9,14338.0,2026-04-15,186472382,153,J.F. Securites (PVT) Ltd.,Kohinoor Investment & Securities Pvt. Ltd.,2026-04-15 14:12:32.831748,Butwal Power Company Limited
2026041504025811,BPCL,39,7,30,715.0,21450.0,2026-04-15,186476935,153,Sumeru Securities Pvt. Ltd.,J.F. Securites (PVT) Ltd.,2026-04-15 14:18:58.911164,Butwal Power Company Limited
2026041504025931,BPCL,50,35,80,716.9,57352.0,2026-04-15,186477653,153,Cristal Kanchanjanga Securites Pvt. Ltd.,Kohinoor Investment & Securities Pvt. Ltd.,2026-04-15 14:19:49.478879,Butwal Power Company Limited
2026041504025932,BPCL,50,6,100,716.9,71690.0,2026-04-15,186477656,153,Cristal Kanchanjanga Securites Pvt. Ltd.,Agrawal Securities (PVT) Ltd.,2026-04-15 14:19:49.479256,Butwal Power Company Limited
2026041504026004,BPCL,54,46,38,717.0,27246.0,2026-04-15,186478103,153,Sewa Securities Pvt. Ltd.,Kalika Securities Pvt. Ltd.,2026-04-15 14:20:16.231542,Butwal Power Company Limited
2026041504026005,BPCL,54,94,22,717.0,15774.0,2026-04-15,186478106,153,Sewa Securities Pvt. Ltd.,K.B.L. Securities Limited ,2026-04-15 14:20:16.231735,Butwal Power Company Limited
2026041504026643,BPCL,39,38,250,716.0,179000.0,2026-04-15,186482332,153,Sumeru Securities Pvt. Ltd.,Dipshikha Dhitopatra Karobar Co. Pvt Ltd.,2026-04-15 14:24:14.331371,Butwal Power Company Limited
2026041504026644,BPCL,78,38,500,715.1,357550.0,2026-04-15,186482334,153,Garima Securities Limited,Dipshikha Dhitopatra Karobar Co. Pvt Ltd.,2026-04-15 14:24:14.331740,Butwal Power Company Limited
2026041504026645,BPCL,50,38,100,715.1,71510.0,2026-04-15,186482336,153,Cristal Kanchanjanga Securites Pvt. Ltd.,Dipshikha Dhitopatra Karobar Co. Pvt Ltd.,2026-04-15 14:24:14.331993,Butwal Power Company Limited
2026041504026646,BPCL,6,38,50,715.0,35750.0,2026-04-15,186482338,153,Agrawal Securities (PVT) Ltd.,Dipshikha Dhitopatra Karobar Co. Pvt Ltd.,2026-04-15 14:24:14.332245,Butwal Power Company Limited
2026041504026807,BPCL,45,32,15,714.1,10711.5,2026-04-15,186483168,153,Imperial Securities Company Pvt. Ltd.,Premier Securities Company Ltd.,2026-04-15 14:24:57.400051,Butwal Power Company Limited
2026041504026808,BPCL,64,32,200,714.0,142800.0,2026-04-15,186483170,153,SUN SECURITIES PVT LTD,Premier Securities Company Ltd.,2026-04-15 14:24:57.400235,Butwal Power Company Limited
2026041504026876,BPCL,37,32,65,713.0,46345.0,2026-04-15,186483699,153,Swarna Laxmi Securities Pvt. Ltd.,Premier Securities Company Ltd.,2026-04-15 14:25:23.154203,Butwal Power Company Limited
2026041504027952,BPCL,37,34,235,713.0,167555.0,2026-04-15,186490708,153,Swarna Laxmi Securities Pvt. Ltd.,Vision Securities Pvt. Ltd,2026-04-15 14:31:26.148414,Butwal Power Company Limited
2026041504027953,BPCL,77,34,100,712.1,71210.0,2026-04-15,186490710,153,Nabil Stock Dealer Ltd.,Vision Securities Pvt. Ltd,2026-04-15 14:31:26.148788,Butwal Power Company Limited
2026041504027954,BPCL,50,34,1500,712.1,1068150.0,2026-04-15,186490712,153,Cristal Kanchanjanga Securites Pvt. Ltd.,Vision Securities Pvt. Ltd,2026-04-15 14:31:26.149017,Butwal Power Company Limited
2026041504027955,BPCL,82,34,1000,712.0,712000.0,2026-04-15,186490714,153,N.M.B. SECURITIES LIMITED,Vision Securities Pvt. Ltd,2026-04-15 14:31:26.149243,Butwal Power Company Limited
2026041504027956,BPCL,58,34,1510,712.0,1075120.0,2026-04-15,186490716,153,Naasa Securities Co. Ltd.,Vision Securities Pvt. Ltd,2026-04-15 14:31:26.149478,Butwal Power Company Limited
2026041504027957,BPCL,45,34,150,712.0,106800.0,2026-04-15,186490718,153,Imperial Securities Company Pvt. Ltd.,Vision Securities Pvt. Ltd,2026-04-15 14:31:26.149698,Butwal Power Company Limited
2026041504028487,BPCL,91,34,505,713.0,360065.0,2026-04-15,186494481,153,Citizens Share Broker Limited,Vision Securities Pvt. Ltd,2026-04-15 14:34:53.537621,Butwal Power Company Limited
2026041504028495,BPCL,91,11,20,713.0,14260.0,2026-04-15,186494571,153,Citizens Share Broker Limited,Malla & Malla Stock Broking Company Pvt. Limited,2026-04-15 14:35:00.013187,Butwal Power Company Limited
2026041504028989,BPCL,91,59,150,711.9,106785.0,2026-04-15,186498179,153,Citizens Share Broker Limited,Deevyaa Securities & Stock House Pvt. Ltd,2026-04-15 14:38:33.557506,Butwal Power Company Limited
2026041504029225,BPCL,32,32,10,714.0,7140.0,2026-04-15,186499898,153,Premier Securities Company Ltd.,Premier Securities Company Ltd.,2026-04-15 14:40:28.196595,Butwal Power Company Limited
2026041504029487,BPCL,64,32,275,714.0,196350.0,2026-04-15,186501889,153,SUN SECURITIES PVT LTD,Premier Securities Company Ltd.,2026-04-15 14:42:36.696770,Butwal Power Company Limited
2026041504029488,BPCL,64,11,20,714.0,14280.0,2026-04-15,186501891,153,SUN SECURITIES PVT LTD,Malla & Malla Stock Broking Company Pvt. Limited,2026-04-15 14:42:36.696836,Butwal Power Company Limited
2026041504029489,BPCL,64,38,100,715.0,71500.0,2026-04-15,186501893,153,SUN SECURITIES PVT LTD,Dipshikha Dhitopatra Karobar Co. Pvt Ltd.,2026-04-15 14:42:36.696864,Butwal Power Company Limited
2026041504029490,BPCL,64,11,20,715.0,14300.0,2026-04-15,186501895,153,SUN SECURITIES PVT LTD,Malla & Malla Stock Broking Company Pvt. Limited,2026-04-15 14:42:36.696892,Butwal Power Company Limited
2026041504029491,BPCL,64,34,200,715.0,143000.0,2026-04-15,186501897,153,SUN SECURITIES PVT LTD,Vision Securities Pvt. Ltd,2026-04-15 14:42:36.696919,Butwal Power Company Limited
2026041504029492,BPCL,64,38,200,716.9,143380.0,2026-04-15,186501899,153,SUN SECURITIES PVT LTD,Dipshikha Dhitopatra Karobar Co. Pvt Ltd.,2026-04-15 14:42:36.696942,Butwal Power Company Limited
2026041504029493,BPCL,64,38,110,716.9,78859.0,2026-04-15,186501901,153,SUN SECURITIES PVT LTD,Dipshikha Dhitopatra Karobar Co. Pvt Ltd.,2026-04-15 14:42:36.696981,Butwal Power Company Limited
2026041504029494,BPCL,64,94,887,717.0,635979.0,2026-04-15,186501903,153,SUN SECURITIES PVT LTD,K.B.L. Securities Limited ,2026-04-15 14:42:36.697010,Butwal Power Company Limited
2026041504029495,BPCL,64,40,50,717.0,35850.0,2026-04-15,186501905,153,SUN SECURITIES PVT LTD,Creative Securities Pvt Ltd,2026-04-15 14:42:36.697033,Butwal Power Company Limited
2026041504029496,BPCL,64,66,1000,717.0,717000.0,2026-04-15,186501907,153,SUN SECURITIES PVT LTD,Miyo Securities Pvt Ltd,2026-04-15 14:42:36.697059,Butwal Power Company Limited
2026041504029497,BPCL,64,42,138,717.0,98946.0,2026-04-15,186501910,153,SUN SECURITIES PVT LTD,Sani Securities Company Ltd.,2026-04-15 14:42:36.697084,Butwal Power Company Limited
2026041504030547,BPCL,38,33,100,716.0,71600.0,2026-04-15,186510053,153,Dipshikha Dhitopatra Karobar Co. Pvt Ltd.,Dakshinkali Investment & Securities Pvt. Ltd.,2026-04-15 14:49:26.985912,Butwal Power Company Limited
2026041504030606,BPCL,38,45,39,716.0,27924.0,2026-04-15,186510446,153,Dipshikha Dhitopatra Karobar Co. Pvt Ltd.,Imperial Securities Company Pvt. Ltd.,2026-04-15 14:49:47.320497,Butwal Power Company Limited
2026041504030796,BPCL,32,45,80,716.0,57280.0,2026-04-15,186512787,153,Premier Securities Company Ltd.,Imperial Securities Company Pvt. Ltd.,2026-04-15 14:51:06.505979,Butwal Power Company Limited
2026041504030797,BPCL,32,38,10,716.9,7169.0,2026-04-15,186512790,153,Premier Securities Company Ltd.,Dipshikha Dhitopatra Karobar Co. Pvt Ltd.,2026-04-15 14:51:06.506036,Butwal Power Company Limited
2026041504031973,BPCL,47,94,20,714.2,14284.0,2026-04-15,186521144,153,Neev Securities Pvt. Ltd.,K.B.L. Securities Limited ,2026-04-15 14:56:43.381566,Butwal Power Company Limited
2026041504031974,BPCL,78,94,500,714.1,357050.0,2026-04-15,186521146,153,Garima Securities Limited,K.B.L. Securities Limited ,2026-04-15 14:56:43.381885,Butwal Power Company Limited
2026041504031975,BPCL,70,94,200,713.0,142600.0,2026-04-15,186521148,153,Infinity Securities Limited,K.B.L. Securities Limited ,2026-04-15 14:56:43.382112,Butwal Power Company Limited
2026041504031976,BPCL,38,94,200,712.1,142420.0,2026-04-15,186521150,153,Dipshikha Dhitopatra Karobar Co. Pvt Ltd.,K.B.L. Securities Limited ,2026-04-15 14:56:43.382351,Butwal Power Company Limited
2026041504031977,BPCL,78,94,500,712.0,356000.0,2026-04-15,186521152,153,Garima Securities Limited,K.B.L. Securities Limited ,2026-04-15 14:56:43.382587,Butwal Power Company Limited
2026041504031978,BPCL,58,94,255,712.0,181560.0,2026-04-15,186521154,153,Naasa Securities Co. Ltd.,K.B.L. Securities Limited ,2026-04-15 14:56:43.382801,Butwal Power Company Limited
2026041504031979,BPCL,57,94,25,712.0,17800.0,2026-04-15,186521156,153,Aryatara Investment & Securities,K.B.L. Securities Limited ,2026-04-15 14:56:43.383017,Butwal Power Company Limited
2026041504031980,BPCL,91,94,300,711.9,213570.0,2026-04-15,186521157,153,Citizens Share Broker Limited,K.B.L. Securities Limited ,2026-04-15 14:56:43.383229,Butwal Power Company Limited
2026041504032044,BPCL,91,94,25,711.9,17797.5,2026-04-15,186521550,153,Citizens Share Broker Limited,K.B.L. Securities Limited ,2026-04-15 14:56:56.626745,Butwal Power Company Limited
2026041504032045,BPCL,38,94,50,711.8,35590.0,2026-04-15,186521552,153,Dipshikha Dhitopatra Karobar Co. Pvt Ltd.,K.B.L. Securities Limited ,2026-04-15 14:56:56.627140,Butwal Power Company Limited
2026041504032046,BPCL,50,94,1000,711.7,711700.0,2026-04-15,186521554,153,Cristal Kanchanjanga Securites Pvt. Ltd.,K.B.L. Securities Limited ,2026-04-15 14:56:56.627397,Butwal Power Company Limited
2026041504032047,BPCL,39,94,100,711.6,71160.0,2026-04-15,186521556,153,Sumeru Securities Pvt. Ltd.,K.B.L. Securities Limited ,2026-04-15 14:56:56.627637,Butwal Power Company Limited
2026041504032048,BPCL,64,94,825,711.6,587070.0,2026-04-15,186521557,153,SUN SECURITIES PVT LTD,K.B.L. Securities Limited ,2026-04-15 14:56:56.627864,Butwal Power Company Limited
2026041504032425,BPCL,64,49,28,711.6,19924.8,2026-04-15,186523561,153,SUN SECURITIES PVT LTD,Online Securities Pvt. Ltd.,2026-04-15 14:57:53.662956,Butwal Power Company Limited
2026041504032587,BPCL,34,49,10,714.9,7149.0,2026-04-15,186524598,153,Vision Securities Pvt. Ltd,Online Securities Pvt. Ltd.,2026-04-15 14:58:22.850516,Butwal Power Company Limited
2026041504032602,BPCL,53,44,335,711.9,238486.5,2026-04-15,186524747,153,Investment Management Nepal Pvt. Ltd.,Dynamic Money Managers Securities Pvt. Ltd.,2026-04-15 14:58:27.515593,Butwal Power Company Limited
2026041504032937,BPCL,64,26,147,711.6,104605.2,2026-04-15,186526950,153,SUN SECURITIES PVT LTD,Asian Securities Private Ltd.,2026-04-15 14:59:14.791985,Butwal Power Company Limited
2026041504032938,BPCL,45,26,250,711.5,177875.0,2026-04-15,186526952,153,Imperial Securities Company Pvt. Ltd.,Asian Securities Private Ltd.,2026-04-15 14:59:14.792169,Butwal Power Company Limited
2026041504032939,BPCL,51,26,10,711.5,7115.0,2026-04-15,186526954,153,Oxford Securities Pvt. Ltd.,Asian Securities Private Ltd.,2026-04-15 14:59:14.792246,Butwal Power Company Limited
2026041504032940,BPCL,41,26,50,711.5,35575.0,2026-04-15,186526956,153,Linch Stock Market Ltd.,Asian Securities Private Ltd.,2026-04-15 14:59:14.792325,Butwal Power Company Limited
2026041504032941,BPCL,58,26,50,711.5,35575.0,2026-04-15,186526958,153,Naasa Securities Co. Ltd.,Asian Securities Private Ltd.,2026-04-15 14:59:14.792398,Butwal Power Company Limited
2026041504032942,BPCL,49,26,50,711.1,35555.0,2026-04-15,186526960,153,Online Securities Pvt. Ltd.,Asian Securities Private Ltd.,2026-04-15 14:59:14.792481,Butwal Power Company Limited
2026041504032943,BPCL,39,26,200,711.0,142200.0,2026-04-15,186526962,153,Sumeru Securities Pvt. Ltd.,Asian Securities Private Ltd.,2026-04-15 14:59:14.792555,Butwal Power Company Limited
2026041504032944,BPCL,75,26,50,711.0,35550.0,2026-04-15,186526964,153,N.I.M.B. Stock Markets Limited,Asian Securities Private Ltd.,2026-04-15 14:59:14.792641,Butwal Power Company Limited
2026041504032945,BPCL,64,26,393,711.0,279423.0,2026-04-15,186526965,153,SUN SECURITIES PVT LTD,Asian Securities Private Ltd.,2026-04-15 14:59:14.792709,Butwal Power Company Limited
