contractId,stockSymbol,buyerMemberId,sellerMemberId,quantity,rate,amount,businessDate,tradeBookId,stockId,buyerBrokerName,sellerBrokerName,transaction_time,securityName
2026041504000557,CHCL,49,44,90,495.1,44559.0,2026-04-15,186289924,154,Online Securities Pvt. Ltd.,Dynamic Money Managers Securities Pvt. Ltd.,2026-04-15 11:05:35.006961,Chilime Hydropower Company Limited
2026041504000558,CHCL,21,44,10,495.0,4950.0,2026-04-15,186289926,154,Midas Stock Broking Company Private Limited,Dynamic Money Managers Securities Pvt. Ltd.,2026-04-15 11:05:35.007032,Chilime Hydropower Company Limited
2026041504000559,CHCL,7,44,20,495.0,9900.0,2026-04-15,186289928,154,J.F. Securites (PVT) Ltd.,Dynamic Money Managers Securities Pvt. Ltd.,2026-04-15 11:05:35.007066,Chilime Hydropower Company Limited
2026041504000560,CHCL,58,44,10,492.0,4920.0,2026-04-15,186289930,154,Naasa Securities Co. Ltd.,Dynamic Money Managers Securities Pvt. Ltd.,2026-04-15 11:05:35.007112,Chilime Hydropower Company Limited
2026041504000561,CHCL,89,44,70,492.0,34440.0,2026-04-15,186289932,154,Global IME Securities Limited,Dynamic Money Managers Securities Pvt. Ltd.,2026-04-15 11:05:35.007147,Chilime Hydropower Company Limited
2026041504000562,CHCL,1,44,20,492.0,9840.0,2026-04-15,186289933,154,Kumari Securities Private Limited,Dynamic Money Managers Securities Pvt. Ltd.,2026-04-15 11:05:35.007183,Chilime Hydropower Company Limited
2026041504000992,CHCL,94,42,10,495.4,4954.0,2026-04-15,186292900,154,K.B.L. Securities Limited ,Sani Securities Company Ltd.,2026-04-15 11:09:03.129265,Chilime Hydropower Company Limited
2026041504001015,CHCL,89,42,10,495.4,4954.0,2026-04-15,186293120,154,Global IME Securities Limited,Sani Securities Company Ltd.,2026-04-15 11:09:18.103142,Chilime Hydropower Company Limited
2026041504001214,CHCL,69,42,11,495.4,5449.4,2026-04-15,186294547,154,INDEX SECURITIES LIMITED,Sani Securities Company Ltd.,2026-04-15 11:10:46.406522,Chilime Hydropower Company Limited
2026041504001215,CHCL,69,41,143,498.0,71214.0,2026-04-15,186294549,154,INDEX SECURITIES LIMITED,Linch Stock Market Ltd.,2026-04-15 11:10:46.406669,Chilime Hydropower Company Limited
2026041504001216,CHCL,69,6,10,499.0,4990.0,2026-04-15,186294552,154,INDEX SECURITIES LIMITED,Agrawal Securities (PVT) Ltd.,2026-04-15 11:10:46.406779,Chilime Hydropower Company Limited
2026041504001701,CHCL,42,16,20,498.9,9978.0,2026-04-15,186297828,154,Sani Securities Company Ltd.,Primo Securities (PVT) Ltd.,2026-04-15 11:14:44.405748,Chilime Hydropower Company Limited
2026041504001799,CHCL,72,57,11,493.1,5424.1,2026-04-15,186298455,154,Hatemalo Financial Services Private Limited,Aryatara Investment & Securities,2026-04-15 11:15:35.543991,Chilime Hydropower Company Limited
2026041504001827,CHCL,32,6,100,498.8,49880.0,2026-04-15,186298574,154,Premier Securities Company Ltd.,Agrawal Securities (PVT) Ltd.,2026-04-15 11:15:45.606258,Chilime Hydropower Company Limited
2026041504002954,CHCL,77,40,10,497.0,4970.0,2026-04-15,186307452,154,Nabil Stock Dealer Ltd.,Creative Securities Pvt Ltd,2026-04-15 11:25:22.623774,Chilime Hydropower Company Limited
2026041504003221,CHCL,42,40,20,497.0,9940.0,2026-04-15,186310150,154,Sani Securities Company Ltd.,Creative Securities Pvt Ltd,2026-04-15 11:28:00.018476,Chilime Hydropower Company Limited
2026041504003972,CHCL,38,57,100,495.9,49590.0,2026-04-15,186316557,154,Dipshikha Dhitopatra Karobar Co. Pvt Ltd.,Aryatara Investment & Securities,2026-04-15 11:34:30.870902,Chilime Hydropower Company Limited
2026041504004236,CHCL,39,57,28,494.1,13834.8,2026-04-15,186318351,154,Sumeru Securities Pvt. Ltd.,Aryatara Investment & Securities,2026-04-15 11:36:16.321816,Chilime Hydropower Company Limited
2026041504004310,CHCL,33,40,20,497.0,9940.0,2026-04-15,186319060,154,Dakshinkali Investment & Securities Pvt. Ltd.,Creative Securities Pvt Ltd,2026-04-15 11:36:54.389744,Chilime Hydropower Company Limited
2026041504004497,CHCL,39,5,19,494.1,9387.9,2026-04-15,186320425,154,Sumeru Securities Pvt. Ltd.,Market Securities & Exchange (PVT) Ltd.,2026-04-15 11:38:34.980723,Chilime Hydropower Company Limited
2026041504004746,CHCL,42,25,10,494.0,4940.0,2026-04-15,186322314,154,Sani Securities Company Ltd.,Sweta Securities Private Limited,2026-04-15 11:40:35.563941,Chilime Hydropower Company Limited
2026041504004747,CHCL,72,25,47,493.1,23175.7,2026-04-15,186322315,154,Hatemalo Financial Services Private Limited,Sweta Securities Private Limited,2026-04-15 11:40:35.564220,Chilime Hydropower Company Limited
2026041504004928,CHCL,72,69,42,493.1,20710.2,2026-04-15,186323986,154,Hatemalo Financial Services Private Limited,INDEX SECURITIES LIMITED,2026-04-15 11:42:11.635248,Chilime Hydropower Company Limited
2026041504004929,CHCL,49,69,208,493.0,102544.0,2026-04-15,186323987,154,Online Securities Pvt. Ltd.,INDEX SECURITIES LIMITED,2026-04-15 11:42:11.635508,Chilime Hydropower Company Limited
2026041504004990,CHCL,42,42,18,497.0,8946.0,2026-04-15,186324428,154,Sani Securities Company Ltd.,Sani Securities Company Ltd.,2026-04-15 11:42:48.323493,Chilime Hydropower Company Limited
2026041504005525,CHCL,32,42,250,497.0,124250.0,2026-04-15,186328259,154,Premier Securities Company Ltd.,Sani Securities Company Ltd.,2026-04-15 11:46:35.150914,Chilime Hydropower Company Limited
2026041504005526,CHCL,32,47,100,497.7,49770.0,2026-04-15,186328261,154,Premier Securities Company Ltd.,Neev Securities Pvt. Ltd.,2026-04-15 11:46:35.151187,Chilime Hydropower Company Limited
2026041504005527,CHCL,32,7,500,497.9,248950.0,2026-04-15,186328263,154,Premier Securities Company Ltd.,J.F. Securites (PVT) Ltd.,2026-04-15 11:46:35.151369,Chilime Hydropower Company Limited
2026041504005528,CHCL,32,81,150,498.0,74700.0,2026-04-15,186328266,154,Premier Securities Company Ltd.,Aakashbhairab Securities Ltd.,2026-04-15 11:46:35.151557,Chilime Hydropower Company Limited
2026041504005954,CHCL,42,58,88,497.1,43744.8,2026-04-15,186331033,154,Sani Securities Company Ltd.,Naasa Securities Co. Ltd.,2026-04-15 11:49:11.046668,Chilime Hydropower Company Limited
2026041504006191,CHCL,42,69,62,497.1,30820.2,2026-04-15,186333102,154,Sani Securities Company Ltd.,INDEX SECURITIES LIMITED,2026-04-15 11:50:22.980853,Chilime Hydropower Company Limited
2026041504007421,CHCL,58,69,20,497.0,9940.0,2026-04-15,186343140,154,Naasa Securities Co. Ltd.,INDEX SECURITIES LIMITED,2026-04-15 11:57:11.052236,Chilime Hydropower Company Limited
2026041504008180,CHCL,42,69,18,497.0,8946.0,2026-04-15,186348477,154,Sani Securities Company Ltd.,INDEX SECURITIES LIMITED,2026-04-15 12:01:12.031542,Chilime Hydropower Company Limited
2026041504008507,CHCL,42,19,82,497.8,40819.6,2026-04-15,186350050,154,Sani Securities Company Ltd.,Nepal Investment And Securities Trading Private Limited,2026-04-15 12:02:33.594084,Chilime Hydropower Company Limited
2026041504008865,CHCL,38,58,1,495.4,495.4,2026-04-15,186352273,154,Dipshikha Dhitopatra Karobar Co. Pvt Ltd.,Naasa Securities Co. Ltd.,2026-04-15 12:04:21.678030,Chilime Hydropower Company Limited
2026041504009916,CHCL,36,81,50,497.6,24880.0,2026-04-15,186358524,154,Secured Securities Ltd.,Aakashbhairab Securities Ltd.,2026-04-15 12:10:45.636946,Chilime Hydropower Company Limited
2026041504010676,CHCL,17,81,40,497.6,19904.0,2026-04-15,186363771,154,ABC Securities Private Limited,Aakashbhairab Securities Ltd.,2026-04-15 12:15:27.770146,Chilime Hydropower Company Limited
2026041504010677,CHCL,17,58,40,497.6,19904.0,2026-04-15,186363773,154,ABC Securities Private Limited,Naasa Securities Co. Ltd.,2026-04-15 12:15:27.770209,Chilime Hydropower Company Limited
2026041504010678,CHCL,17,19,18,497.8,8960.4,2026-04-15,186363775,154,ABC Securities Private Limited,Nepal Investment And Securities Trading Private Limited,2026-04-15 12:15:27.770234,Chilime Hydropower Company Limited
2026041504010679,CHCL,17,51,500,497.8,248900.0,2026-04-15,186363777,154,ABC Securities Private Limited,Oxford Securities Pvt. Ltd.,2026-04-15 12:15:27.770258,Chilime Hydropower Company Limited
2026041504010680,CHCL,17,6,463,497.9,230527.7,2026-04-15,186363779,154,ABC Securities Private Limited,Agrawal Securities (PVT) Ltd.,2026-04-15 12:15:27.770285,Chilime Hydropower Company Limited
2026041504010681,CHCL,17,49,939,498.0,467622.0,2026-04-15,186363782,154,ABC Securities Private Limited,Online Securities Pvt. Ltd.,2026-04-15 12:15:27.770328,Chilime Hydropower Company Limited
2026041504010903,CHCL,36,49,32,498.0,15936.0,2026-04-15,186366848,154,Secured Securities Ltd.,Online Securities Pvt. Ltd.,2026-04-15 12:16:51.919080,Chilime Hydropower Company Limited
2026041504011016,CHCL,47,49,25,498.0,12450.0,2026-04-15,186368237,154,Neev Securities Pvt. Ltd.,Online Securities Pvt. Ltd.,2026-04-15 12:17:32.615143,Chilime Hydropower Company Limited
2026041504011017,CHCL,47,7,10,498.0,4980.0,2026-04-15,186368239,154,Neev Securities Pvt. Ltd.,J.F. Securites (PVT) Ltd.,2026-04-15 12:17:32.615345,Chilime Hydropower Company Limited
2026041504011018,CHCL,47,26,65,498.0,32370.0,2026-04-15,186368242,154,Neev Securities Pvt. Ltd.,Asian Securities Private Ltd.,2026-04-15 12:17:32.615457,Chilime Hydropower Company Limited
2026041504011354,CHCL,58,26,159,498.0,79182.0,2026-04-15,186371075,154,Naasa Securities Co. Ltd.,Asian Securities Private Ltd.,2026-04-15 12:19:28.215346,Chilime Hydropower Company Limited
2026041504011355,CHCL,58,42,20,498.0,9960.0,2026-04-15,186371077,154,Naasa Securities Co. Ltd.,Sani Securities Company Ltd.,2026-04-15 12:19:28.215601,Chilime Hydropower Company Limited
2026041504011356,CHCL,58,37,110,498.0,54780.0,2026-04-15,186371079,154,Naasa Securities Co. Ltd.,Swarna Laxmi Securities Pvt. Ltd.,2026-04-15 12:19:28.215782,Chilime Hydropower Company Limited
2026041504011612,CHCL,58,40,11,498.0,5478.0,2026-04-15,186372629,154,Naasa Securities Co. Ltd.,Creative Securities Pvt Ltd,2026-04-15 12:20:48.272129,Chilime Hydropower Company Limited
2026041504011657,CHCL,58,25,265,498.0,131970.0,2026-04-15,186373020,154,Naasa Securities Co. Ltd.,Sweta Securities Private Limited,2026-04-15 12:21:07.134059,Chilime Hydropower Company Limited
2026041504011846,CHCL,58,25,50,498.0,24900.0,2026-04-15,186374102,154,Naasa Securities Co. Ltd.,Sweta Securities Private Limited,2026-04-15 12:21:53.430151,Chilime Hydropower Company Limited
2026041504012721,CHCL,38,49,10,497.0,4970.0,2026-04-15,186380485,154,Dipshikha Dhitopatra Karobar Co. Pvt Ltd.,Online Securities Pvt. Ltd.,2026-04-15 12:26:45.343436,Chilime Hydropower Company Limited
2026041504013176,CHCL,58,25,10,498.0,4980.0,2026-04-15,186382936,154,Naasa Securities Co. Ltd.,Sweta Securities Private Limited,2026-04-15 12:28:55.217870,Chilime Hydropower Company Limited
2026041504013884,CHCL,51,58,240,497.8,119472.0,2026-04-15,186387801,154,Oxford Securities Pvt. Ltd.,Naasa Securities Co. Ltd.,2026-04-15 12:33:14.608911,Chilime Hydropower Company Limited
2026041504013885,CHCL,51,66,500,497.9,248950.0,2026-04-15,186387803,154,Oxford Securities Pvt. Ltd.,Miyo Securities Pvt Ltd,2026-04-15 12:33:14.609075,Chilime Hydropower Company Limited
2026041504013886,CHCL,51,66,260,497.9,129454.0,2026-04-15,186387806,154,Oxford Securities Pvt. Ltd.,Miyo Securities Pvt Ltd,2026-04-15 12:33:14.609144,Chilime Hydropower Company Limited
2026041504014031,CHCL,66,66,235,497.9,117006.5,2026-04-15,186388659,154,Miyo Securities Pvt Ltd,Miyo Securities Pvt Ltd,2026-04-15 12:33:57.306815,Chilime Hydropower Company Limited
2026041504014147,CHCL,51,25,10,498.0,4980.0,2026-04-15,186389658,154,Oxford Securities Pvt. Ltd.,Sweta Securities Private Limited,2026-04-15 12:34:36.771080,Chilime Hydropower Company Limited
2026041504014532,CHCL,58,25,20,498.0,9960.0,2026-04-15,186392912,154,Naasa Securities Co. Ltd.,Sweta Securities Private Limited,2026-04-15 12:37:13.311209,Chilime Hydropower Company Limited
2026041504014574,CHCL,58,25,580,498.0,288840.0,2026-04-15,186393512,154,Naasa Securities Co. Ltd.,Sweta Securities Private Limited,2026-04-15 12:37:45.665458,Chilime Hydropower Company Limited
2026041504014732,CHCL,51,57,25,497.1,12427.5,2026-04-15,186394817,154,Oxford Securities Pvt. Ltd.,Aryatara Investment & Securities,2026-04-15 12:38:58.339595,Chilime Hydropower Company Limited
2026041504014992,CHCL,51,1,200,497.1,99420.0,2026-04-15,186397219,154,Oxford Securities Pvt. Ltd.,Kumari Securities Private Limited,2026-04-15 12:41:17.333830,Chilime Hydropower Company Limited
2026041504015449,CHCL,54,32,7,494.0,3458.0,2026-04-15,186400875,154,Sewa Securities Pvt. Ltd.,Premier Securities Company Ltd.,2026-04-15 12:44:50.595546,Chilime Hydropower Company Limited
2026041504015843,CHCL,51,40,20,497.1,9942.0,2026-04-15,186404123,154,Oxford Securities Pvt. Ltd.,Creative Securities Pvt Ltd,2026-04-15 12:48:11.973117,Chilime Hydropower Company Limited
2026041504015897,CHCL,17,25,65,498.0,32370.0,2026-04-15,186404455,154,ABC Securities Private Limited,Sweta Securities Private Limited,2026-04-15 12:48:37.847588,Chilime Hydropower Company Limited
2026041504015898,CHCL,17,16,30,498.9,14967.0,2026-04-15,186404457,154,ABC Securities Private Limited,Primo Securities (PVT) Ltd.,2026-04-15 12:48:37.847910,Chilime Hydropower Company Limited
2026041504015899,CHCL,17,49,226,498.9,112751.4,2026-04-15,186404459,154,ABC Securities Private Limited,Online Securities Pvt. Ltd.,2026-04-15 12:48:37.848122,Chilime Hydropower Company Limited
2026041504015900,CHCL,17,36,300,499.0,149700.0,2026-04-15,186404461,154,ABC Securities Private Limited,Secured Securities Ltd.,2026-04-15 12:48:37.848428,Chilime Hydropower Company Limited
2026041504015901,CHCL,17,49,35,499.0,17465.0,2026-04-15,186404463,154,ABC Securities Private Limited,Online Securities Pvt. Ltd.,2026-04-15 12:48:37.848629,Chilime Hydropower Company Limited
2026041504015902,CHCL,17,7,500,499.9,249950.0,2026-04-15,186404465,154,ABC Securities Private Limited,J.F. Securites (PVT) Ltd.,2026-04-15 12:48:37.848846,Chilime Hydropower Company Limited
2026041504015903,CHCL,17,34,100,500.0,50000.0,2026-04-15,186404467,154,ABC Securities Private Limited,Vision Securities Pvt. Ltd,2026-04-15 12:48:37.849043,Chilime Hydropower Company Limited
2026041504015904,CHCL,17,42,10,500.0,5000.0,2026-04-15,186404469,154,ABC Securities Private Limited,Sani Securities Company Ltd.,2026-04-15 12:48:37.849299,Chilime Hydropower Company Limited
2026041504015905,CHCL,17,16,10,500.0,5000.0,2026-04-15,186404471,154,ABC Securities Private Limited,Primo Securities (PVT) Ltd.,2026-04-15 12:48:37.849547,Chilime Hydropower Company Limited
2026041504015906,CHCL,17,4,10,500.0,5000.0,2026-04-15,186404473,154,ABC Securities Private Limited,Opal Securities Investment (PVT) Ltd.,2026-04-15 12:48:37.849746,Chilime Hydropower Company Limited
2026041504015907,CHCL,17,60,115,500.0,57500.0,2026-04-15,186404475,154,ABC Securities Private Limited,Nagarik Stock Dealer ,2026-04-15 12:48:37.849988,Chilime Hydropower Company Limited
2026041504015908,CHCL,17,32,125,500.0,62500.0,2026-04-15,186404477,154,ABC Securities Private Limited,Premier Securities Company Ltd.,2026-04-15 12:48:37.850240,Chilime Hydropower Company Limited
2026041504015909,CHCL,17,99,20,500.0,10000.0,2026-04-15,186404479,154,ABC Securities Private Limited,Prabhu Stock Market Limited,2026-04-15 12:48:37.850490,Chilime Hydropower Company Limited
2026041504015910,CHCL,17,59,20,500.0,10000.0,2026-04-15,186404481,154,ABC Securities Private Limited,Deevyaa Securities & Stock House Pvt. Ltd,2026-04-15 12:48:37.850761,Chilime Hydropower Company Limited
2026041504015911,CHCL,17,96,100,500.0,50000.0,2026-04-15,186404483,154,ABC Securities Private Limited,Himalayan Securities Limited,2026-04-15 12:48:37.851002,Chilime Hydropower Company Limited
2026041504015912,CHCL,17,34,30,500.0,15000.0,2026-04-15,186404485,154,ABC Securities Private Limited,Vision Securities Pvt. Ltd,2026-04-15 12:48:37.851227,Chilime Hydropower Company Limited
2026041504015913,CHCL,17,11,70,500.0,35000.0,2026-04-15,186404487,154,ABC Securities Private Limited,Malla & Malla Stock Broking Company Pvt. Limited,2026-04-15 12:48:37.851485,Chilime Hydropower Company Limited
2026041504015914,CHCL,17,4,83,500.0,41500.0,2026-04-15,186404489,154,ABC Securities Private Limited,Opal Securities Investment (PVT) Ltd.,2026-04-15 12:48:37.851686,Chilime Hydropower Company Limited
2026041504015915,CHCL,17,58,450,500.0,225000.0,2026-04-15,186404491,154,ABC Securities Private Limited,Naasa Securities Co. Ltd.,2026-04-15 12:48:37.851956,Chilime Hydropower Company Limited
2026041504015916,CHCL,17,45,1000,500.0,500000.0,2026-04-15,186404493,154,ABC Securities Private Limited,Imperial Securities Company Pvt. Ltd.,2026-04-15 12:48:37.852216,Chilime Hydropower Company Limited
2026041504015917,CHCL,17,49,201,500.0,100500.0,2026-04-15,186404496,154,ABC Securities Private Limited,Online Securities Pvt. Ltd.,2026-04-15 12:48:37.852491,Chilime Hydropower Company Limited
2026041504016326,CHCL,17,49,199,500.0,99500.0,2026-04-15,186407827,154,ABC Securities Private Limited,Online Securities Pvt. Ltd.,2026-04-15 12:52:01.131691,Chilime Hydropower Company Limited
2026041504016327,CHCL,17,77,274,500.0,137000.0,2026-04-15,186407829,154,ABC Securities Private Limited,Nabil Stock Dealer Ltd.,2026-04-15 12:52:01.131873,Chilime Hydropower Company Limited
2026041504016328,CHCL,17,58,1017,500.0,508500.0,2026-04-15,186407832,154,ABC Securities Private Limited,Naasa Securities Co. Ltd.,2026-04-15 12:52:01.131961,Chilime Hydropower Company Limited
2026041504016353,CHCL,51,58,255,500.0,127500.0,2026-04-15,186407976,154,Oxford Securities Pvt. Ltd.,Naasa Securities Co. Ltd.,2026-04-15 12:52:12.200870,Chilime Hydropower Company Limited
2026041504016942,CHCL,34,58,10,500.0,5000.0,2026-04-15,186412268,154,Vision Securities Pvt. Ltd,Naasa Securities Co. Ltd.,2026-04-15 12:56:34.706901,Chilime Hydropower Company Limited
2026041504017028,CHCL,58,14,10,497.1,4971.0,2026-04-15,186412957,154,Naasa Securities Co. Ltd.,Nepal Stock House (PVT) Ltd.,2026-04-15 12:57:11.872879,Chilime Hydropower Company Limited
2026041504017454,CHCL,21,44,30,499.0,14970.0,2026-04-15,186416440,154,Midas Stock Broking Company Private Limited,Dynamic Money Managers Securities Pvt. Ltd.,2026-04-15 13:01:04.926851,Chilime Hydropower Company Limited
2026041504017775,CHCL,44,45,10,497.2,4972.0,2026-04-15,186418271,154,Dynamic Money Managers Securities Pvt. Ltd.,Imperial Securities Company Pvt. Ltd.,2026-04-15 13:03:08.964525,Chilime Hydropower Company Limited
2026041504017794,CHCL,46,44,30,499.0,14970.0,2026-04-15,186418442,154,Kalika Securities Pvt. Ltd.,Dynamic Money Managers Securities Pvt. Ltd.,2026-04-15 13:03:23.316220,Chilime Hydropower Company Limited
2026041504017797,CHCL,29,58,220,500.0,110000.0,2026-04-15,186418475,154,Trisul Securities & Invt. Ltd.,Naasa Securities Co. Ltd.,2026-04-15 13:03:27.374390,Chilime Hydropower Company Limited
2026041504017798,CHCL,29,19,30,500.0,15000.0,2026-04-15,186418478,154,Trisul Securities & Invt. Ltd.,Nepal Investment And Securities Trading Private Limited,2026-04-15 13:03:27.374614,Chilime Hydropower Company Limited
2026041504018044,CHCL,48,19,20,500.0,10000.0,2026-04-15,186420273,154,Trishakti Securities Public Limited,Nepal Investment And Securities Trading Private Limited,2026-04-15 13:05:09.089935,Chilime Hydropower Company Limited
2026041504018045,CHCL,48,19,100,500.0,50000.0,2026-04-15,186420275,154,Trishakti Securities Public Limited,Nepal Investment And Securities Trading Private Limited,2026-04-15 13:05:09.090119,Chilime Hydropower Company Limited
2026041504018046,CHCL,48,40,153,500.0,76500.0,2026-04-15,186420277,154,Trishakti Securities Public Limited,Creative Securities Pvt Ltd,2026-04-15 13:05:09.090197,Chilime Hydropower Company Limited
2026041504018047,CHCL,48,58,27,500.0,13500.0,2026-04-15,186420280,154,Trishakti Securities Public Limited,Naasa Securities Co. Ltd.,2026-04-15 13:05:09.090268,Chilime Hydropower Company Limited
2026041504018213,CHCL,46,58,23,500.0,11500.0,2026-04-15,186421801,154,Kalika Securities Pvt. Ltd.,Naasa Securities Co. Ltd.,2026-04-15 13:06:42.702459,Chilime Hydropower Company Limited
2026041504018214,CHCL,46,58,50,500.0,25000.0,2026-04-15,186421803,154,Kalika Securities Pvt. Ltd.,Naasa Securities Co. Ltd.,2026-04-15 13:06:42.702795,Chilime Hydropower Company Limited
2026041504018215,CHCL,46,91,189,500.0,94500.0,2026-04-15,186421805,154,Kalika Securities Pvt. Ltd.,Citizens Share Broker Limited,2026-04-15 13:06:42.703014,Chilime Hydropower Company Limited
2026041504018216,CHCL,46,38,190,500.0,95000.0,2026-04-15,186421807,154,Kalika Securities Pvt. Ltd.,Dipshikha Dhitopatra Karobar Co. Pvt Ltd.,2026-04-15 13:06:42.703225,Chilime Hydropower Company Limited
2026041504018217,CHCL,46,34,548,500.0,274000.0,2026-04-15,186421810,154,Kalika Securities Pvt. Ltd.,Vision Securities Pvt. Ltd,2026-04-15 13:06:42.703452,Chilime Hydropower Company Limited
2026041504018472,CHCL,1,58,81,498.0,40338.0,2026-04-15,186423557,154,Kumari Securities Private Limited,Naasa Securities Co. Ltd.,2026-04-15 13:08:31.069559,Chilime Hydropower Company Limited
2026041504018478,CHCL,58,34,20,500.0,10000.0,2026-04-15,186423666,154,Naasa Securities Co. Ltd.,Vision Securities Pvt. Ltd,2026-04-15 13:08:36.051439,Chilime Hydropower Company Limited
2026041504018681,CHCL,28,34,20,500.0,10000.0,2026-04-15,186425090,154,Shree Krishna Securities Ltd.,Vision Securities Pvt. Ltd,2026-04-15 13:10:00.971632,Chilime Hydropower Company Limited
2026041504018686,CHCL,1,51,14,498.0,6972.0,2026-04-15,186425115,154,Kumari Securities Private Limited,Oxford Securities Pvt. Ltd.,2026-04-15 13:10:02.710285,Chilime Hydropower Company Limited
2026041504018950,CHCL,17,34,512,500.0,256000.0,2026-04-15,186426921,154,ABC Securities Private Limited,Vision Securities Pvt. Ltd,2026-04-15 13:12:05.856999,Chilime Hydropower Company Limited
2026041504018951,CHCL,17,25,200,500.0,100000.0,2026-04-15,186426923,154,ABC Securities Private Limited,Sweta Securities Private Limited,2026-04-15 13:12:05.857170,Chilime Hydropower Company Limited
2026041504018952,CHCL,17,19,50,500.0,25000.0,2026-04-15,186426925,154,ABC Securities Private Limited,Nepal Investment And Securities Trading Private Limited,2026-04-15 13:12:05.857247,Chilime Hydropower Company Limited
2026041504018953,CHCL,17,47,410,500.0,205000.0,2026-04-15,186426927,154,ABC Securities Private Limited,Neev Securities Pvt. Ltd.,2026-04-15 13:12:05.857332,Chilime Hydropower Company Limited
2026041504019154,CHCL,13,19,11,499.1,5490.1,2026-04-15,186427959,154,Thrive Brokerage House Pvt. Ltd,Nepal Investment And Securities Trading Private Limited,2026-04-15 13:13:08.038595,Chilime Hydropower Company Limited
2026041504019229,CHCL,17,1,50,500.0,25000.0,2026-04-15,186428613,154,ABC Securities Private Limited,Kumari Securities Private Limited,2026-04-15 13:13:47.550355,Chilime Hydropower Company Limited
2026041504019230,CHCL,17,48,13,500.0,6500.0,2026-04-15,186428615,154,ABC Securities Private Limited,Trishakti Securities Public Limited,2026-04-15 13:13:47.550718,Chilime Hydropower Company Limited
2026041504019383,CHCL,17,19,65,500.0,32500.0,2026-04-15,186429705,154,ABC Securities Private Limited,Nepal Investment And Securities Trading Private Limited,2026-04-15 13:15:06.198597,Chilime Hydropower Company Limited
2026041504019384,CHCL,17,26,50,500.0,25000.0,2026-04-15,186429708,154,ABC Securities Private Limited,Asian Securities Private Ltd.,2026-04-15 13:15:06.198787,Chilime Hydropower Company Limited
2026041504019497,CHCL,3,26,225,500.0,112500.0,2026-04-15,186430392,154,Arun Securities (PVT) Ltd.,Asian Securities Private Ltd.,2026-04-15 13:15:42.999954,Chilime Hydropower Company Limited
2026041504019663,CHCL,57,25,30,498.2,14946.0,2026-04-15,186431634,154,Aryatara Investment & Securities,Sweta Securities Private Limited,2026-04-15 13:17:13.380540,Chilime Hydropower Company Limited
2026041504019664,CHCL,72,25,100,498.2,49820.0,2026-04-15,186431636,154,Hatemalo Financial Services Private Limited,Sweta Securities Private Limited,2026-04-15 13:17:13.380750,Chilime Hydropower Company Limited
2026041504019665,CHCL,1,25,155,498.0,77190.0,2026-04-15,186431637,154,Kumari Securities Private Limited,Sweta Securities Private Limited,2026-04-15 13:17:13.380857,Chilime Hydropower Company Limited
2026041504019871,CHCL,66,1,150,499.9,74985.0,2026-04-15,186433176,154,Miyo Securities Pvt Ltd,Kumari Securities Private Limited,2026-04-15 13:19:12.026403,Chilime Hydropower Company Limited
2026041504019955,CHCL,40,35,100,498.1,49810.0,2026-04-15,186433820,154,Creative Securities Pvt Ltd,Kohinoor Investment & Securities Pvt. Ltd.,2026-04-15 13:20:07.500837,Chilime Hydropower Company Limited
2026041504019956,CHCL,1,35,400,498.0,199200.0,2026-04-15,186433821,154,Kumari Securities Private Limited,Kohinoor Investment & Securities Pvt. Ltd.,2026-04-15 13:20:07.500875,Chilime Hydropower Company Limited
2026041504020050,CHCL,42,26,65,500.0,32500.0,2026-04-15,186434388,154,Sani Securities Company Ltd.,Asian Securities Private Ltd.,2026-04-15 13:20:50.214192,Chilime Hydropower Company Limited
2026041504020205,CHCL,1,25,110,498.0,54780.0,2026-04-15,186435402,154,Kumari Securities Private Limited,Sweta Securities Private Limited,2026-04-15 13:22:06.236659,Chilime Hydropower Company Limited
2026041504020206,CHCL,34,25,120,498.0,59760.0,2026-04-15,186435404,154,Vision Securities Pvt. Ltd,Sweta Securities Private Limited,2026-04-15 13:22:06.236895,Chilime Hydropower Company Limited
2026041504020207,CHCL,58,25,101,498.0,50298.0,2026-04-15,186435406,154,Naasa Securities Co. Ltd.,Sweta Securities Private Limited,2026-04-15 13:22:06.236978,Chilime Hydropower Company Limited
2026041504020208,CHCL,59,25,50,498.0,24900.0,2026-04-15,186435408,154,Deevyaa Securities & Stock House Pvt. Ltd,Sweta Securities Private Limited,2026-04-15 13:22:06.237059,Chilime Hydropower Company Limited
2026041504020209,CHCL,38,25,79,498.0,39342.0,2026-04-15,186435409,154,Dipshikha Dhitopatra Karobar Co. Pvt Ltd.,Sweta Securities Private Limited,2026-04-15 13:22:06.237140,Chilime Hydropower Company Limited
2026041504020210,CHCL,38,58,1,498.0,498.0,2026-04-15,186435411,154,Dipshikha Dhitopatra Karobar Co. Pvt Ltd.,Naasa Securities Co. Ltd.,2026-04-15 13:22:06.237232,Chilime Hydropower Company Limited
2026041504020255,CHCL,40,25,37,497.3,18400.1,2026-04-15,186435761,154,Creative Securities Pvt Ltd,Sweta Securities Private Limited,2026-04-15 13:22:29.786478,Chilime Hydropower Company Limited
2026041504020610,CHCL,40,56,63,497.3,31329.9,2026-04-15,186438646,154,Creative Securities Pvt Ltd,Sri Hari Securities Pvt. Ltd.,2026-04-15 13:26:09.636873,Chilime Hydropower Company Limited
2026041504020611,CHCL,44,56,411,497.2,204349.2,2026-04-15,186438647,154,Dynamic Money Managers Securities Pvt. Ltd.,Sri Hari Securities Pvt. Ltd.,2026-04-15 13:26:09.637076,Chilime Hydropower Company Limited
2026041504020655,CHCL,44,19,79,497.2,39278.8,2026-04-15,186438901,154,Dynamic Money Managers Securities Pvt. Ltd.,Nepal Investment And Securities Trading Private Limited,2026-04-15 13:26:32.112386,Chilime Hydropower Company Limited
2026041504020711,CHCL,66,19,100,497.1,49710.0,2026-04-15,186439203,154,Miyo Securities Pvt Ltd,Nepal Investment And Securities Trading Private Limited,2026-04-15 13:26:54.165780,Chilime Hydropower Company Limited
2026041504020853,CHCL,38,19,10,497.0,4970.0,2026-04-15,186440174,154,Dipshikha Dhitopatra Karobar Co. Pvt Ltd.,Nepal Investment And Securities Trading Private Limited,2026-04-15 13:28:00.241256,Chilime Hydropower Company Limited
2026041504020854,CHCL,57,19,30,497.0,14910.0,2026-04-15,186440176,154,Aryatara Investment & Securities,Nepal Investment And Securities Trading Private Limited,2026-04-15 13:28:00.241715,Chilime Hydropower Company Limited
2026041504020855,CHCL,54,19,60,497.0,29820.0,2026-04-15,186440177,154,Sewa Securities Pvt. Ltd.,Nepal Investment And Securities Trading Private Limited,2026-04-15 13:28:00.241975,Chilime Hydropower Company Limited
2026041504020945,CHCL,48,74,200,497.2,99440.0,2026-04-15,186440734,154,Trishakti Securities Public Limited,KALASH STOCK MARKET PVT. LTD.,2026-04-15 13:28:33.911905,Chilime Hydropower Company Limited
2026041504021037,CHCL,54,19,50,497.0,24850.0,2026-04-15,186441637,154,Sewa Securities Pvt. Ltd.,Nepal Investment And Securities Trading Private Limited,2026-04-15 13:29:30.666919,Chilime Hydropower Company Limited
2026041504021102,CHCL,54,19,50,497.0,24850.0,2026-04-15,186442127,154,Sewa Securities Pvt. Ltd.,Nepal Investment And Securities Trading Private Limited,2026-04-15 13:30:08.574569,Chilime Hydropower Company Limited
2026041504021260,CHCL,66,74,200,497.2,99440.0,2026-04-15,186443532,154,Miyo Securities Pvt Ltd,KALASH STOCK MARKET PVT. LTD.,2026-04-15 13:31:51.402947,Chilime Hydropower Company Limited
2026041504021263,CHCL,54,19,50,497.0,24850.0,2026-04-15,186443583,154,Sewa Securities Pvt. Ltd.,Nepal Investment And Securities Trading Private Limited,2026-04-15 13:31:57.030577,Chilime Hydropower Company Limited
2026041504021379,CHCL,4,74,10,497.2,4972.0,2026-04-15,186444614,154,Opal Securities Investment (PVT) Ltd.,KALASH STOCK MARKET PVT. LTD.,2026-04-15 13:33:15.558642,Chilime Hydropower Company Limited
2026041504021523,CHCL,54,26,40,497.0,19880.0,2026-04-15,186445618,154,Sewa Securities Pvt. Ltd.,Asian Securities Private Ltd.,2026-04-15 13:34:27.470059,Chilime Hydropower Company Limited
2026041504021524,CHCL,58,26,60,497.0,29820.0,2026-04-15,186445619,154,Naasa Securities Co. Ltd.,Asian Securities Private Ltd.,2026-04-15 13:34:27.470265,Chilime Hydropower Company Limited
2026041504021568,CHCL,58,74,60,497.2,29832.0,2026-04-15,186445864,154,Naasa Securities Co. Ltd.,KALASH STOCK MARKET PVT. LTD.,2026-04-15 13:34:48.970190,Chilime Hydropower Company Limited
2026041504021683,CHCL,58,56,40,497.0,19880.0,2026-04-15,186446954,154,Naasa Securities Co. Ltd.,Sri Hari Securities Pvt. Ltd.,2026-04-15 13:36:22.817638,Chilime Hydropower Company Limited
2026041504021684,CHCL,32,56,50,497.0,24850.0,2026-04-15,186446956,154,Premier Securities Company Ltd.,Sri Hari Securities Pvt. Ltd.,2026-04-15 13:36:22.817849,Chilime Hydropower Company Limited
2026041504021685,CHCL,32,56,50,497.0,24850.0,2026-04-15,186446958,154,Premier Securities Company Ltd.,Sri Hari Securities Pvt. Ltd.,2026-04-15 13:36:22.817934,Chilime Hydropower Company Limited
2026041504021686,CHCL,38,56,50,497.0,24850.0,2026-04-15,186446960,154,Dipshikha Dhitopatra Karobar Co. Pvt Ltd.,Sri Hari Securities Pvt. Ltd.,2026-04-15 13:36:22.818015,Chilime Hydropower Company Limited
2026041504021808,CHCL,17,56,310,497.0,154070.0,2026-04-15,186448215,154,ABC Securities Private Limited,Sri Hari Securities Pvt. Ltd.,2026-04-15 13:38:25.790202,Chilime Hydropower Company Limited
2026041504021809,CHCL,17,74,30,497.2,14916.0,2026-04-15,186448217,154,ABC Securities Private Limited,KALASH STOCK MARKET PVT. LTD.,2026-04-15 13:38:25.790302,Chilime Hydropower Company Limited
2026041504021810,CHCL,17,74,500,497.2,248600.0,2026-04-15,186448219,154,ABC Securities Private Limited,KALASH STOCK MARKET PVT. LTD.,2026-04-15 13:38:25.790410,Chilime Hydropower Company Limited
2026041504021811,CHCL,17,21,10,497.3,4973.0,2026-04-15,186448221,154,ABC Securities Private Limited,Midas Stock Broking Company Private Limited,2026-04-15 13:38:25.790493,Chilime Hydropower Company Limited
2026041504021812,CHCL,17,41,100,498.0,49800.0,2026-04-15,186448223,154,ABC Securities Private Limited,Linch Stock Market Ltd.,2026-04-15 13:38:25.790583,Chilime Hydropower Company Limited
2026041504021813,CHCL,17,48,50,499.0,24950.0,2026-04-15,186448226,154,ABC Securities Private Limited,Trishakti Securities Public Limited,2026-04-15 13:38:25.790665,Chilime Hydropower Company Limited
2026041504021958,CHCL,66,42,180,497.0,89460.0,2026-04-15,186449112,154,Miyo Securities Pvt Ltd,Sani Securities Company Ltd.,2026-04-15 13:39:54.308309,Chilime Hydropower Company Limited
2026041504022745,CHCL,1,56,40,498.5,19940.0,2026-04-15,186454908,154,Kumari Securities Private Limited,Sri Hari Securities Pvt. Ltd.,2026-04-15 13:47:31.617747,Chilime Hydropower Company Limited
2026041504022872,CHCL,38,56,460,498.5,229310.0,2026-04-15,186455817,154,Dipshikha Dhitopatra Karobar Co. Pvt Ltd.,Sri Hari Securities Pvt. Ltd.,2026-04-15 13:48:42.678289,Chilime Hydropower Company Limited
2026041504022873,CHCL,38,48,150,499.0,74850.0,2026-04-15,186455819,154,Dipshikha Dhitopatra Karobar Co. Pvt Ltd.,Trishakti Securities Public Limited,2026-04-15 13:48:42.678520,Chilime Hydropower Company Limited
2026041504022874,CHCL,38,26,160,500.0,80000.0,2026-04-15,186455821,154,Dipshikha Dhitopatra Karobar Co. Pvt Ltd.,Asian Securities Private Ltd.,2026-04-15 13:48:42.678611,Chilime Hydropower Company Limited
2026041504022875,CHCL,38,26,500,500.0,250000.0,2026-04-15,186455823,154,Dipshikha Dhitopatra Karobar Co. Pvt Ltd.,Asian Securities Private Ltd.,2026-04-15 13:48:42.678699,Chilime Hydropower Company Limited
2026041504022876,CHCL,38,29,1128,500.0,564000.0,2026-04-15,186455825,154,Dipshikha Dhitopatra Karobar Co. Pvt Ltd.,Trisul Securities & Invt. Ltd.,2026-04-15 13:48:42.678780,Chilime Hydropower Company Limited
2026041504022877,CHCL,38,42,800,500.0,400000.0,2026-04-15,186455827,154,Dipshikha Dhitopatra Karobar Co. Pvt Ltd.,Sani Securities Company Ltd.,2026-04-15 13:48:42.678855,Chilime Hydropower Company Limited
2026041504022878,CHCL,38,42,800,500.0,400000.0,2026-04-15,186455829,154,Dipshikha Dhitopatra Karobar Co. Pvt Ltd.,Sani Securities Company Ltd.,2026-04-15 13:48:42.678968,Chilime Hydropower Company Limited
2026041504022879,CHCL,38,42,400,500.0,200000.0,2026-04-15,186455831,154,Dipshikha Dhitopatra Karobar Co. Pvt Ltd.,Sani Securities Company Ltd.,2026-04-15 13:48:42.679053,Chilime Hydropower Company Limited
2026041504022880,CHCL,38,19,50,500.0,25000.0,2026-04-15,186455833,154,Dipshikha Dhitopatra Karobar Co. Pvt Ltd.,Nepal Investment And Securities Trading Private Limited,2026-04-15 13:48:42.679153,Chilime Hydropower Company Limited
2026041504022881,CHCL,38,94,10,500.0,5000.0,2026-04-15,186455835,154,Dipshikha Dhitopatra Karobar Co. Pvt Ltd.,K.B.L. Securities Limited ,2026-04-15 13:48:42.679266,Chilime Hydropower Company Limited
2026041504022882,CHCL,38,17,150,500.0,75000.0,2026-04-15,186455837,154,Dipshikha Dhitopatra Karobar Co. Pvt Ltd.,ABC Securities Private Limited,2026-04-15 13:48:42.679372,Chilime Hydropower Company Limited
2026041504022883,CHCL,38,29,140,500.0,70000.0,2026-04-15,186455839,154,Dipshikha Dhitopatra Karobar Co. Pvt Ltd.,Trisul Securities & Invt. Ltd.,2026-04-15 13:48:42.679455,Chilime Hydropower Company Limited
2026041504022884,CHCL,38,44,365,500.0,182500.0,2026-04-15,186455841,154,Dipshikha Dhitopatra Karobar Co. Pvt Ltd.,Dynamic Money Managers Securities Pvt. Ltd.,2026-04-15 13:48:42.679569,Chilime Hydropower Company Limited
2026041504022885,CHCL,38,19,50,500.0,25000.0,2026-04-15,186455843,154,Dipshikha Dhitopatra Karobar Co. Pvt Ltd.,Nepal Investment And Securities Trading Private Limited,2026-04-15 13:48:42.680032,Chilime Hydropower Company Limited
2026041504022886,CHCL,38,42,10,500.0,5000.0,2026-04-15,186455845,154,Dipshikha Dhitopatra Karobar Co. Pvt Ltd.,Sani Securities Company Ltd.,2026-04-15 13:48:42.680357,Chilime Hydropower Company Limited
2026041504022887,CHCL,38,46,300,500.0,150000.0,2026-04-15,186455847,154,Dipshikha Dhitopatra Karobar Co. Pvt Ltd.,Kalika Securities Pvt. Ltd.,2026-04-15 13:48:42.680646,Chilime Hydropower Company Limited
2026041504022888,CHCL,38,99,100,500.0,50000.0,2026-04-15,186455849,154,Dipshikha Dhitopatra Karobar Co. Pvt Ltd.,Prabhu Stock Market Limited,2026-04-15 13:48:42.680893,Chilime Hydropower Company Limited
2026041504023076,CHCL,45,7,10,500.2,5002.0,2026-04-15,186457098,154,Imperial Securities Company Pvt. Ltd.,J.F. Securites (PVT) Ltd.,2026-04-15 13:50:17.724408,Chilime Hydropower Company Limited
2026041504023153,CHCL,38,21,200,500.0,100000.0,2026-04-15,186457713,154,Dipshikha Dhitopatra Karobar Co. Pvt Ltd.,Midas Stock Broking Company Private Limited,2026-04-15 13:50:59.687990,Chilime Hydropower Company Limited
2026041504023305,CHCL,38,42,150,500.0,75000.0,2026-04-15,186458843,154,Dipshikha Dhitopatra Karobar Co. Pvt Ltd.,Sani Securities Company Ltd.,2026-04-15 13:51:56.531995,Chilime Hydropower Company Limited
2026041504023792,CHCL,38,42,77,500.0,38500.0,2026-04-15,186461476,154,Dipshikha Dhitopatra Karobar Co. Pvt Ltd.,Sani Securities Company Ltd.,2026-04-15 13:54:58.251196,Chilime Hydropower Company Limited
2026041504023830,CHCL,16,42,10,500.0,5000.0,2026-04-15,186461712,154,Primo Securities (PVT) Ltd.,Sani Securities Company Ltd.,2026-04-15 13:55:19.661389,Chilime Hydropower Company Limited
2026041504024200,CHCL,32,16,30,498.9,14967.0,2026-04-15,186464570,154,Premier Securities Company Ltd.,Primo Securities (PVT) Ltd.,2026-04-15 13:59:38.282526,Chilime Hydropower Company Limited
2026041504024308,CHCL,17,67,1,490.0,490.0,2026-04-15,186465455,154,ABC Securities Private Limited,Property Wiard Limited,2026-04-15 14:01:04.445836,Chilime Hydropower Company Limited
2026041504024311,CHCL,17,10,4,490.0,1960.0,2026-04-15,186465503,154,ABC Securities Private Limited,Pragyan Securities (PVT) Ltd.,2026-04-15 14:01:10.588422,Chilime Hydropower Company Limited
2026041504024315,CHCL,40,14,20,497.7,9954.0,2026-04-15,186465535,154,Creative Securities Pvt Ltd,Nepal Stock House (PVT) Ltd.,2026-04-15 14:01:15.483098,Chilime Hydropower Company Limited
2026041504024323,CHCL,17,49,4,495.1,1980.4,2026-04-15,186465721,154,ABC Securities Private Limited,Online Securities Pvt. Ltd.,2026-04-15 14:01:33.362675,Chilime Hydropower Company Limited
2026041504024334,CHCL,40,14,45,497.7,22396.5,2026-04-15,186465816,154,Creative Securities Pvt Ltd,Nepal Stock House (PVT) Ltd.,2026-04-15 14:01:48.682156,Chilime Hydropower Company Limited
2026041504024335,CHCL,17,25,1,497.0,497.0,2026-04-15,186465901,154,ABC Securities Private Limited,Sweta Securities Private Limited,2026-04-15 14:01:52.213640,Chilime Hydropower Company Limited
2026041504024404,CHCL,66,14,50,497.7,24885.0,2026-04-15,186466450,154,Miyo Securities Pvt Ltd,Nepal Stock House (PVT) Ltd.,2026-04-15 14:02:49.420240,Chilime Hydropower Company Limited
2026041504024410,CHCL,16,57,20,497.2,9944.0,2026-04-15,186466535,154,Primo Securities (PVT) Ltd.,Aryatara Investment & Securities,2026-04-15 14:02:54.848737,Chilime Hydropower Company Limited
2026041504024630,CHCL,16,35,100,497.2,49720.0,2026-04-15,186468651,154,Primo Securities (PVT) Ltd.,Kohinoor Investment & Securities Pvt. Ltd.,2026-04-15 14:06:14.750609,Chilime Hydropower Company Limited
2026041504024751,CHCL,10,14,23,498.0,11454.0,2026-04-15,186469746,154,Pragyan Securities (PVT) Ltd.,Nepal Stock House (PVT) Ltd.,2026-04-15 14:08:15.265870,Chilime Hydropower Company Limited
2026041504024892,CHCL,6,14,25,498.0,12450.0,2026-04-15,186470770,154,Agrawal Securities (PVT) Ltd.,Nepal Stock House (PVT) Ltd.,2026-04-15 14:09:54.278215,Chilime Hydropower Company Limited
2026041504025049,CHCL,45,50,10,497.5,4975.0,2026-04-15,186471948,154,Imperial Securities Company Pvt. Ltd.,Cristal Kanchanjanga Securites Pvt. Ltd.,2026-04-15 14:11:52.289219,Chilime Hydropower Company Limited
2026041504025050,CHCL,16,50,340,497.2,169048.0,2026-04-15,186471949,154,Primo Securities (PVT) Ltd.,Cristal Kanchanjanga Securites Pvt. Ltd.,2026-04-15 14:11:52.289475,Chilime Hydropower Company Limited
2026041504025328,CHCL,16,58,32,497.2,15910.4,2026-04-15,186474039,154,Primo Securities (PVT) Ltd.,Naasa Securities Co. Ltd.,2026-04-15 14:15:01.933483,Chilime Hydropower Company Limited
2026041504025414,CHCL,58,14,52,498.0,25896.0,2026-04-15,186474479,154,Naasa Securities Co. Ltd.,Nepal Stock House (PVT) Ltd.,2026-04-15 14:15:49.939152,Chilime Hydropower Company Limited
2026041504025897,CHCL,58,19,48,498.0,23904.0,2026-04-15,186477422,154,Naasa Securities Co. Ltd.,Nepal Investment And Securities Trading Private Limited,2026-04-15 14:19:28.182079,Chilime Hydropower Company Limited
2026041504025925,CHCL,42,19,50,498.0,24900.0,2026-04-15,186477599,154,Sani Securities Company Ltd.,Nepal Investment And Securities Trading Private Limited,2026-04-15 14:19:44.591362,Chilime Hydropower Company Limited
2026041504026196,CHCL,42,45,150,498.0,74700.0,2026-04-15,186479350,154,Sani Securities Company Ltd.,Imperial Securities Company Pvt. Ltd.,2026-04-15 14:21:33.463495,Chilime Hydropower Company Limited
2026041504026615,CHCL,32,56,200,497.3,99460.0,2026-04-15,186482148,154,Premier Securities Company Ltd.,Sri Hari Securities Pvt. Ltd.,2026-04-15 14:24:07.714928,Chilime Hydropower Company Limited
2026041504026616,CHCL,16,56,50,497.2,24860.0,2026-04-15,186482149,154,Primo Securities (PVT) Ltd.,Sri Hari Securities Pvt. Ltd.,2026-04-15 14:24:07.715373,Chilime Hydropower Company Limited
2026041504026680,CHCL,16,45,223,497.2,110875.6,2026-04-15,186482598,154,Primo Securities (PVT) Ltd.,Imperial Securities Company Pvt. Ltd.,2026-04-15 14:24:28.559628,Chilime Hydropower Company Limited
2026041504026681,CHCL,17,45,90,497.0,44730.0,2026-04-15,186482600,154,ABC Securities Private Limited,Imperial Securities Company Pvt. Ltd.,2026-04-15 14:24:28.560086,Chilime Hydropower Company Limited
2026041504026682,CHCL,34,45,28,497.0,13916.0,2026-04-15,186482602,154,Vision Securities Pvt. Ltd,Imperial Securities Company Pvt. Ltd.,2026-04-15 14:24:28.560379,Chilime Hydropower Company Limited
2026041504026812,CHCL,38,4,1010,497.0,501970.0,2026-04-15,186483233,154,Dipshikha Dhitopatra Karobar Co. Pvt Ltd.,Opal Securities Investment (PVT) Ltd.,2026-04-15 14:25:01.496515,Chilime Hydropower Company Limited
2026041504026859,CHCL,38,45,2781,497.0,1382157.0,2026-04-15,186483605,154,Dipshikha Dhitopatra Karobar Co. Pvt Ltd.,Imperial Securities Company Pvt. Ltd.,2026-04-15 14:25:17.352762,Chilime Hydropower Company Limited
2026041504027671,CHCL,35,57,11,497.2,5469.2,2026-04-15,186488589,154,Kohinoor Investment & Securities Pvt. Ltd.,Aryatara Investment & Securities,2026-04-15 14:29:33.230233,Chilime Hydropower Company Limited
2026041504027784,CHCL,32,26,100,497.1,49710.0,2026-04-15,186489382,154,Premier Securities Company Ltd.,Asian Securities Private Ltd.,2026-04-15 14:30:10.414981,Chilime Hydropower Company Limited
2026041504027785,CHCL,38,26,1209,497.0,600873.0,2026-04-15,186489384,154,Dipshikha Dhitopatra Karobar Co. Pvt Ltd.,Asian Securities Private Ltd.,2026-04-15 14:30:10.415462,Chilime Hydropower Company Limited
2026041504028227,CHCL,57,1,30,496.1,14883.0,2026-04-15,186492586,154,Aryatara Investment & Securities,Kumari Securities Private Limited,2026-04-15 14:33:02.941701,Chilime Hydropower Company Limited
2026041504028228,CHCL,1,1,70,496.0,34720.0,2026-04-15,186492587,154,Kumari Securities Private Limited,Kumari Securities Private Limited,2026-04-15 14:33:02.942139,Chilime Hydropower Company Limited
2026041504028380,CHCL,1,59,80,496.0,39680.0,2026-04-15,186493713,154,Kumari Securities Private Limited,Deevyaa Securities & Stock House Pvt. Ltd,2026-04-15 14:34:11.657837,Chilime Hydropower Company Limited
2026041504028384,CHCL,22,26,81,497.0,40257.0,2026-04-15,186493752,154,Siprabi Securities Pvt. Ltd.,Asian Securities Private Ltd.,2026-04-15 14:34:13.740956,Chilime Hydropower Company Limited
2026041504028589,CHCL,1,74,50,496.0,24800.0,2026-04-15,186495322,154,Kumari Securities Private Limited,KALASH STOCK MARKET PVT. LTD.,2026-04-15 14:35:34.689627,Chilime Hydropower Company Limited
2026041504028590,CHCL,65,74,100,496.0,49600.0,2026-04-15,186495323,154,Sharepro Securities Private Limited,KALASH STOCK MARKET PVT. LTD.,2026-04-15 14:35:34.690077,Chilime Hydropower Company Limited
2026041504029108,CHCL,57,7,79,496.0,39184.0,2026-04-15,186499029,154,Aryatara Investment & Securities,J.F. Securites (PVT) Ltd.,2026-04-15 14:39:31.408620,Chilime Hydropower Company Limited
2026041504029142,CHCL,57,32,23,496.0,11408.0,2026-04-15,186499321,154,Aryatara Investment & Securities,Premier Securities Company Ltd.,2026-04-15 14:39:48.888762,Chilime Hydropower Company Limited
2026041504029348,CHCL,57,25,50,496.0,24800.0,2026-04-15,186500657,154,Aryatara Investment & Securities,Sweta Securities Private Limited,2026-04-15 14:41:19.704593,Chilime Hydropower Company Limited
2026041504029620,CHCL,38,26,610,497.0,303170.0,2026-04-15,186502987,154,Dipshikha Dhitopatra Karobar Co. Pvt Ltd.,Asian Securities Private Ltd.,2026-04-15 14:43:31.234934,Chilime Hydropower Company Limited
2026041504029621,CHCL,38,35,20,497.0,9940.0,2026-04-15,186502989,154,Dipshikha Dhitopatra Karobar Co. Pvt Ltd.,Kohinoor Investment & Securities Pvt. Ltd.,2026-04-15 14:43:31.235166,Chilime Hydropower Company Limited
2026041504029815,CHCL,1,54,300,498.0,149400.0,2026-04-15,186504648,154,Kumari Securities Private Limited,Sewa Securities Pvt. Ltd.,2026-04-15 14:44:57.193764,Chilime Hydropower Company Limited
2026041504029932,CHCL,38,42,370,497.0,183890.0,2026-04-15,186505532,154,Dipshikha Dhitopatra Karobar Co. Pvt Ltd.,Sani Securities Company Ltd.,2026-04-15 14:45:47.640487,Chilime Hydropower Company Limited
2026041504029934,CHCL,39,42,50,497.0,24850.0,2026-04-15,186505580,154,Sumeru Securities Pvt. Ltd.,Sani Securities Company Ltd.,2026-04-15 14:45:51.071760,Chilime Hydropower Company Limited
2026041504030007,CHCL,39,28,3,494.1,1482.3,2026-04-15,186506199,154,Sumeru Securities Pvt. Ltd.,Shree Krishna Securities Ltd.,2026-04-15 14:46:23.241061,Chilime Hydropower Company Limited
2026041504030240,CHCL,41,58,50,496.4,24820.0,2026-04-15,186508117,154,Linch Stock Market Ltd.,Naasa Securities Co. Ltd.,2026-04-15 14:48:14.063850,Chilime Hydropower Company Limited
2026041504030317,CHCL,38,42,110,497.0,54670.0,2026-04-15,186508524,154,Dipshikha Dhitopatra Karobar Co. Pvt Ltd.,Sani Securities Company Ltd.,2026-04-15 14:48:26.039945,Chilime Hydropower Company Limited
2026041504030804,CHCL,34,56,300,498.5,149550.0,2026-04-15,186512824,154,Vision Securities Pvt. Ltd,Sri Hari Securities Pvt. Ltd.,2026-04-15 14:51:08.131527,Chilime Hydropower Company Limited
2026041504030986,CHCL,7,56,70,498.5,34895.0,2026-04-15,186514144,154,J.F. Securites (PVT) Ltd.,Sri Hari Securities Pvt. Ltd.,2026-04-15 14:51:59.310137,Chilime Hydropower Company Limited
2026041504031322,CHCL,47,56,20,497.1,9942.0,2026-04-15,186516616,154,Neev Securities Pvt. Ltd.,Sri Hari Securities Pvt. Ltd.,2026-04-15 14:54:07.250104,Chilime Hydropower Company Limited
2026041504031323,CHCL,14,56,110,497.1,54681.0,2026-04-15,186516617,154,Nepal Stock House (PVT) Ltd.,Sri Hari Securities Pvt. Ltd.,2026-04-15 14:54:07.250361,Chilime Hydropower Company Limited
2026041504031428,CHCL,14,74,100,497.1,49710.0,2026-04-15,186517541,154,Nepal Stock House (PVT) Ltd.,KALASH STOCK MARKET PVT. LTD.,2026-04-15 14:54:46.633453,Chilime Hydropower Company Limited
2026041504031586,CHCL,72,52,100,498.0,49800.0,2026-04-15,186518788,154,Hatemalo Financial Services Private Limited,Sundhara Securities Limited,2026-04-15 14:55:26.220537,Chilime Hydropower Company Limited
2026041504031793,CHCL,14,33,90,497.1,44739.0,2026-04-15,186519954,154,Nepal Stock House (PVT) Ltd.,Dakshinkali Investment & Securities Pvt. Ltd.,2026-04-15 14:56:05.070703,Chilime Hydropower Company Limited
2026041504031794,CHCL,72,33,100,497.0,49700.0,2026-04-15,186519956,154,Hatemalo Financial Services Private Limited,Dakshinkali Investment & Securities Pvt. Ltd.,2026-04-15 14:56:05.070917,Chilime Hydropower Company Limited
2026041504031795,CHCL,1,33,110,497.0,54670.0,2026-04-15,186519957,154,Kumari Securities Private Limited,Dakshinkali Investment & Securities Pvt. Ltd.,2026-04-15 14:56:05.071020,Chilime Hydropower Company Limited
2026041504032418,CHCL,14,16,20,498.9,9978.0,2026-04-15,186523483,154,Nepal Stock House (PVT) Ltd.,Primo Securities (PVT) Ltd.,2026-04-15 14:57:51.108247,Chilime Hydropower Company Limited
2026041504032419,CHCL,14,1,20,498.9,9978.0,2026-04-15,186523486,154,Nepal Stock House (PVT) Ltd.,Kumari Securities Private Limited,2026-04-15 14:57:51.108502,Chilime Hydropower Company Limited
2026041504032465,CHCL,1,14,90,497.0,44730.0,2026-04-15,186523710,154,Kumari Securities Private Limited,Nepal Stock House (PVT) Ltd.,2026-04-15 14:57:57.683982,Chilime Hydropower Company Limited
2026041504032571,CHCL,49,14,10,497.0,4970.0,2026-04-15,186524542,154,Online Securities Pvt. Ltd.,Nepal Stock House (PVT) Ltd.,2026-04-15 14:58:21.121339,Chilime Hydropower Company Limited
2026041504033061,CHCL,72,14,100,497.0,49700.0,2026-04-15,186527554,154,Hatemalo Financial Services Private Limited,Nepal Stock House (PVT) Ltd.,2026-04-15 14:59:23.965061,Chilime Hydropower Company Limited
