contractId,stockSymbol,buyerMemberId,sellerMemberId,quantity,rate,amount,businessDate,tradeBookId,stockId,buyerBrokerName,sellerBrokerName,transaction_time,securityName
2026041503000147,EDBL,32,53,25,590.0,14750.0,2026-04-15,186295195,274,Premier Securities Company Ltd.,Investment Management Nepal Pvt. Ltd.,2026-04-15 11:11:29.325585,Excel Development Bank Ltd.
2026041503000180,EDBL,32,53,25,590.0,14750.0,2026-04-15,186296825,274,Premier Securities Company Ltd.,Investment Management Nepal Pvt. Ltd.,2026-04-15 11:13:26.598910,Excel Development Bank Ltd.
2026041503000765,EDBL,45,4,212,590.1,125101.2,2026-04-15,186317718,274,Imperial Securities Company Pvt. Ltd.,Opal Securities Investment (PVT) Ltd.,2026-04-15 11:35:41.748456,Excel Development Bank Ltd.
2026041503000829,EDBL,66,4,40,590.1,23604.0,2026-04-15,186320592,274,Miyo Securities Pvt Ltd,Opal Securities Investment (PVT) Ltd.,2026-04-15 11:38:46.206691,Excel Development Bank Ltd.
2026041503000874,EDBL,32,28,189,590.0,111510.0,2026-04-15,186322399,274,Premier Securities Company Ltd.,Shree Krishna Securities Ltd.,2026-04-15 11:40:39.906412,Excel Development Bank Ltd.
2026041503000877,EDBL,32,25,19,590.0,11210.0,2026-04-15,186322559,274,Premier Securities Company Ltd.,Sweta Securities Private Limited,2026-04-15 11:40:48.237326,Excel Development Bank Ltd.
2026041503001004,EDBL,32,63,200,590.0,118000.0,2026-04-15,186326919,274,Premier Securities Company Ltd.,Himalayan Brokerage Company Limited,2026-04-15 11:45:30.180527,Excel Development Bank Ltd.
2026041503001098,EDBL,45,4,200,590.1,118020.0,2026-04-15,186330828,274,Imperial Securities Company Pvt. Ltd.,Opal Securities Investment (PVT) Ltd.,2026-04-15 11:48:58.143167,Excel Development Bank Ltd.
2026041503001102,EDBL,32,46,10,590.0,5900.0,2026-04-15,186331827,274,Premier Securities Company Ltd.,Kalika Securities Pvt. Ltd.,2026-04-15 11:49:30.789356,Excel Development Bank Ltd.
2026041503001179,EDBL,47,4,63,590.1,37176.3,2026-04-15,186335095,274,Neev Securities Pvt. Ltd.,Opal Securities Investment (PVT) Ltd.,2026-04-15 11:51:10.097299,Excel Development Bank Ltd.
2026041503002150,EDBL,84,58,10,592.0,5920.0,2026-04-15,186365989,274,MILKY WAY SHARE BROKER COMPANY LTD ,Naasa Securities Co. Ltd.,2026-04-15 12:16:24.259416,Excel Development Bank Ltd.
2026041503002671,EDBL,33,46,16,595.0,9520.0,2026-04-15,186381614,274,Dakshinkali Investment & Securities Pvt. Ltd.,Kalika Securities Pvt. Ltd.,2026-04-15 12:27:43.861957,Excel Development Bank Ltd.
2026041503003162,EDBL,7,48,91,598.8,54490.8,2026-04-15,186394030,274,J.F. Securites (PVT) Ltd.,Trishakti Securities Public Limited,2026-04-15 12:38:14.978692,Excel Development Bank Ltd.
2026041503003177,EDBL,7,99,11,599.0,6589.0,2026-04-15,186394462,274,J.F. Securites (PVT) Ltd.,Prabhu Stock Market Limited,2026-04-15 12:38:38.201680,Excel Development Bank Ltd.
2026041503004101,EDBL,50,29,125,595.0,74375.0,2026-04-15,186417523,274,Cristal Kanchanjanga Securites Pvt. Ltd.,Trisul Securities & Invt. Ltd.,2026-04-15 13:02:22.622156,Excel Development Bank Ltd.
2026041503004525,EDBL,50,14,50,595.0,29750.0,2026-04-15,186426517,274,Cristal Kanchanjanga Securites Pvt. Ltd.,Nepal Stock House (PVT) Ltd.,2026-04-15 13:11:45.200892,Excel Development Bank Ltd.
2026041503004650,EDBL,45,32,170,595.1,101167.0,2026-04-15,186428446,274,Imperial Securities Company Pvt. Ltd.,Premier Securities Company Ltd.,2026-04-15 13:13:37.224114,Excel Development Bank Ltd.
2026041503004651,EDBL,50,32,325,595.0,193375.0,2026-04-15,186428448,274,Cristal Kanchanjanga Securites Pvt. Ltd.,Premier Securities Company Ltd.,2026-04-15 13:13:37.224286,Excel Development Bank Ltd.
2026041503004652,EDBL,42,32,500,595.0,297500.0,2026-04-15,186428450,274,Sani Securities Company Ltd.,Premier Securities Company Ltd.,2026-04-15 13:13:37.224393,Excel Development Bank Ltd.
2026041503004653,EDBL,39,32,300,594.0,178200.0,2026-04-15,186428452,274,Sumeru Securities Pvt. Ltd.,Premier Securities Company Ltd.,2026-04-15 13:13:37.224502,Excel Development Bank Ltd.
2026041503004654,EDBL,39,32,205,594.0,121770.0,2026-04-15,186428453,274,Sumeru Securities Pvt. Ltd.,Premier Securities Company Ltd.,2026-04-15 13:13:37.224610,Excel Development Bank Ltd.
2026041503004679,EDBL,39,32,95,594.0,56430.0,2026-04-15,186428730,274,Sumeru Securities Pvt. Ltd.,Premier Securities Company Ltd.,2026-04-15 13:13:56.482269,Excel Development Bank Ltd.
2026041503004680,EDBL,33,32,695,594.0,412830.0,2026-04-15,186428731,274,Dakshinkali Investment & Securities Pvt. Ltd.,Premier Securities Company Ltd.,2026-04-15 13:13:56.482436,Excel Development Bank Ltd.
2026041503005302,EDBL,17,46,11,594.4,6538.4,2026-04-15,186442005,274,ABC Securities Private Limited,Kalika Securities Pvt. Ltd.,2026-04-15 13:29:58.413268,Excel Development Bank Ltd.
2026041503006790,EDBL,65,32,200,597.0,119400.0,2026-04-15,186473502,274,Sharepro Securities Private Limited,Premier Securities Company Ltd.,2026-04-15 14:14:22.424559,Excel Development Bank Ltd.
2026041503006968,EDBL,42,87,100,596.0,59600.0,2026-04-15,186478019,274,Sani Securities Company Ltd.,S.P.S.A. Securities Limited,2026-04-15 14:20:12.362297,Excel Development Bank Ltd.
2026041503007452,EDBL,22,13,27,595.5,16078.5,2026-04-15,186485265,274,Siprabi Securities Pvt. Ltd.,Thrive Brokerage House Pvt. Ltd,2026-04-15 14:26:48.753161,Excel Development Bank Ltd.
2026041503007552,EDBL,17,35,425,597.6,253980.0,2026-04-15,186487129,274,ABC Securities Private Limited,Kohinoor Investment & Securities Pvt. Ltd.,2026-04-15 14:28:18.549935,Excel Development Bank Ltd.
2026041503007553,EDBL,17,32,100,597.7,59770.0,2026-04-15,186487131,274,ABC Securities Private Limited,Premier Securities Company Ltd.,2026-04-15 14:28:18.550041,Excel Development Bank Ltd.
2026041503007572,EDBL,17,32,464,597.8,277379.2,2026-04-15,186487592,274,ABC Securities Private Limited,Premier Securities Company Ltd.,2026-04-15 14:28:42.808782,Excel Development Bank Ltd.
2026041503007861,EDBL,22,50,273,595.5,162571.5,2026-04-15,186493064,274,Siprabi Securities Pvt. Ltd.,Cristal Kanchanjanga Securites Pvt. Ltd.,2026-04-15 14:33:26.597488,Excel Development Bank Ltd.
2026041503007911,EDBL,58,50,300,595.5,178650.0,2026-04-15,186494068,274,Naasa Securities Co. Ltd.,Cristal Kanchanjanga Securites Pvt. Ltd.,2026-04-15 14:34:29.793640,Excel Development Bank Ltd.
2026041503007921,EDBL,45,58,100,595.0,59500.0,2026-04-15,186494254,274,Imperial Securities Company Pvt. Ltd.,Naasa Securities Co. Ltd.,2026-04-15 14:34:38.802127,Excel Development Bank Ltd.
2026041503007922,EDBL,58,58,100,594.6,59460.0,2026-04-15,186494256,274,Naasa Securities Co. Ltd.,Naasa Securities Co. Ltd.,2026-04-15 14:34:38.802312,Excel Development Bank Ltd.
2026041503007923,EDBL,1,58,200,594.2,118840.0,2026-04-15,186494258,274,Kumari Securities Private Limited,Naasa Securities Co. Ltd.,2026-04-15 14:34:38.802434,Excel Development Bank Ltd.
2026041503007924,EDBL,84,58,190,594.0,112860.0,2026-04-15,186494260,274,MILKY WAY SHARE BROKER COMPANY LTD ,Naasa Securities Co. Ltd.,2026-04-15 14:34:38.802555,Excel Development Bank Ltd.
2026041503007925,EDBL,17,58,2500,594.0,1485000.0,2026-04-15,186494262,274,ABC Securities Private Limited,Naasa Securities Co. Ltd.,2026-04-15 14:34:38.802696,Excel Development Bank Ltd.
2026041503007990,EDBL,58,26,54,594.0,32076.0,2026-04-15,186495681,274,Naasa Securities Co. Ltd.,Asian Securities Private Ltd.,2026-04-15 14:35:53.883558,Excel Development Bank Ltd.
2026041503008774,EDBL,22,1,200,593.2,118640.0,2026-04-15,186514078,274,Siprabi Securities Pvt. Ltd.,Kumari Securities Private Limited,2026-04-15 14:51:55.912889,Excel Development Bank Ltd.
2026041503008775,EDBL,58,1,20,593.1,11862.0,2026-04-15,186514080,274,Naasa Securities Co. Ltd.,Kumari Securities Private Limited,2026-04-15 14:51:55.913016,Excel Development Bank Ltd.
2026041503008776,EDBL,53,1,180,593.1,106758.0,2026-04-15,186514081,274,Investment Management Nepal Pvt. Ltd.,Kumari Securities Private Limited,2026-04-15 14:51:55.913074,Excel Development Bank Ltd.
2026041503008830,EDBL,53,58,14,594.0,8316.0,2026-04-15,186515005,274,Investment Management Nepal Pvt. Ltd.,Naasa Securities Co. Ltd.,2026-04-15 14:52:40.150756,Excel Development Bank Ltd.
2026041503008831,EDBL,53,32,76,594.8,45204.8,2026-04-15,186515007,274,Investment Management Nepal Pvt. Ltd.,Premier Securities Company Ltd.,2026-04-15 14:52:40.150840,Excel Development Bank Ltd.
2026041503008832,EDBL,53,6,565,594.9,336118.5,2026-04-15,186515009,274,Investment Management Nepal Pvt. Ltd.,Agrawal Securities (PVT) Ltd.,2026-04-15 14:52:40.150878,Excel Development Bank Ltd.
2026041503008833,EDBL,53,56,500,595.0,297500.0,2026-04-15,186515011,274,Investment Management Nepal Pvt. Ltd.,Sri Hari Securities Pvt. Ltd.,2026-04-15 14:52:40.150915,Excel Development Bank Ltd.
2026041503008837,EDBL,53,1,400,595.1,238040.0,2026-04-15,186515035,274,Investment Management Nepal Pvt. Ltd.,Kumari Securities Private Limited,2026-04-15 14:52:42.902818,Excel Development Bank Ltd.
2026041503008951,EDBL,45,50,28,595.5,16674.0,2026-04-15,186516918,274,Imperial Securities Company Pvt. Ltd.,Cristal Kanchanjanga Securites Pvt. Ltd.,2026-04-15 14:54:22.224850,Excel Development Bank Ltd.
2026041503008980,EDBL,53,50,399,595.5,237604.5,2026-04-15,186517275,274,Investment Management Nepal Pvt. Ltd.,Cristal Kanchanjanga Securites Pvt. Ltd.,2026-04-15 14:54:35.098430,Excel Development Bank Ltd.
2026041503008991,EDBL,53,56,200,595.5,119100.0,2026-04-15,186517479,274,Investment Management Nepal Pvt. Ltd.,Sri Hari Securities Pvt. Ltd.,2026-04-15 14:54:44.309310,Excel Development Bank Ltd.
2026041503009023,EDBL,53,1,200,595.5,119100.0,2026-04-15,186518059,274,Investment Management Nepal Pvt. Ltd.,Kumari Securities Private Limited,2026-04-15 14:55:03.309663,Excel Development Bank Ltd.
