contractId,stockSymbol,buyerMemberId,sellerMemberId,quantity,rate,amount,businessDate,tradeBookId,stockId,buyerBrokerName,sellerBrokerName,transaction_time,securityName
2026041504000311,GLH,57,59,200,286.4,57280.0,2026-04-15,186287954,2924,Aryatara Investment & Securities,Deevyaa Securities & Stock House Pvt. Ltd,2026-04-15 11:03:28.502004,GreenLife Hydropower Limited
2026041504000331,GLH,14,59,250,286.4,71600.0,2026-04-15,186288114,2924,Nepal Stock House (PVT) Ltd.,Deevyaa Securities & Stock House Pvt. Ltd,2026-04-15 11:03:36.619585,GreenLife Hydropower Limited
2026041504000350,GLH,14,58,200,286.5,57300.0,2026-04-15,186288393,2924,Nepal Stock House (PVT) Ltd.,Naasa Securities Co. Ltd.,2026-04-15 11:03:52.433979,GreenLife Hydropower Limited
2026041504000351,GLH,14,62,100,286.5,28650.0,2026-04-15,186288395,2924,Nepal Stock House (PVT) Ltd.,Capital Max Securities Ltd,2026-04-15 11:03:52.434107,GreenLife Hydropower Limited
2026041504000352,GLH,14,58,200,286.5,57300.0,2026-04-15,186288398,2924,Nepal Stock House (PVT) Ltd.,Naasa Securities Co. Ltd.,2026-04-15 11:03:52.434195,GreenLife Hydropower Limited
2026041504000374,GLH,38,58,800,286.5,229200.0,2026-04-15,186288623,2924,Dipshikha Dhitopatra Karobar Co. Pvt Ltd.,Naasa Securities Co. Ltd.,2026-04-15 11:04:02.991340,GreenLife Hydropower Limited
2026041504000375,GLH,38,34,300,286.6,85980.0,2026-04-15,186288625,2924,Dipshikha Dhitopatra Karobar Co. Pvt Ltd.,Vision Securities Pvt. Ltd,2026-04-15 11:04:02.991420,GreenLife Hydropower Limited
2026041504000376,GLH,38,34,50,286.6,14330.0,2026-04-15,186288627,2924,Dipshikha Dhitopatra Karobar Co. Pvt Ltd.,Vision Securities Pvt. Ltd,2026-04-15 11:04:02.991456,GreenLife Hydropower Limited
2026041504000377,GLH,38,42,850,286.6,243610.0,2026-04-15,186288630,2924,Dipshikha Dhitopatra Karobar Co. Pvt Ltd.,Sani Securities Company Ltd.,2026-04-15 11:04:02.991489,GreenLife Hydropower Limited
2026041504000390,GLH,14,42,150,286.6,42990.0,2026-04-15,186288801,2924,Nepal Stock House (PVT) Ltd.,Sani Securities Company Ltd.,2026-04-15 11:04:14.943796,GreenLife Hydropower Limited
2026041504000391,GLH,14,58,365,286.6,104609.0,2026-04-15,186288804,2924,Nepal Stock House (PVT) Ltd.,Naasa Securities Co. Ltd.,2026-04-15 11:04:14.943873,GreenLife Hydropower Limited
2026041504000622,GLH,36,45,30,286.0,8580.0,2026-04-15,186290378,2924,Secured Securities Ltd.,Imperial Securities Company Pvt. Ltd.,2026-04-15 11:06:10.966144,GreenLife Hydropower Limited
2026041504000623,GLH,59,45,135,286.0,38610.0,2026-04-15,186290379,2924,Deevyaa Securities & Stock House Pvt. Ltd,Imperial Securities Company Pvt. Ltd.,2026-04-15 11:06:10.966293,GreenLife Hydropower Limited
2026041504000813,GLH,59,39,300,286.0,85800.0,2026-04-15,186291469,2924,Deevyaa Securities & Stock House Pvt. Ltd,Sumeru Securities Pvt. Ltd.,2026-04-15 11:07:27.624876,GreenLife Hydropower Limited
2026041504000832,GLH,59,22,30,286.0,8580.0,2026-04-15,186291621,2924,Deevyaa Securities & Stock House Pvt. Ltd,Siprabi Securities Pvt. Ltd.,2026-04-15 11:07:35.466400,GreenLife Hydropower Limited
2026041504000915,GLH,59,34,35,286.0,10010.0,2026-04-15,186292308,2924,Deevyaa Securities & Stock House Pvt. Ltd,Vision Securities Pvt. Ltd,2026-04-15 11:08:18.258062,GreenLife Hydropower Limited
2026041504001046,GLH,21,46,10,285.0,2850.0,2026-04-15,186293303,2924,Midas Stock Broking Company Private Limited,Kalika Securities Pvt. Ltd.,2026-04-15 11:09:32.773057,GreenLife Hydropower Limited
2026041504001049,GLH,49,26,500,285.9,142950.0,2026-04-15,186293336,2924,Online Securities Pvt. Ltd.,Asian Securities Private Ltd.,2026-04-15 11:09:35.727082,GreenLife Hydropower Limited
2026041504002341,GLH,45,34,300,284.2,85260.0,2026-04-15,186302224,2924,Imperial Securities Company Pvt. Ltd.,Vision Securities Pvt. Ltd,2026-04-15 11:20:10.668551,GreenLife Hydropower Limited
2026041504002342,GLH,25,34,150,284.1,42615.0,2026-04-15,186302226,2924,Sweta Securities Private Limited,Vision Securities Pvt. Ltd,2026-04-15 11:20:10.668756,GreenLife Hydropower Limited
2026041504002343,GLH,36,34,50,284.0,14200.0,2026-04-15,186302227,2924,Secured Securities Ltd.,Vision Securities Pvt. Ltd,2026-04-15 11:20:10.668889,GreenLife Hydropower Limited
2026041504002533,GLH,25,34,150,283.4,42510.0,2026-04-15,186303750,2924,Sweta Securities Private Limited,Vision Securities Pvt. Ltd,2026-04-15 11:21:35.741256,GreenLife Hydropower Limited
2026041504002534,GLH,38,34,275,283.3,77907.5,2026-04-15,186303752,2924,Dipshikha Dhitopatra Karobar Co. Pvt Ltd.,Vision Securities Pvt. Ltd,2026-04-15 11:21:35.741372,GreenLife Hydropower Limited
2026041504002535,GLH,44,34,200,283.2,56640.0,2026-04-15,186303754,2924,Dynamic Money Managers Securities Pvt. Ltd.,Vision Securities Pvt. Ltd,2026-04-15 11:21:35.741425,GreenLife Hydropower Limited
2026041504002536,GLH,21,34,375,283.1,106162.5,2026-04-15,186303755,2924,Midas Stock Broking Company Private Limited,Vision Securities Pvt. Ltd,2026-04-15 11:21:35.741471,GreenLife Hydropower Limited
2026041504002578,GLH,21,43,125,283.1,35387.5,2026-04-15,186303932,2924,Midas Stock Broking Company Private Limited,South Asian Bulls Pvt. Ltd.,2026-04-15 11:21:46.981094,GreenLife Hydropower Limited
2026041504002579,GLH,60,43,25,283.0,7075.0,2026-04-15,186303933,2924,Nagarik Stock Dealer ,South Asian Bulls Pvt. Ltd.,2026-04-15 11:21:46.981160,GreenLife Hydropower Limited
2026041504002622,GLH,60,43,300,283.0,84900.0,2026-04-15,186304231,2924,Nagarik Stock Dealer ,South Asian Bulls Pvt. Ltd.,2026-04-15 11:22:10.090899,GreenLife Hydropower Limited
2026041504002729,GLH,60,93,175,283.0,49525.0,2026-04-15,186305322,2924,Nagarik Stock Dealer ,Beni Securities Pvt.Ltd.,2026-04-15 11:23:19.297973,GreenLife Hydropower Limited
2026041504002730,GLH,60,93,30,283.0,8490.0,2026-04-15,186305324,2924,Nagarik Stock Dealer ,Beni Securities Pvt.Ltd.,2026-04-15 11:23:19.298191,GreenLife Hydropower Limited
2026041504002731,GLH,42,93,20,283.0,5660.0,2026-04-15,186305326,2924,Sani Securities Company Ltd.,Beni Securities Pvt.Ltd.,2026-04-15 11:23:19.298346,GreenLife Hydropower Limited
2026041504002941,GLH,44,93,500,283.0,141500.0,2026-04-15,186307260,2924,Dynamic Money Managers Securities Pvt. Ltd.,Beni Securities Pvt.Ltd.,2026-04-15 11:25:10.583003,GreenLife Hydropower Limited
2026041504002948,GLH,45,39,50,282.7,14135.0,2026-04-15,186307407,2924,Imperial Securities Company Pvt. Ltd.,Sumeru Securities Pvt. Ltd.,2026-04-15 11:25:18.219309,GreenLife Hydropower Limited
2026041504003023,GLH,45,45,10,282.7,2827.0,2026-04-15,186308149,2924,Imperial Securities Company Pvt. Ltd.,Imperial Securities Company Pvt. Ltd.,2026-04-15 11:26:07.864123,GreenLife Hydropower Limited
2026041504003033,GLH,45,17,40,282.7,11308.0,2026-04-15,186308318,2924,Imperial Securities Company Pvt. Ltd.,ABC Securities Private Limited,2026-04-15 11:26:16.816693,GreenLife Hydropower Limited
2026041504003034,GLH,33,17,300,282.7,84810.0,2026-04-15,186308320,2924,Dakshinkali Investment & Securities Pvt. Ltd.,ABC Securities Private Limited,2026-04-15 11:26:16.816833,GreenLife Hydropower Limited
2026041504003035,GLH,29,17,660,282.6,186516.0,2026-04-15,186308321,2924,Trisul Securities & Invt. Ltd.,ABC Securities Private Limited,2026-04-15 11:26:16.816882,GreenLife Hydropower Limited
2026041504003538,GLH,49,93,500,283.0,141500.0,2026-04-15,186312736,2924,Online Securities Pvt. Ltd.,Beni Securities Pvt.Ltd.,2026-04-15 11:30:48.396476,GreenLife Hydropower Limited
2026041504003558,GLH,52,93,100,283.0,28300.0,2026-04-15,186312942,2924,Sundhara Securities Limited,Beni Securities Pvt.Ltd.,2026-04-15 11:31:03.933341,GreenLife Hydropower Limited
2026041504003607,GLH,56,93,175,283.0,49525.0,2026-04-15,186313275,2924,Sri Hari Securities Pvt. Ltd.,Beni Securities Pvt.Ltd.,2026-04-15 11:31:24.052826,GreenLife Hydropower Limited
2026041504003608,GLH,56,25,30,283.0,8490.0,2026-04-15,186313277,2924,Sri Hari Securities Pvt. Ltd.,Sweta Securities Private Limited,2026-04-15 11:31:24.053072,GreenLife Hydropower Limited
2026041504003830,GLH,42,49,10,284.0,2840.0,2026-04-15,186315587,2924,Sani Securities Company Ltd.,Online Securities Pvt. Ltd.,2026-04-15 11:33:36.269385,GreenLife Hydropower Limited
2026041504004370,GLH,75,93,1500,284.9,427350.0,2026-04-15,186319388,2924,N.I.M.B. Stock Markets Limited,Beni Securities Pvt.Ltd.,2026-04-15 11:37:16.773190,GreenLife Hydropower Limited
2026041504005038,GLH,45,32,150,285.0,42750.0,2026-04-15,186324771,2924,Imperial Securities Company Pvt. Ltd.,Premier Securities Company Ltd.,2026-04-15 11:43:11.977356,GreenLife Hydropower Limited
2026041504005039,GLH,45,58,205,285.0,58425.0,2026-04-15,186324774,2924,Imperial Securities Company Pvt. Ltd.,Naasa Securities Co. Ltd.,2026-04-15 11:43:11.977539,GreenLife Hydropower Limited
2026041504005076,GLH,57,58,95,285.0,27075.0,2026-04-15,186325171,2924,Aryatara Investment & Securities,Naasa Securities Co. Ltd.,2026-04-15 11:43:35.312061,GreenLife Hydropower Limited
2026041504005077,GLH,57,99,10,285.0,2850.0,2026-04-15,186325173,2924,Aryatara Investment & Securities,Prabhu Stock Market Limited,2026-04-15 11:43:35.312365,GreenLife Hydropower Limited
2026041504005119,GLH,57,59,95,285.0,27075.0,2026-04-15,186325570,2924,Aryatara Investment & Securities,Deevyaa Securities & Stock House Pvt. Ltd,2026-04-15 11:44:01.594265,GreenLife Hydropower Limited
2026041504005120,GLH,35,59,105,284.5,29872.5,2026-04-15,186325571,2924,Kohinoor Investment & Securities Pvt. Ltd.,Deevyaa Securities & Stock House Pvt. Ltd,2026-04-15 11:44:01.594407,GreenLife Hydropower Limited
2026041504005580,GLH,56,57,400,284.6,113840.0,2026-04-15,186328691,2924,Sri Hari Securities Pvt. Ltd.,Aryatara Investment & Securities,2026-04-15 11:47:01.598143,GreenLife Hydropower Limited
2026041504005744,GLH,54,16,50,285.5,14275.0,2026-04-15,186329576,2924,Sewa Securities Pvt. Ltd.,Primo Securities (PVT) Ltd.,2026-04-15 11:47:49.215034,GreenLife Hydropower Limited
2026041504005870,GLH,59,50,130,285.0,37050.0,2026-04-15,186330504,2924,Deevyaa Securities & Stock House Pvt. Ltd,Cristal Kanchanjanga Securites Pvt. Ltd.,2026-04-15 11:48:41.437998,GreenLife Hydropower Limited
2026041504006039,GLH,44,16,100,285.5,28550.0,2026-04-15,186332033,2924,Dynamic Money Managers Securities Pvt. Ltd.,Primo Securities (PVT) Ltd.,2026-04-15 11:49:40.794281,GreenLife Hydropower Limited
2026041504006040,GLH,44,25,100,285.5,28550.0,2026-04-15,186332036,2924,Dynamic Money Managers Securities Pvt. Ltd.,Sweta Securities Private Limited,2026-04-15 11:49:40.794647,GreenLife Hydropower Limited
2026041504006041,GLH,17,62,250,285.1,71275.0,2026-04-15,186332039,2924,ABC Securities Private Limited,Capital Max Securities Ltd,2026-04-15 11:49:41.084573,GreenLife Hydropower Limited
2026041504006042,GLH,48,62,100,285.0,28500.0,2026-04-15,186332043,2924,Trishakti Securities Public Limited,Capital Max Securities Ltd,2026-04-15 11:49:41.084710,GreenLife Hydropower Limited
2026041504006117,GLH,75,62,50,285.0,14250.0,2026-04-15,186332721,2924,N.I.M.B. Stock Markets Limited,Capital Max Securities Ltd,2026-04-15 11:49:59.922181,GreenLife Hydropower Limited
2026041504006118,GLH,75,44,500,285.5,142750.0,2026-04-15,186332723,2924,N.I.M.B. Stock Markets Limited,Dynamic Money Managers Securities Pvt. Ltd.,2026-04-15 11:49:59.922354,GreenLife Hydropower Limited
2026041504006119,GLH,75,34,529,286.0,151294.0,2026-04-15,186332725,2924,N.I.M.B. Stock Markets Limited,Vision Securities Pvt. Ltd,2026-04-15 11:49:59.922416,GreenLife Hydropower Limited
2026041504006120,GLH,75,62,100,286.0,28600.0,2026-04-15,186332727,2924,N.I.M.B. Stock Markets Limited,Capital Max Securities Ltd,2026-04-15 11:49:59.922472,GreenLife Hydropower Limited
2026041504006121,GLH,75,35,200,286.0,57200.0,2026-04-15,186332729,2924,N.I.M.B. Stock Markets Limited,Kohinoor Investment & Securities Pvt. Ltd.,2026-04-15 11:49:59.922530,GreenLife Hydropower Limited
2026041504006122,GLH,75,34,280,286.0,80080.0,2026-04-15,186332731,2924,N.I.M.B. Stock Markets Limited,Vision Securities Pvt. Ltd,2026-04-15 11:49:59.922585,GreenLife Hydropower Limited
2026041504006123,GLH,75,45,10,286.0,2860.0,2026-04-15,186332733,2924,N.I.M.B. Stock Markets Limited,Imperial Securities Company Pvt. Ltd.,2026-04-15 11:49:59.922639,GreenLife Hydropower Limited
2026041504006124,GLH,75,59,331,286.0,94666.0,2026-04-15,186332736,2924,N.I.M.B. Stock Markets Limited,Deevyaa Securities & Stock House Pvt. Ltd,2026-04-15 11:49:59.922693,GreenLife Hydropower Limited
2026041504006314,GLH,56,59,19,286.0,5434.0,2026-04-15,186334838,2924,Sri Hari Securities Pvt. Ltd.,Deevyaa Securities & Stock House Pvt. Ltd,2026-04-15 11:51:02.877871,GreenLife Hydropower Limited
2026041504006378,GLH,48,59,95,286.0,27170.0,2026-04-15,186335121,2924,Trishakti Securities Public Limited,Deevyaa Securities & Stock House Pvt. Ltd,2026-04-15 11:51:13.128899,GreenLife Hydropower Limited
2026041504006379,GLH,48,22,10,286.7,2867.0,2026-04-15,186335123,2924,Trishakti Securities Public Limited,Siprabi Securities Pvt. Ltd.,2026-04-15 11:51:13.129170,GreenLife Hydropower Limited
2026041504006380,GLH,48,45,100,286.8,28680.0,2026-04-15,186335125,2924,Trishakti Securities Public Limited,Imperial Securities Company Pvt. Ltd.,2026-04-15 11:51:13.129363,GreenLife Hydropower Limited
2026041504006381,GLH,48,80,1795,286.8,514806.0,2026-04-15,186335128,2924,Trishakti Securities Public Limited,Indira securities pvt. ltd,2026-04-15 11:51:13.129530,GreenLife Hydropower Limited
2026041504006521,GLH,38,80,100,286.8,28680.0,2026-04-15,186336508,2924,Dipshikha Dhitopatra Karobar Co. Pvt Ltd.,Indira securities pvt. ltd,2026-04-15 11:52:14.933899,GreenLife Hydropower Limited
2026041504006551,GLH,49,50,10,286.0,2860.0,2026-04-15,186336705,2924,Online Securities Pvt. Ltd.,Cristal Kanchanjanga Securites Pvt. Ltd.,2026-04-15 11:52:24.557213,GreenLife Hydropower Limited
2026041504006725,GLH,4,80,500,286.8,143400.0,2026-04-15,186338098,2924,Opal Securities Investment (PVT) Ltd.,Indira securities pvt. ltd,2026-04-15 11:53:19.057335,GreenLife Hydropower Limited
2026041504006829,GLH,46,80,129,286.8,36997.2,2026-04-15,186338736,2924,Kalika Securities Pvt. Ltd.,Indira securities pvt. ltd,2026-04-15 11:53:52.531747,GreenLife Hydropower Limited
2026041504006883,GLH,41,80,200,286.8,57360.0,2026-04-15,186339464,2924,Linch Stock Market Ltd.,Indira securities pvt. ltd,2026-04-15 11:54:17.603305,GreenLife Hydropower Limited
2026041504006893,GLH,38,39,100,286.1,28610.0,2026-04-15,186339623,2924,Dipshikha Dhitopatra Karobar Co. Pvt Ltd.,Sumeru Securities Pvt. Ltd.,2026-04-15 11:54:26.533250,GreenLife Hydropower Limited
2026041504006966,GLH,38,39,100,286.1,28610.0,2026-04-15,186340287,2924,Dipshikha Dhitopatra Karobar Co. Pvt Ltd.,Sumeru Securities Pvt. Ltd.,2026-04-15 11:54:58.659154,GreenLife Hydropower Limited
2026041504006973,GLH,66,80,993,286.8,284792.4,2026-04-15,186340353,2924,Miyo Securities Pvt Ltd,Indira securities pvt. ltd,2026-04-15 11:55:01.704587,GreenLife Hydropower Limited
2026041504006974,GLH,66,52,1000,287.0,287000.0,2026-04-15,186340355,2924,Miyo Securities Pvt Ltd,Sundhara Securities Limited,2026-04-15 11:55:01.704710,GreenLife Hydropower Limited
2026041504006975,GLH,66,16,500,287.0,143500.0,2026-04-15,186340357,2924,Miyo Securities Pvt Ltd,Primo Securities (PVT) Ltd.,2026-04-15 11:55:01.704780,GreenLife Hydropower Limited
2026041504006976,GLH,66,45,507,287.0,145509.0,2026-04-15,186340360,2924,Miyo Securities Pvt Ltd,Imperial Securities Company Pvt. Ltd.,2026-04-15 11:55:01.704846,GreenLife Hydropower Limited
2026041504006988,GLH,49,58,220,286.0,62920.0,2026-04-15,186340442,2924,Online Securities Pvt. Ltd.,Naasa Securities Co. Ltd.,2026-04-15 11:55:06.412879,GreenLife Hydropower Limited
2026041504006989,GLH,29,58,350,286.0,100100.0,2026-04-15,186340444,2924,Trisul Securities & Invt. Ltd.,Naasa Securities Co. Ltd.,2026-04-15 11:55:06.412922,GreenLife Hydropower Limited
2026041504006990,GLH,58,58,15,286.0,4290.0,2026-04-15,186340445,2924,Naasa Securities Co. Ltd.,Naasa Securities Co. Ltd.,2026-04-15 11:55:06.412954,GreenLife Hydropower Limited
2026041504007011,GLH,42,45,493,287.0,141491.0,2026-04-15,186340539,2924,Sani Securities Company Ltd.,Imperial Securities Company Pvt. Ltd.,2026-04-15 11:55:11.159575,GreenLife Hydropower Limited
2026041504007012,GLH,42,52,2507,287.0,719509.0,2026-04-15,186340542,2924,Sani Securities Company Ltd.,Sundhara Securities Limited,2026-04-15 11:55:11.159709,GreenLife Hydropower Limited
2026041504007019,GLH,14,52,125,287.0,35875.0,2026-04-15,186340600,2924,Nepal Stock House (PVT) Ltd.,Sundhara Securities Limited,2026-04-15 11:55:15.859681,GreenLife Hydropower Limited
2026041504007042,GLH,35,52,368,287.0,105616.0,2026-04-15,186340719,2924,Kohinoor Investment & Securities Pvt. Ltd.,Sundhara Securities Limited,2026-04-15 11:55:23.630584,GreenLife Hydropower Limited
2026041504007166,GLH,42,38,10,287.0,2870.0,2026-04-15,186341659,2924,Sani Securities Company Ltd.,Dipshikha Dhitopatra Karobar Co. Pvt Ltd.,2026-04-15 11:56:01.215818,GreenLife Hydropower Limited
2026041504007184,GLH,29,59,300,287.9,86370.0,2026-04-15,186341882,2924,Trisul Securities & Invt. Ltd.,Deevyaa Securities & Stock House Pvt. Ltd,2026-04-15 11:56:07.181272,GreenLife Hydropower Limited
2026041504007220,GLH,35,53,500,288.0,144000.0,2026-04-15,186342171,2924,Kohinoor Investment & Securities Pvt. Ltd.,Investment Management Nepal Pvt. Ltd.,2026-04-15 11:56:25.424175,GreenLife Hydropower Limited
2026041504007221,GLH,35,16,110,288.0,31680.0,2026-04-15,186342173,2924,Kohinoor Investment & Securities Pvt. Ltd.,Primo Securities (PVT) Ltd.,2026-04-15 11:56:25.424303,GreenLife Hydropower Limited
2026041504007222,GLH,35,41,10,288.0,2880.0,2026-04-15,186342175,2924,Kohinoor Investment & Securities Pvt. Ltd.,Linch Stock Market Ltd.,2026-04-15 11:56:25.424371,GreenLife Hydropower Limited
2026041504007223,GLH,35,85,10,288.0,2880.0,2026-04-15,186342177,2924,Kohinoor Investment & Securities Pvt. Ltd.,Capital Hub P. Ltd,2026-04-15 11:56:25.424429,GreenLife Hydropower Limited
2026041504007246,GLH,58,33,10,287.1,2871.0,2026-04-15,186342343,2924,Naasa Securities Co. Ltd.,Dakshinkali Investment & Securities Pvt. Ltd.,2026-04-15 11:56:34.354516,GreenLife Hydropower Limited
2026041504007284,GLH,51,69,2000,288.0,576000.0,2026-04-15,186342496,2924,Oxford Securities Pvt. Ltd.,INDEX SECURITIES LIMITED,2026-04-15 11:56:45.855712,GreenLife Hydropower Limited
2026041504007676,GLH,51,57,270,288.0,77760.0,2026-04-15,186344845,2924,Oxford Securities Pvt. Ltd.,Aryatara Investment & Securities,2026-04-15 11:58:28.570360,GreenLife Hydropower Limited
2026041504007849,GLH,3,7,10,287.2,2872.0,2026-04-15,186346329,2924,Arun Securities (PVT) Ltd.,J.F. Securites (PVT) Ltd.,2026-04-15 11:59:23.383058,GreenLife Hydropower Limited
2026041504008583,GLH,35,62,100,287.1,28710.0,2026-04-15,186350519,2924,Kohinoor Investment & Securities Pvt. Ltd.,Capital Max Securities Ltd,2026-04-15 12:02:56.044142,GreenLife Hydropower Limited
2026041504008592,GLH,35,71,10,287.1,2871.0,2026-04-15,186350573,2924,Kohinoor Investment & Securities Pvt. Ltd.,SHUBHAKAMANA SECURITIES PVT. LTD,2026-04-15 12:03:00.643194,GreenLife Hydropower Limited
2026041504008775,GLH,17,59,500,287.2,143600.0,2026-04-15,186351654,2924,ABC Securities Private Limited,Deevyaa Securities & Stock House Pvt. Ltd,2026-04-15 12:03:54.649321,GreenLife Hydropower Limited
2026041504008776,GLH,35,59,390,287.1,111969.0,2026-04-15,186351656,2924,Kohinoor Investment & Securities Pvt. Ltd.,Deevyaa Securities & Stock House Pvt. Ltd,2026-04-15 12:03:54.649465,GreenLife Hydropower Limited
2026041504008777,GLH,42,59,490,287.0,140630.0,2026-04-15,186351658,2924,Sani Securities Company Ltd.,Deevyaa Securities & Stock House Pvt. Ltd,2026-04-15 12:03:54.649534,GreenLife Hydropower Limited
2026041504008778,GLH,39,59,848,287.0,243376.0,2026-04-15,186351659,2924,Sumeru Securities Pvt. Ltd.,Deevyaa Securities & Stock House Pvt. Ltd,2026-04-15 12:03:54.649594,GreenLife Hydropower Limited
2026041504008806,GLH,58,42,10,287.5,2875.0,2026-04-15,186351811,2924,Naasa Securities Co. Ltd.,Sani Securities Company Ltd.,2026-04-15 12:04:03.881570,GreenLife Hydropower Limited
2026041504008882,GLH,58,49,10,287.5,2875.0,2026-04-15,186352329,2924,Naasa Securities Co. Ltd.,Online Securities Pvt. Ltd.,2026-04-15 12:04:26.339788,GreenLife Hydropower Limited
2026041504009882,GLH,58,40,10,287.5,2875.0,2026-04-15,186358312,2924,Naasa Securities Co. Ltd.,Creative Securities Pvt Ltd,2026-04-15 12:10:29.168504,GreenLife Hydropower Limited
2026041504009915,GLH,39,35,52,287.0,14924.0,2026-04-15,186358506,2924,Sumeru Securities Pvt. Ltd.,Kohinoor Investment & Securities Pvt. Ltd.,2026-04-15 12:10:44.829628,GreenLife Hydropower Limited
2026041504009952,GLH,6,35,100,287.0,28700.0,2026-04-15,186358769,2924,Agrawal Securities (PVT) Ltd.,Kohinoor Investment & Securities Pvt. Ltd.,2026-04-15 12:10:59.553263,GreenLife Hydropower Limited
2026041504009977,GLH,34,59,1000,286.1,286100.0,2026-04-15,186358881,2924,Vision Securities Pvt. Ltd,Deevyaa Securities & Stock House Pvt. Ltd,2026-04-15 12:11:08.229281,GreenLife Hydropower Limited
2026041504009999,GLH,58,57,52,286.0,14872.0,2026-04-15,186359027,2924,Naasa Securities Co. Ltd.,Aryatara Investment & Securities,2026-04-15 12:11:21.358441,GreenLife Hydropower Limited
2026041504010102,GLH,58,40,90,286.0,25740.0,2026-04-15,186359813,2924,Naasa Securities Co. Ltd.,Creative Securities Pvt Ltd,2026-04-15 12:12:16.201857,GreenLife Hydropower Limited
2026041504010140,GLH,58,42,193,286.0,55198.0,2026-04-15,186360034,2924,Naasa Securities Co. Ltd.,Sani Securities Company Ltd.,2026-04-15 12:12:31.720234,GreenLife Hydropower Limited
2026041504010141,GLH,6,42,200,286.0,57200.0,2026-04-15,186360036,2924,Agrawal Securities (PVT) Ltd.,Sani Securities Company Ltd.,2026-04-15 12:12:31.720563,GreenLife Hydropower Limited
2026041504010142,GLH,49,42,380,286.0,108680.0,2026-04-15,186360038,2924,Online Securities Pvt. Ltd.,Sani Securities Company Ltd.,2026-04-15 12:12:31.720765,GreenLife Hydropower Limited
2026041504010143,GLH,45,42,50,285.5,14275.0,2026-04-15,186360040,2924,Imperial Securities Company Pvt. Ltd.,Sani Securities Company Ltd.,2026-04-15 12:12:31.720956,GreenLife Hydropower Limited
2026041504010144,GLH,56,42,1000,285.2,285200.0,2026-04-15,186360042,2924,Sri Hari Securities Pvt. Ltd.,Sani Securities Company Ltd.,2026-04-15 12:12:31.721195,GreenLife Hydropower Limited
2026041504010145,GLH,56,42,106,285.1,30220.6,2026-04-15,186360043,2924,Sri Hari Securities Pvt. Ltd.,Sani Securities Company Ltd.,2026-04-15 12:12:31.721429,GreenLife Hydropower Limited
2026041504010444,GLH,52,52,3,280.0,840.0,2026-04-15,186362169,2924,Sundhara Securities Limited,Sundhara Securities Limited,2026-04-15 12:14:11.488742,GreenLife Hydropower Limited
2026041504010445,GLH,4,34,15,285.2,4278.0,2026-04-15,186362172,2924,Opal Securities Investment (PVT) Ltd.,Vision Securities Pvt. Ltd,2026-04-15 12:14:11.631613,GreenLife Hydropower Limited
2026041504010446,GLH,56,34,289,285.1,82393.9,2026-04-15,186362174,2924,Sri Hari Securities Pvt. Ltd.,Vision Securities Pvt. Ltd,2026-04-15 12:14:11.631787,GreenLife Hydropower Limited
2026041504010447,GLH,39,34,100,285.0,28500.0,2026-04-15,186362176,2924,Sumeru Securities Pvt. Ltd.,Vision Securities Pvt. Ltd,2026-04-15 12:14:11.631861,GreenLife Hydropower Limited
2026041504010448,GLH,39,34,121,285.0,34485.0,2026-04-15,186362178,2924,Sumeru Securities Pvt. Ltd.,Vision Securities Pvt. Ltd,2026-04-15 12:14:11.631928,GreenLife Hydropower Limited
2026041504010449,GLH,52,34,200,285.0,57000.0,2026-04-15,186362180,2924,Sundhara Securities Limited,Vision Securities Pvt. Ltd,2026-04-15 12:14:11.631997,GreenLife Hydropower Limited
2026041504010450,GLH,39,34,200,285.0,57000.0,2026-04-15,186362182,2924,Sumeru Securities Pvt. Ltd.,Vision Securities Pvt. Ltd,2026-04-15 12:14:11.632061,GreenLife Hydropower Limited
2026041504010451,GLH,6,34,75,285.0,21375.0,2026-04-15,186362183,2924,Agrawal Securities (PVT) Ltd.,Vision Securities Pvt. Ltd,2026-04-15 12:14:11.632124,GreenLife Hydropower Limited
2026041504010798,GLH,41,35,153,287.0,43911.0,2026-04-15,186365036,2924,Linch Stock Market Ltd.,Kohinoor Investment & Securities Pvt. Ltd.,2026-04-15 12:15:55.954512,GreenLife Hydropower Limited
2026041504010864,GLH,48,48,50,286.0,14300.0,2026-04-15,186365883,2924,Trishakti Securities Public Limited,Trishakti Securities Public Limited,2026-04-15 12:16:21.332968,GreenLife Hydropower Limited
2026041504011013,GLH,48,51,60,286.0,17160.0,2026-04-15,186367991,2924,Trishakti Securities Public Limited,Oxford Securities Pvt. Ltd.,2026-04-15 12:17:27.113200,GreenLife Hydropower Limited
2026041504011284,GLH,59,62,10,286.1,2861.0,2026-04-15,186370641,2924,Deevyaa Securities & Stock House Pvt. Ltd,Capital Max Securities Ltd,2026-04-15 12:19:05.181228,GreenLife Hydropower Limited
2026041504011508,GLH,48,35,190,287.0,54530.0,2026-04-15,186372092,2924,Trishakti Securities Public Limited,Kohinoor Investment & Securities Pvt. Ltd.,2026-04-15 12:20:27.795811,GreenLife Hydropower Limited
2026041504011665,GLH,59,45,10,286.3,2863.0,2026-04-15,186373133,2924,Deevyaa Securities & Stock House Pvt. Ltd,Imperial Securities Company Pvt. Ltd.,2026-04-15 12:21:10.520081,GreenLife Hydropower Limited
2026041504011716,GLH,59,44,10,286.3,2863.0,2026-04-15,186373327,2924,Deevyaa Securities & Stock House Pvt. Ltd,Dynamic Money Managers Securities Pvt. Ltd.,2026-04-15 12:21:17.624981,GreenLife Hydropower Limited
2026041504011739,GLH,65,35,505,287.0,144935.0,2026-04-15,186373421,2924,Sharepro Securities Private Limited,Kohinoor Investment & Securities Pvt. Ltd.,2026-04-15 12:21:21.372805,GreenLife Hydropower Limited
2026041504011740,GLH,65,48,300,287.0,86100.0,2026-04-15,186373423,2924,Sharepro Securities Private Limited,Trishakti Securities Public Limited,2026-04-15 12:21:21.373049,GreenLife Hydropower Limited
2026041504011816,GLH,48,94,100,287.8,28780.0,2026-04-15,186373926,2924,Trishakti Securities Public Limited,K.B.L. Securities Limited ,2026-04-15 12:21:43.799072,GreenLife Hydropower Limited
2026041504012006,GLH,59,94,900,287.8,259020.0,2026-04-15,186375451,2924,Deevyaa Securities & Stock House Pvt. Ltd,K.B.L. Securities Limited ,2026-04-15 12:22:51.591685,GreenLife Hydropower Limited
2026041504012073,GLH,59,62,25,287.8,7195.0,2026-04-15,186375907,2924,Deevyaa Securities & Stock House Pvt. Ltd,Capital Max Securities Ltd,2026-04-15 12:23:11.214726,GreenLife Hydropower Limited
2026041504012141,GLH,59,11,45,287.8,12951.0,2026-04-15,186376417,2924,Deevyaa Securities & Stock House Pvt. Ltd,Malla & Malla Stock Broking Company Pvt. Limited,2026-04-15 12:23:36.970547,GreenLife Hydropower Limited
2026041504012531,GLH,65,16,1000,287.9,287900.0,2026-04-15,186379009,2924,Sharepro Securities Private Limited,Primo Securities (PVT) Ltd.,2026-04-15 12:25:35.785200,GreenLife Hydropower Limited
2026041504012532,GLH,65,58,300,288.0,86400.0,2026-04-15,186379011,2924,Sharepro Securities Private Limited,Naasa Securities Co. Ltd.,2026-04-15 12:25:35.785398,GreenLife Hydropower Limited
2026041504012533,GLH,65,34,1433,288.0,412704.0,2026-04-15,186379013,2924,Sharepro Securities Private Limited,Vision Securities Pvt. Ltd,2026-04-15 12:25:35.785473,GreenLife Hydropower Limited
2026041504012534,GLH,65,49,10,288.0,2880.0,2026-04-15,186379015,2924,Sharepro Securities Private Limited,Online Securities Pvt. Ltd.,2026-04-15 12:25:35.785545,GreenLife Hydropower Limited
2026041504012535,GLH,65,11,500,288.0,144000.0,2026-04-15,186379017,2924,Sharepro Securities Private Limited,Malla & Malla Stock Broking Company Pvt. Limited,2026-04-15 12:25:35.785615,GreenLife Hydropower Limited
2026041504012536,GLH,65,29,220,288.0,63360.0,2026-04-15,186379019,2924,Sharepro Securities Private Limited,Trisul Securities & Invt. Ltd.,2026-04-15 12:25:35.785712,GreenLife Hydropower Limited
2026041504012634,GLH,65,58,10,288.5,2885.0,2026-04-15,186379869,2924,Sharepro Securities Private Limited,Naasa Securities Co. Ltd.,2026-04-15 12:26:13.717293,GreenLife Hydropower Limited
2026041504012635,GLH,65,28,50,288.6,14430.0,2026-04-15,186379871,2924,Sharepro Securities Private Limited,Shree Krishna Securities Ltd.,2026-04-15 12:26:13.717530,GreenLife Hydropower Limited
2026041504012636,GLH,65,57,100,288.6,28860.0,2026-04-15,186379873,2924,Sharepro Securities Private Limited,Aryatara Investment & Securities,2026-04-15 12:26:13.717628,GreenLife Hydropower Limited
2026041504012637,GLH,65,16,2000,288.7,577400.0,2026-04-15,186379875,2924,Sharepro Securities Private Limited,Primo Securities (PVT) Ltd.,2026-04-15 12:26:13.717710,GreenLife Hydropower Limited
2026041504012638,GLH,65,43,100,288.8,28880.0,2026-04-15,186379877,2924,Sharepro Securities Private Limited,South Asian Bulls Pvt. Ltd.,2026-04-15 12:26:13.717791,GreenLife Hydropower Limited
2026041504012639,GLH,65,41,1507,288.9,435372.3,2026-04-15,186379879,2924,Sharepro Securities Private Limited,Linch Stock Market Ltd.,2026-04-15 12:26:13.717875,GreenLife Hydropower Limited
2026041504012640,GLH,65,50,10,288.9,2889.0,2026-04-15,186379881,2924,Sharepro Securities Private Limited,Cristal Kanchanjanga Securites Pvt. Ltd.,2026-04-15 12:26:13.717993,GreenLife Hydropower Limited
2026041504012711,GLH,65,36,1000,288.9,288900.0,2026-04-15,186380397,2924,Sharepro Securities Private Limited,Secured Securities Ltd.,2026-04-15 12:26:37.116473,GreenLife Hydropower Limited
2026041504012745,GLH,44,32,500,289.0,144500.0,2026-04-15,186380660,2924,Dynamic Money Managers Securities Pvt. Ltd.,Premier Securities Company Ltd.,2026-04-15 12:26:53.559008,GreenLife Hydropower Limited
2026041504012772,GLH,65,34,210,288.9,60669.0,2026-04-15,186380811,2924,Sharepro Securities Private Limited,Vision Securities Pvt. Ltd,2026-04-15 12:27:03.697011,GreenLife Hydropower Limited
2026041504012801,GLH,65,32,460,289.0,132940.0,2026-04-15,186380955,2924,Sharepro Securities Private Limited,Premier Securities Company Ltd.,2026-04-15 12:27:10.667257,GreenLife Hydropower Limited
2026041504012802,GLH,65,45,100,289.0,28900.0,2026-04-15,186380957,2924,Sharepro Securities Private Limited,Imperial Securities Company Pvt. Ltd.,2026-04-15 12:27:10.667638,GreenLife Hydropower Limited
2026041504012803,GLH,65,35,2000,289.0,578000.0,2026-04-15,186380959,2924,Sharepro Securities Private Limited,Kohinoor Investment & Securities Pvt. Ltd.,2026-04-15 12:27:10.667835,GreenLife Hydropower Limited
2026041504012804,GLH,65,62,100,289.0,28900.0,2026-04-15,186380961,2924,Sharepro Securities Private Limited,Capital Max Securities Ltd,2026-04-15 12:27:10.668041,GreenLife Hydropower Limited
2026041504012820,GLH,65,89,10,289.0,2890.0,2026-04-15,186381013,2924,Sharepro Securities Private Limited,Global IME Securities Limited,2026-04-15 12:27:13.073568,GreenLife Hydropower Limited
2026041504012873,GLH,65,34,200,289.0,57800.0,2026-04-15,186381385,2924,Sharepro Securities Private Limited,Vision Securities Pvt. Ltd,2026-04-15 12:27:33.771513,GreenLife Hydropower Limited
2026041504012879,GLH,65,89,10,289.0,2890.0,2026-04-15,186381429,2924,Sharepro Securities Private Limited,Global IME Securities Limited,2026-04-15 12:27:39.527238,GreenLife Hydropower Limited
2026041504012967,GLH,14,16,1000,289.1,289100.0,2026-04-15,186381685,2924,Nepal Stock House (PVT) Ltd.,Primo Securities (PVT) Ltd.,2026-04-15 12:27:46.610509,GreenLife Hydropower Limited
2026041504013012,GLH,14,89,10,289.1,2891.0,2026-04-15,186381929,2924,Nepal Stock House (PVT) Ltd.,Global IME Securities Limited,2026-04-15 12:28:02.391137,GreenLife Hydropower Limited
2026041504013030,GLH,19,59,450,289.2,130140.0,2026-04-15,186382043,2924,Nepal Investment And Securities Trading Private Limited,Deevyaa Securities & Stock House Pvt. Ltd,2026-04-15 12:28:09.129338,GreenLife Hydropower Limited
2026041504013031,GLH,19,16,1000,289.2,289200.0,2026-04-15,186382045,2924,Nepal Investment And Securities Trading Private Limited,Primo Securities (PVT) Ltd.,2026-04-15 12:28:09.129435,GreenLife Hydropower Limited
2026041504013032,GLH,19,50,50,289.3,14465.0,2026-04-15,186382048,2924,Nepal Investment And Securities Trading Private Limited,Cristal Kanchanjanga Securites Pvt. Ltd.,2026-04-15 12:28:09.129506,GreenLife Hydropower Limited
2026041504013037,GLH,65,50,450,289.3,130185.0,2026-04-15,186382059,2924,Sharepro Securities Private Limited,Cristal Kanchanjanga Securites Pvt. Ltd.,2026-04-15 12:28:09.797223,GreenLife Hydropower Limited
2026041504013038,GLH,65,16,1000,289.3,289300.0,2026-04-15,186382061,2924,Sharepro Securities Private Limited,Primo Securities (PVT) Ltd.,2026-04-15 12:28:09.797446,GreenLife Hydropower Limited
2026041504013039,GLH,65,22,25,289.4,7235.0,2026-04-15,186382063,2924,Sharepro Securities Private Limited,Siprabi Securities Pvt. Ltd.,2026-04-15 12:28:09.797519,GreenLife Hydropower Limited
2026041504013040,GLH,65,16,1000,289.4,289400.0,2026-04-15,186382065,2924,Sharepro Securities Private Limited,Primo Securities (PVT) Ltd.,2026-04-15 12:28:09.797593,GreenLife Hydropower Limited
2026041504013041,GLH,65,16,1000,289.5,289500.0,2026-04-15,186382067,2924,Sharepro Securities Private Limited,Primo Securities (PVT) Ltd.,2026-04-15 12:28:09.797664,GreenLife Hydropower Limited
2026041504013042,GLH,65,16,1000,289.6,289600.0,2026-04-15,186382069,2924,Sharepro Securities Private Limited,Primo Securities (PVT) Ltd.,2026-04-15 12:28:09.797736,GreenLife Hydropower Limited
2026041504013043,GLH,65,40,16,289.6,4633.6,2026-04-15,186382071,2924,Sharepro Securities Private Limited,Creative Securities Pvt Ltd,2026-04-15 12:28:09.797809,GreenLife Hydropower Limited
2026041504013044,GLH,65,7,10,289.6,2896.0,2026-04-15,186382073,2924,Sharepro Securities Private Limited,J.F. Securites (PVT) Ltd.,2026-04-15 12:28:09.797881,GreenLife Hydropower Limited
2026041504013045,GLH,65,16,499,289.9,144660.1,2026-04-15,186382076,2924,Sharepro Securities Private Limited,Primo Securities (PVT) Ltd.,2026-04-15 12:28:09.797950,GreenLife Hydropower Limited
2026041504013154,GLH,35,58,100,289.9,28990.0,2026-04-15,186382843,2924,Kohinoor Investment & Securities Pvt. Ltd.,Naasa Securities Co. Ltd.,2026-04-15 12:28:47.482596,GreenLife Hydropower Limited
2026041504013155,GLH,35,43,200,289.9,57980.0,2026-04-15,186382845,2924,Kohinoor Investment & Securities Pvt. Ltd.,South Asian Bulls Pvt. Ltd.,2026-04-15 12:28:47.482930,GreenLife Hydropower Limited
2026041504013156,GLH,35,89,10,289.9,2899.0,2026-04-15,186382847,2924,Kohinoor Investment & Securities Pvt. Ltd.,Global IME Securities Limited,2026-04-15 12:28:47.483155,GreenLife Hydropower Limited
2026041504013157,GLH,35,6,665,290.0,192850.0,2026-04-15,186382849,2924,Kohinoor Investment & Securities Pvt. Ltd.,Agrawal Securities (PVT) Ltd.,2026-04-15 12:28:47.483397,GreenLife Hydropower Limited
2026041504013158,GLH,35,45,1000,290.0,290000.0,2026-04-15,186382851,2924,Kohinoor Investment & Securities Pvt. Ltd.,Imperial Securities Company Pvt. Ltd.,2026-04-15 12:28:47.483604,GreenLife Hydropower Limited
2026041504013159,GLH,35,99,500,290.0,145000.0,2026-04-15,186382853,2924,Kohinoor Investment & Securities Pvt. Ltd.,Prabhu Stock Market Limited,2026-04-15 12:28:47.483803,GreenLife Hydropower Limited
2026041504013160,GLH,35,62,25,290.0,7250.0,2026-04-15,186382856,2924,Kohinoor Investment & Securities Pvt. Ltd.,Capital Max Securities Ltd,2026-04-15 12:28:47.484015,GreenLife Hydropower Limited
2026041504013331,GLH,11,11,500,289.2,144600.0,2026-04-15,186384043,2924,Malla & Malla Stock Broking Company Pvt. Limited,Malla & Malla Stock Broking Company Pvt. Limited,2026-04-15 12:29:57.279752,GreenLife Hydropower Limited
2026041504013346,GLH,11,36,500,289.2,144600.0,2026-04-15,186384096,2924,Malla & Malla Stock Broking Company Pvt. Limited,Secured Securities Ltd.,2026-04-15 12:30:01.560303,GreenLife Hydropower Limited
2026041504013347,GLH,14,36,490,289.1,141659.0,2026-04-15,186384098,2924,Nepal Stock House (PVT) Ltd.,Secured Securities Ltd.,2026-04-15 12:30:01.560516,GreenLife Hydropower Limited
2026041504013348,GLH,94,36,1000,289.1,289100.0,2026-04-15,186384100,2924,K.B.L. Securities Limited ,Secured Securities Ltd.,2026-04-15 12:30:01.560596,GreenLife Hydropower Limited
2026041504013349,GLH,65,36,120,289.0,34680.0,2026-04-15,186384102,2924,Sharepro Securities Private Limited,Secured Securities Ltd.,2026-04-15 12:30:01.560665,GreenLife Hydropower Limited
2026041504013350,GLH,14,36,890,289.0,257210.0,2026-04-15,186384103,2924,Nepal Stock House (PVT) Ltd.,Secured Securities Ltd.,2026-04-15 12:30:01.560731,GreenLife Hydropower Limited
2026041504013460,GLH,34,89,10,289.3,2893.0,2026-04-15,186384815,2924,Vision Securities Pvt. Ltd,Global IME Securities Limited,2026-04-15 12:30:38.815082,GreenLife Hydropower Limited
2026041504013470,GLH,11,34,200,289.8,57960.0,2026-04-15,186384871,2924,Malla & Malla Stock Broking Company Pvt. Limited,Vision Securities Pvt. Ltd,2026-04-15 12:30:42.395266,GreenLife Hydropower Limited
2026041504013471,GLH,11,89,10,289.9,2899.0,2026-04-15,186384873,2924,Malla & Malla Stock Broking Company Pvt. Limited,Global IME Securities Limited,2026-04-15 12:30:42.395465,GreenLife Hydropower Limited
2026041504013472,GLH,11,43,200,289.9,57980.0,2026-04-15,186384875,2924,Malla & Malla Stock Broking Company Pvt. Limited,South Asian Bulls Pvt. Ltd.,2026-04-15 12:30:42.395540,GreenLife Hydropower Limited
2026041504013473,GLH,11,62,575,290.0,166750.0,2026-04-15,186384877,2924,Malla & Malla Stock Broking Company Pvt. Limited,Capital Max Securities Ltd,2026-04-15 12:30:42.395609,GreenLife Hydropower Limited
2026041504013474,GLH,11,44,907,290.0,263030.0,2026-04-15,186384879,2924,Malla & Malla Stock Broking Company Pvt. Limited,Dynamic Money Managers Securities Pvt. Ltd.,2026-04-15 12:30:42.395677,GreenLife Hydropower Limited
2026041504013475,GLH,11,58,50,290.0,14500.0,2026-04-15,186384882,2924,Malla & Malla Stock Broking Company Pvt. Limited,Naasa Securities Co. Ltd.,2026-04-15 12:30:42.395748,GreenLife Hydropower Limited
2026041504013476,GLH,11,51,50,290.0,14500.0,2026-04-15,186384885,2924,Malla & Malla Stock Broking Company Pvt. Limited,Oxford Securities Pvt. Ltd.,2026-04-15 12:30:42.395817,GreenLife Hydropower Limited
2026041504013515,GLH,34,16,500,289.3,144650.0,2026-04-15,186385151,2924,Vision Securities Pvt. Ltd,Primo Securities (PVT) Ltd.,2026-04-15 12:31:01.632853,GreenLife Hydropower Limited
2026041504013522,GLH,17,22,15,290.0,4350.0,2026-04-15,186385223,2924,ABC Securities Private Limited,Siprabi Securities Pvt. Ltd.,2026-04-15 12:31:06.223698,GreenLife Hydropower Limited
2026041504013523,GLH,17,52,1485,290.0,430650.0,2026-04-15,186385226,2924,ABC Securities Private Limited,Sundhara Securities Limited,2026-04-15 12:31:06.223807,GreenLife Hydropower Limited
2026041504013531,GLH,34,21,490,289.3,141757.0,2026-04-15,186385306,2924,Vision Securities Pvt. Ltd,Midas Stock Broking Company Private Limited,2026-04-15 12:31:10.139169,GreenLife Hydropower Limited
2026041504013532,GLH,48,21,500,289.3,144650.0,2026-04-15,186385308,2924,Trishakti Securities Public Limited,Midas Stock Broking Company Private Limited,2026-04-15 12:31:10.139342,GreenLife Hydropower Limited
2026041504013533,GLH,14,21,610,289.0,176290.0,2026-04-15,186385310,2924,Nepal Stock House (PVT) Ltd.,Midas Stock Broking Company Private Limited,2026-04-15 12:31:10.139416,GreenLife Hydropower Limited
2026041504013534,GLH,58,21,400,289.0,115600.0,2026-04-15,186385311,2924,Naasa Securities Co. Ltd.,Midas Stock Broking Company Private Limited,2026-04-15 12:31:10.139488,GreenLife Hydropower Limited
2026041504013536,GLH,17,52,515,290.0,149350.0,2026-04-15,186385325,2924,ABC Securities Private Limited,Sundhara Securities Limited,2026-04-15 12:31:10.579183,GreenLife Hydropower Limited
2026041504013537,GLH,17,69,985,290.0,285650.0,2026-04-15,186385328,2924,ABC Securities Private Limited,INDEX SECURITIES LIMITED,2026-04-15 12:31:10.579344,GreenLife Hydropower Limited
2026041504013543,GLH,53,43,200,289.9,57980.0,2026-04-15,186385355,2924,Investment Management Nepal Pvt. Ltd.,South Asian Bulls Pvt. Ltd.,2026-04-15 12:31:12.646617,GreenLife Hydropower Limited
2026041504013544,GLH,53,69,1015,290.0,294350.0,2026-04-15,186385357,2924,Investment Management Nepal Pvt. Ltd.,INDEX SECURITIES LIMITED,2026-04-15 12:31:12.646669,GreenLife Hydropower Limited
2026041504013545,GLH,53,58,10,290.0,2900.0,2026-04-15,186385359,2924,Investment Management Nepal Pvt. Ltd.,Naasa Securities Co. Ltd.,2026-04-15 12:31:12.646701,GreenLife Hydropower Limited
2026041504013546,GLH,53,32,775,290.0,224750.0,2026-04-15,186385362,2924,Investment Management Nepal Pvt. Ltd.,Premier Securities Company Ltd.,2026-04-15 12:31:12.646734,GreenLife Hydropower Limited
2026041504013572,GLH,17,32,25,290.0,7250.0,2026-04-15,186385571,2924,ABC Securities Private Limited,Premier Securities Company Ltd.,2026-04-15 12:31:16.923773,GreenLife Hydropower Limited
2026041504013573,GLH,17,34,975,290.0,282750.0,2026-04-15,186385574,2924,ABC Securities Private Limited,Vision Securities Pvt. Ltd,2026-04-15 12:31:16.923870,GreenLife Hydropower Limited
2026041504013635,GLH,70,34,800,290.0,232000.0,2026-04-15,186386032,2924,Infinity Securities Limited,Vision Securities Pvt. Ltd,2026-04-15 12:31:47.015097,GreenLife Hydropower Limited
2026041504013656,GLH,53,34,225,290.0,65250.0,2026-04-15,186386111,2924,Investment Management Nepal Pvt. Ltd.,Vision Securities Pvt. Ltd,2026-04-15 12:31:52.071954,GreenLife Hydropower Limited
2026041504013657,GLH,53,16,210,290.0,60900.0,2026-04-15,186386113,2924,Investment Management Nepal Pvt. Ltd.,Primo Securities (PVT) Ltd.,2026-04-15 12:31:52.072053,GreenLife Hydropower Limited
2026041504013658,GLH,53,49,74,290.0,21460.0,2026-04-15,186386115,2924,Investment Management Nepal Pvt. Ltd.,Online Securities Pvt. Ltd.,2026-04-15 12:31:52.072141,GreenLife Hydropower Limited
2026041504013659,GLH,53,25,10,290.0,2900.0,2026-04-15,186386117,2924,Investment Management Nepal Pvt. Ltd.,Sweta Securities Private Limited,2026-04-15 12:31:52.072224,GreenLife Hydropower Limited
2026041504013660,GLH,53,45,481,290.0,139490.0,2026-04-15,186386120,2924,Investment Management Nepal Pvt. Ltd.,Imperial Securities Company Pvt. Ltd.,2026-04-15 12:31:52.072294,GreenLife Hydropower Limited
2026041504013725,GLH,59,45,69,290.0,20010.0,2026-04-15,186386327,2924,Deevyaa Securities & Stock House Pvt. Ltd,Imperial Securities Company Pvt. Ltd.,2026-04-15 12:32:02.830930,GreenLife Hydropower Limited
2026041504013726,GLH,59,50,10,290.0,2900.0,2026-04-15,186386329,2924,Deevyaa Securities & Stock House Pvt. Ltd,Cristal Kanchanjanga Securites Pvt. Ltd.,2026-04-15 12:32:02.831059,GreenLife Hydropower Limited
2026041504013727,GLH,59,58,10,290.0,2900.0,2026-04-15,186386331,2924,Deevyaa Securities & Stock House Pvt. Ltd,Naasa Securities Co. Ltd.,2026-04-15 12:32:02.831152,GreenLife Hydropower Limited
2026041504013728,GLH,59,35,10,290.0,2900.0,2026-04-15,186386333,2924,Deevyaa Securities & Stock House Pvt. Ltd,Kohinoor Investment & Securities Pvt. Ltd.,2026-04-15 12:32:02.831242,GreenLife Hydropower Limited
2026041504013729,GLH,59,56,300,290.0,87000.0,2026-04-15,186386335,2924,Deevyaa Securities & Stock House Pvt. Ltd,Sri Hari Securities Pvt. Ltd.,2026-04-15 12:32:02.831346,GreenLife Hydropower Limited
2026041504013730,GLH,59,62,100,290.0,29000.0,2026-04-15,186386337,2924,Deevyaa Securities & Stock House Pvt. Ltd,Capital Max Securities Ltd,2026-04-15 12:32:02.831436,GreenLife Hydropower Limited
2026041504013731,GLH,59,34,10,290.0,2900.0,2026-04-15,186386339,2924,Deevyaa Securities & Stock House Pvt. Ltd,Vision Securities Pvt. Ltd,2026-04-15 12:32:02.831527,GreenLife Hydropower Limited
2026041504013732,GLH,59,17,100,290.1,29010.0,2026-04-15,186386341,2924,Deevyaa Securities & Stock House Pvt. Ltd,ABC Securities Private Limited,2026-04-15 12:32:02.831624,GreenLife Hydropower Limited
2026041504013733,GLH,59,17,250,291.0,72750.0,2026-04-15,186386343,2924,Deevyaa Securities & Stock House Pvt. Ltd,ABC Securities Private Limited,2026-04-15 12:32:02.831726,GreenLife Hydropower Limited
2026041504013734,GLH,59,58,100,291.0,29100.0,2026-04-15,186386345,2924,Deevyaa Securities & Stock House Pvt. Ltd,Naasa Securities Co. Ltd.,2026-04-15 12:32:02.831792,GreenLife Hydropower Limited
2026041504013735,GLH,59,58,10,291.0,2910.0,2026-04-15,186386347,2924,Deevyaa Securities & Stock House Pvt. Ltd,Naasa Securities Co. Ltd.,2026-04-15 12:32:02.831870,GreenLife Hydropower Limited
2026041504013736,GLH,59,35,10,291.0,2910.0,2026-04-15,186386349,2924,Deevyaa Securities & Stock House Pvt. Ltd,Kohinoor Investment & Securities Pvt. Ltd.,2026-04-15 12:32:02.831959,GreenLife Hydropower Limited
2026041504013737,GLH,59,11,10,291.0,2910.0,2026-04-15,186386351,2924,Deevyaa Securities & Stock House Pvt. Ltd,Malla & Malla Stock Broking Company Pvt. Limited,2026-04-15 12:32:02.832051,GreenLife Hydropower Limited
2026041504013738,GLH,59,89,10,291.0,2910.0,2026-04-15,186386353,2924,Deevyaa Securities & Stock House Pvt. Ltd,Global IME Securities Limited,2026-04-15 12:32:02.832140,GreenLife Hydropower Limited
2026041504013793,GLH,70,11,50,290.0,14500.0,2026-04-15,186386879,2924,Infinity Securities Limited,Malla & Malla Stock Broking Company Pvt. Limited,2026-04-15 12:32:30.357769,GreenLife Hydropower Limited
2026041504013831,GLH,70,50,10,290.0,2900.0,2026-04-15,186387185,2924,Infinity Securities Limited,Cristal Kanchanjanga Securites Pvt. Ltd.,2026-04-15 12:32:46.273586,GreenLife Hydropower Limited
2026041504013933,GLH,70,50,90,290.0,26100.0,2026-04-15,186388174,2924,Infinity Securities Limited,Cristal Kanchanjanga Securites Pvt. Ltd.,2026-04-15 12:33:31.035736,GreenLife Hydropower Limited
2026041504013934,GLH,84,50,220,290.0,63800.0,2026-04-15,186388175,2924,MILKY WAY SHARE BROKER COMPANY LTD ,Cristal Kanchanjanga Securites Pvt. Ltd.,2026-04-15 12:33:31.035951,GreenLife Hydropower Limited
2026041504013941,GLH,84,89,10,290.0,2900.0,2026-04-15,186388233,2924,MILKY WAY SHARE BROKER COMPANY LTD ,Global IME Securities Limited,2026-04-15 12:33:33.202562,GreenLife Hydropower Limited
2026041504013947,GLH,84,49,100,290.0,29000.0,2026-04-15,186388301,2924,MILKY WAY SHARE BROKER COMPANY LTD ,Online Securities Pvt. Ltd.,2026-04-15 12:33:36.990804,GreenLife Hydropower Limited
2026041504013950,GLH,84,19,40,290.0,11600.0,2026-04-15,186388309,2924,MILKY WAY SHARE BROKER COMPANY LTD ,Nepal Investment And Securities Trading Private Limited,2026-04-15 12:33:37.442697,GreenLife Hydropower Limited
2026041504013997,GLH,84,89,10,290.0,2900.0,2026-04-15,186388451,2924,MILKY WAY SHARE BROKER COMPANY LTD ,Global IME Securities Limited,2026-04-15 12:33:42.978284,GreenLife Hydropower Limited
2026041504014028,GLH,84,37,20,290.0,5800.0,2026-04-15,186388644,2924,MILKY WAY SHARE BROKER COMPANY LTD ,Swarna Laxmi Securities Pvt. Ltd.,2026-04-15 12:33:56.503506,GreenLife Hydropower Limited
2026041504014029,GLH,22,37,50,290.0,14500.0,2026-04-15,186388646,2924,Siprabi Securities Pvt. Ltd.,Swarna Laxmi Securities Pvt. Ltd.,2026-04-15 12:33:56.503670,GreenLife Hydropower Limited
2026041504014030,GLH,45,37,30,290.0,8700.0,2026-04-15,186388647,2924,Imperial Securities Company Pvt. Ltd.,Swarna Laxmi Securities Pvt. Ltd.,2026-04-15 12:33:56.503736,GreenLife Hydropower Limited
2026041504014043,GLH,45,16,70,290.0,20300.0,2026-04-15,186388966,2924,Imperial Securities Company Pvt. Ltd.,Primo Securities (PVT) Ltd.,2026-04-15 12:34:03.598041,GreenLife Hydropower Limited
2026041504014044,GLH,50,16,500,290.0,145000.0,2026-04-15,186388968,2924,Cristal Kanchanjanga Securites Pvt. Ltd.,Primo Securities (PVT) Ltd.,2026-04-15 12:34:03.598249,GreenLife Hydropower Limited
2026041504014578,GLH,58,16,90,290.0,26100.0,2026-04-15,186393572,2924,Naasa Securities Co. Ltd.,Primo Securities (PVT) Ltd.,2026-04-15 12:37:48.644516,GreenLife Hydropower Limited
2026041504014657,GLH,26,16,340,290.0,98600.0,2026-04-15,186394309,2924,Asian Securities Private Ltd.,Primo Securities (PVT) Ltd.,2026-04-15 12:38:30.396729,GreenLife Hydropower Limited
2026041504014658,GLH,26,45,10,290.0,2900.0,2026-04-15,186394311,2924,Asian Securities Private Ltd.,Imperial Securities Company Pvt. Ltd.,2026-04-15 12:38:30.397078,GreenLife Hydropower Limited
2026041504014659,GLH,26,58,50,290.0,14500.0,2026-04-15,186394313,2924,Asian Securities Private Ltd.,Naasa Securities Co. Ltd.,2026-04-15 12:38:30.397287,GreenLife Hydropower Limited
2026041504014660,GLH,26,58,10,290.0,2900.0,2026-04-15,186394315,2924,Asian Securities Private Ltd.,Naasa Securities Co. Ltd.,2026-04-15 12:38:30.397499,GreenLife Hydropower Limited
2026041504014661,GLH,26,48,300,290.0,87000.0,2026-04-15,186394317,2924,Asian Securities Private Ltd.,Trishakti Securities Public Limited,2026-04-15 12:38:30.397699,GreenLife Hydropower Limited
2026041504014700,GLH,26,57,90,290.0,26100.0,2026-04-15,186394615,2924,Asian Securities Private Ltd.,Aryatara Investment & Securities,2026-04-15 12:38:45.816110,GreenLife Hydropower Limited
2026041504014710,GLH,26,39,200,290.0,58000.0,2026-04-15,186394703,2924,Asian Securities Private Ltd.,Sumeru Securities Pvt. Ltd.,2026-04-15 12:38:52.273226,GreenLife Hydropower Limited
2026041504015009,GLH,95,47,100,290.0,29000.0,2026-04-15,186397394,2924,Magnet Securities and Investment Company Private Limited,Neev Securities Pvt. Ltd.,2026-04-15 12:41:27.283437,GreenLife Hydropower Limited
2026041504015199,GLH,59,32,200,290.0,58000.0,2026-04-15,186398693,2924,Deevyaa Securities & Stock House Pvt. Ltd,Premier Securities Company Ltd.,2026-04-15 12:42:34.644173,GreenLife Hydropower Limited
2026041504015200,GLH,59,32,10,290.0,2900.0,2026-04-15,186398695,2924,Deevyaa Securities & Stock House Pvt. Ltd,Premier Securities Company Ltd.,2026-04-15 12:42:34.644366,GreenLife Hydropower Limited
2026041504015201,GLH,59,42,40,290.0,11600.0,2026-04-15,186398697,2924,Deevyaa Securities & Stock House Pvt. Ltd,Sani Securities Company Ltd.,2026-04-15 12:42:34.644453,GreenLife Hydropower Limited
2026041504015202,GLH,59,7,250,290.0,72500.0,2026-04-15,186398700,2924,Deevyaa Securities & Stock House Pvt. Ltd,J.F. Securites (PVT) Ltd.,2026-04-15 12:42:34.644524,GreenLife Hydropower Limited
2026041504015446,GLH,17,43,100,289.9,28990.0,2026-04-15,186400859,2924,ABC Securities Private Limited,South Asian Bulls Pvt. Ltd.,2026-04-15 12:44:49.375040,GreenLife Hydropower Limited
2026041504015447,GLH,17,7,150,290.0,43500.0,2026-04-15,186400862,2924,ABC Securities Private Limited,J.F. Securites (PVT) Ltd.,2026-04-15 12:44:49.375442,GreenLife Hydropower Limited
2026041504015475,GLH,59,7,11,290.0,3190.0,2026-04-15,186401074,2924,Deevyaa Securities & Stock House Pvt. Ltd,J.F. Securites (PVT) Ltd.,2026-04-15 12:45:01.694401,GreenLife Hydropower Limited
2026041504015531,GLH,29,7,89,290.0,25810.0,2026-04-15,186401407,2924,Trisul Securities & Invt. Ltd.,J.F. Securites (PVT) Ltd.,2026-04-15 12:45:25.121945,GreenLife Hydropower Limited
2026041504015532,GLH,29,89,10,290.0,2900.0,2026-04-15,186401409,2924,Trisul Securities & Invt. Ltd.,Global IME Securities Limited,2026-04-15 12:45:25.122129,GreenLife Hydropower Limited
2026041504015605,GLH,29,16,241,290.0,69890.0,2026-04-15,186402250,2924,Trisul Securities & Invt. Ltd.,Primo Securities (PVT) Ltd.,2026-04-15 12:46:10.345887,GreenLife Hydropower Limited
2026041504015703,GLH,95,57,400,289.5,115800.0,2026-04-15,186403203,2924,Magnet Securities and Investment Company Private Limited,Aryatara Investment & Securities,2026-04-15 12:47:15.769840,GreenLife Hydropower Limited
2026041504015852,GLH,95,7,500,289.4,144700.0,2026-04-15,186404183,2924,Magnet Securities and Investment Company Private Limited,J.F. Securites (PVT) Ltd.,2026-04-15 12:48:15.502259,GreenLife Hydropower Limited
2026041504015918,GLH,59,29,100,289.9,28990.0,2026-04-15,186404507,2924,Deevyaa Securities & Stock House Pvt. Ltd,Trisul Securities & Invt. Ltd.,2026-04-15 12:48:38.381650,GreenLife Hydropower Limited
2026041504015919,GLH,59,16,140,290.0,40600.0,2026-04-15,186404510,2924,Deevyaa Securities & Stock House Pvt. Ltd,Primo Securities (PVT) Ltd.,2026-04-15 12:48:38.381773,GreenLife Hydropower Limited
2026041504016217,GLH,32,16,619,290.0,179510.0,2026-04-15,186406665,2924,Premier Securities Company Ltd.,Primo Securities (PVT) Ltd.,2026-04-15 12:50:53.872476,GreenLife Hydropower Limited
2026041504016218,GLH,32,89,10,290.0,2900.0,2026-04-15,186406667,2924,Premier Securities Company Ltd.,Global IME Securities Limited,2026-04-15 12:50:53.872661,GreenLife Hydropower Limited
2026041504016219,GLH,32,89,10,290.0,2900.0,2026-04-15,186406669,2924,Premier Securities Company Ltd.,Global IME Securities Limited,2026-04-15 12:50:53.872740,GreenLife Hydropower Limited
2026041504016220,GLH,32,44,1000,290.0,290000.0,2026-04-15,186406671,2924,Premier Securities Company Ltd.,Dynamic Money Managers Securities Pvt. Ltd.,2026-04-15 12:50:53.872815,GreenLife Hydropower Limited
2026041504016265,GLH,32,89,10,290.8,2908.0,2026-04-15,186407291,2924,Premier Securities Company Ltd.,Global IME Securities Limited,2026-04-15 12:51:34.568350,GreenLife Hydropower Limited
2026041504016266,GLH,32,4,40,290.8,11632.0,2026-04-15,186407293,2924,Premier Securities Company Ltd.,Opal Securities Investment (PVT) Ltd.,2026-04-15 12:51:34.568589,GreenLife Hydropower Limited
2026041504016267,GLH,32,89,10,290.8,2908.0,2026-04-15,186407295,2924,Premier Securities Company Ltd.,Global IME Securities Limited,2026-04-15 12:51:34.568689,GreenLife Hydropower Limited
2026041504016268,GLH,32,74,150,290.8,43620.0,2026-04-15,186407297,2924,Premier Securities Company Ltd.,KALASH STOCK MARKET PVT. LTD.,2026-04-15 12:51:34.568786,GreenLife Hydropower Limited
2026041504016269,GLH,32,43,150,290.8,43620.0,2026-04-15,186407299,2924,Premier Securities Company Ltd.,South Asian Bulls Pvt. Ltd.,2026-04-15 12:51:34.568863,GreenLife Hydropower Limited
2026041504016270,GLH,32,16,1000,290.9,290900.0,2026-04-15,186407301,2924,Premier Securities Company Ltd.,Primo Securities (PVT) Ltd.,2026-04-15 12:51:34.568938,GreenLife Hydropower Limited
2026041504016271,GLH,32,89,10,291.0,2910.0,2026-04-15,186407303,2924,Premier Securities Company Ltd.,Global IME Securities Limited,2026-04-15 12:51:34.569016,GreenLife Hydropower Limited
2026041504016272,GLH,32,48,300,291.0,87300.0,2026-04-15,186407305,2924,Premier Securities Company Ltd.,Trishakti Securities Public Limited,2026-04-15 12:51:34.569089,GreenLife Hydropower Limited
2026041504016273,GLH,32,29,10,291.0,2910.0,2026-04-15,186407307,2924,Premier Securities Company Ltd.,Trisul Securities & Invt. Ltd.,2026-04-15 12:51:34.569161,GreenLife Hydropower Limited
2026041504016274,GLH,32,74,1000,291.0,291000.0,2026-04-15,186407309,2924,Premier Securities Company Ltd.,KALASH STOCK MARKET PVT. LTD.,2026-04-15 12:51:34.569266,GreenLife Hydropower Limited
2026041504016275,GLH,32,49,50,291.0,14550.0,2026-04-15,186407311,2924,Premier Securities Company Ltd.,Online Securities Pvt. Ltd.,2026-04-15 12:51:34.569428,GreenLife Hydropower Limited
2026041504016276,GLH,32,34,10,291.0,2910.0,2026-04-15,186407313,2924,Premier Securities Company Ltd.,Vision Securities Pvt. Ltd,2026-04-15 12:51:34.569519,GreenLife Hydropower Limited
2026041504016318,GLH,32,49,100,291.4,29140.0,2026-04-15,186407723,2924,Premier Securities Company Ltd.,Online Securities Pvt. Ltd.,2026-04-15 12:51:58.315577,GreenLife Hydropower Limited
2026041504016319,GLH,32,41,1000,291.4,291400.0,2026-04-15,186407725,2924,Premier Securities Company Ltd.,Linch Stock Market Ltd.,2026-04-15 12:51:58.315740,GreenLife Hydropower Limited
2026041504016320,GLH,32,57,100,291.5,29150.0,2026-04-15,186407728,2924,Premier Securities Company Ltd.,Aryatara Investment & Securities,2026-04-15 12:51:58.315812,GreenLife Hydropower Limited
2026041504016321,GLH,32,57,10,291.5,2915.0,2026-04-15,186407731,2924,Premier Securities Company Ltd.,Aryatara Investment & Securities,2026-04-15 12:51:58.315887,GreenLife Hydropower Limited
2026041504016322,GLH,32,45,411,291.6,119847.6,2026-04-15,186407734,2924,Premier Securities Company Ltd.,Imperial Securities Company Pvt. Ltd.,2026-04-15 12:51:58.315960,GreenLife Hydropower Limited
2026041504016429,GLH,35,89,10,291.0,2910.0,2026-04-15,186408479,2924,Kohinoor Investment & Securities Pvt. Ltd.,Global IME Securities Limited,2026-04-15 12:52:48.032228,GreenLife Hydropower Limited
2026041504016430,GLH,35,39,100,291.0,29100.0,2026-04-15,186408481,2924,Kohinoor Investment & Securities Pvt. Ltd.,Sumeru Securities Pvt. Ltd.,2026-04-15 12:52:48.032614,GreenLife Hydropower Limited
2026041504016431,GLH,35,89,10,291.0,2910.0,2026-04-15,186408483,2924,Kohinoor Investment & Securities Pvt. Ltd.,Global IME Securities Limited,2026-04-15 12:52:48.032841,GreenLife Hydropower Limited
2026041504016444,GLH,35,58,10,291.0,2910.0,2026-04-15,186408627,2924,Kohinoor Investment & Securities Pvt. Ltd.,Naasa Securities Co. Ltd.,2026-04-15 12:52:59.726692,GreenLife Hydropower Limited
2026041504016596,GLH,26,89,10,291.0,2910.0,2026-04-15,186409423,2924,Asian Securities Private Ltd.,Global IME Securities Limited,2026-04-15 12:53:46.665381,GreenLife Hydropower Limited
2026041504016597,GLH,26,89,10,291.0,2910.0,2026-04-15,186409425,2924,Asian Securities Private Ltd.,Global IME Securities Limited,2026-04-15 12:53:46.665548,GreenLife Hydropower Limited
2026041504016598,GLH,26,39,100,291.0,29100.0,2026-04-15,186409427,2924,Asian Securities Private Ltd.,Sumeru Securities Pvt. Ltd.,2026-04-15 12:53:46.665622,GreenLife Hydropower Limited
2026041504016636,GLH,26,59,880,291.0,256080.0,2026-04-15,186409760,2924,Asian Securities Private Ltd.,Deevyaa Securities & Stock House Pvt. Ltd,2026-04-15 12:54:08.416404,GreenLife Hydropower Limited
2026041504016657,GLH,35,59,120,291.0,34920.0,2026-04-15,186409982,2924,Kohinoor Investment & Securities Pvt. Ltd.,Deevyaa Securities & Stock House Pvt. Ltd,2026-04-15 12:54:20.458591,GreenLife Hydropower Limited
2026041504016720,GLH,32,45,89,291.6,25952.4,2026-04-15,186410585,2924,Premier Securities Company Ltd.,Imperial Securities Company Pvt. Ltd.,2026-04-15 12:54:52.056052,GreenLife Hydropower Limited
2026041504016721,GLH,32,7,10,291.6,2916.0,2026-04-15,186410587,2924,Premier Securities Company Ltd.,J.F. Securites (PVT) Ltd.,2026-04-15 12:54:52.056421,GreenLife Hydropower Limited
2026041504016722,GLH,32,43,10,291.6,2916.0,2026-04-15,186410589,2924,Premier Securities Company Ltd.,South Asian Bulls Pvt. Ltd.,2026-04-15 12:54:52.056639,GreenLife Hydropower Limited
2026041504016723,GLH,32,39,100,291.6,29160.0,2026-04-15,186410591,2924,Premier Securities Company Ltd.,Sumeru Securities Pvt. Ltd.,2026-04-15 12:54:52.056844,GreenLife Hydropower Limited
2026041504016724,GLH,32,57,250,291.7,72925.0,2026-04-15,186410593,2924,Premier Securities Company Ltd.,Aryatara Investment & Securities,2026-04-15 12:54:52.057071,GreenLife Hydropower Limited
2026041504016725,GLH,32,51,10,291.7,2917.0,2026-04-15,186410595,2924,Premier Securities Company Ltd.,Oxford Securities Pvt. Ltd.,2026-04-15 12:54:52.057271,GreenLife Hydropower Limited
2026041504016726,GLH,32,62,931,291.7,271572.7,2026-04-15,186410598,2924,Premier Securities Company Ltd.,Capital Max Securities Ltd,2026-04-15 12:54:52.057491,GreenLife Hydropower Limited
2026041504016750,GLH,35,16,200,291.5,58300.0,2026-04-15,186410736,2924,Kohinoor Investment & Securities Pvt. Ltd.,Primo Securities (PVT) Ltd.,2026-04-15 12:55:02.853627,GreenLife Hydropower Limited
2026041504016767,GLH,39,16,800,291.5,233200.0,2026-04-15,186410880,2924,Sumeru Securities Pvt. Ltd.,Primo Securities (PVT) Ltd.,2026-04-15 12:55:12.292735,GreenLife Hydropower Limited
2026041504016909,GLH,11,41,2500,291.0,727500.0,2026-04-15,186412018,2924,Malla & Malla Stock Broking Company Pvt. Limited,Linch Stock Market Ltd.,2026-04-15 12:56:20.346844,GreenLife Hydropower Limited
2026041504016948,GLH,58,41,3500,291.0,1018500.0,2026-04-15,186412308,2924,Naasa Securities Co. Ltd.,Linch Stock Market Ltd.,2026-04-15 12:56:37.727818,GreenLife Hydropower Limited
2026041504017012,GLH,58,59,490,291.6,142884.0,2026-04-15,186412694,2924,Naasa Securities Co. Ltd.,Deevyaa Securities & Stock House Pvt. Ltd,2026-04-15 12:56:57.472145,GreenLife Hydropower Limited
2026041504017045,GLH,35,59,10,291.6,2916.0,2026-04-15,186413257,2924,Kohinoor Investment & Securities Pvt. Ltd.,Deevyaa Securities & Stock House Pvt. Ltd,2026-04-15 12:57:25.241988,GreenLife Hydropower Limited
2026041504017046,GLH,35,62,69,291.7,20127.3,2026-04-15,186413259,2924,Kohinoor Investment & Securities Pvt. Ltd.,Capital Max Securities Ltd,2026-04-15 12:57:25.242218,GreenLife Hydropower Limited
2026041504017047,GLH,35,8,21,291.8,6127.8,2026-04-15,186413262,2924,Kohinoor Investment & Securities Pvt. Ltd.,Brilliant Securities Pvt. Ltd.,2026-04-15 12:57:25.242293,GreenLife Hydropower Limited
2026041504017056,GLH,6,8,91,291.8,26553.8,2026-04-15,186413310,2924,Agrawal Securities (PVT) Ltd.,Brilliant Securities Pvt. Ltd.,2026-04-15 12:57:28.209023,GreenLife Hydropower Limited
2026041504017128,GLH,34,89,10,291.6,2916.0,2026-04-15,186413811,2924,Vision Securities Pvt. Ltd,Global IME Securities Limited,2026-04-15 12:57:56.326067,GreenLife Hydropower Limited
2026041504017137,GLH,39,8,100,291.8,29180.0,2026-04-15,186413882,2924,Sumeru Securities Pvt. Ltd.,Brilliant Securities Pvt. Ltd.,2026-04-15 12:57:59.618824,GreenLife Hydropower Limited
2026041504017196,GLH,34,16,340,291.6,99144.0,2026-04-15,186414352,2924,Vision Securities Pvt. Ltd,Primo Securities (PVT) Ltd.,2026-04-15 12:58:28.458564,GreenLife Hydropower Limited
2026041504017197,GLH,25,16,100,291.5,29150.0,2026-04-15,186414354,2924,Sweta Securities Private Limited,Primo Securities (PVT) Ltd.,2026-04-15 12:58:28.458758,GreenLife Hydropower Limited
2026041504017198,GLH,32,16,4000,291.0,1164000.0,2026-04-15,186414356,2924,Premier Securities Company Ltd.,Primo Securities (PVT) Ltd.,2026-04-15 12:58:28.458836,GreenLife Hydropower Limited
2026041504017199,GLH,64,16,1560,291.0,453960.0,2026-04-15,186414357,2924,SUN SECURITIES PVT LTD,Primo Securities (PVT) Ltd.,2026-04-15 12:58:28.458907,GreenLife Hydropower Limited
2026041504017216,GLH,64,89,20,291.0,5820.0,2026-04-15,186414529,2924,SUN SECURITIES PVT LTD,Global IME Securities Limited,2026-04-15 12:58:42.006830,GreenLife Hydropower Limited
2026041504017244,GLH,53,16,1000,291.7,291700.0,2026-04-15,186414776,2924,Investment Management Nepal Pvt. Ltd.,Primo Securities (PVT) Ltd.,2026-04-15 12:59:01.625639,GreenLife Hydropower Limited
2026041504017271,GLH,58,16,30,291.7,8751.0,2026-04-15,186414984,2924,Naasa Securities Co. Ltd.,Primo Securities (PVT) Ltd.,2026-04-15 12:59:20.471644,GreenLife Hydropower Limited
2026041504017329,GLH,32,16,600,291.7,175020.0,2026-04-15,186415518,2924,Premier Securities Company Ltd.,Primo Securities (PVT) Ltd.,2026-04-15 13:00:03.582067,GreenLife Hydropower Limited
2026041504017408,GLH,64,89,10,291.0,2910.0,2026-04-15,186416145,2924,SUN SECURITIES PVT LTD,Global IME Securities Limited,2026-04-15 13:00:43.871856,GreenLife Hydropower Limited
2026041504017441,GLH,64,62,100,291.0,29100.0,2026-04-15,186416309,2924,SUN SECURITIES PVT LTD,Capital Max Securities Ltd,2026-04-15 13:00:58.794447,GreenLife Hydropower Limited
2026041504017448,GLH,64,19,10,291.0,2910.0,2026-04-15,186416359,2924,SUN SECURITIES PVT LTD,Nepal Investment And Securities Trading Private Limited,2026-04-15 13:01:02.840826,GreenLife Hydropower Limited
2026041504017504,GLH,65,16,370,291.7,107929.0,2026-04-15,186416757,2924,Sharepro Securities Private Limited,Primo Securities (PVT) Ltd.,2026-04-15 13:01:24.854914,GreenLife Hydropower Limited
2026041504017505,GLH,65,22,20,291.7,5834.0,2026-04-15,186416759,2924,Sharepro Securities Private Limited,Siprabi Securities Pvt. Ltd.,2026-04-15 13:01:24.855287,GreenLife Hydropower Limited
2026041504017506,GLH,65,8,88,291.8,25678.4,2026-04-15,186416761,2924,Sharepro Securities Private Limited,Brilliant Securities Pvt. Ltd.,2026-04-15 13:01:24.855532,GreenLife Hydropower Limited
2026041504017507,GLH,65,59,300,291.9,87570.0,2026-04-15,186416763,2924,Sharepro Securities Private Limited,Deevyaa Securities & Stock House Pvt. Ltd,2026-04-15 13:01:24.855750,GreenLife Hydropower Limited
2026041504017508,GLH,65,19,500,291.9,145950.0,2026-04-15,186416765,2924,Sharepro Securities Private Limited,Nepal Investment And Securities Trading Private Limited,2026-04-15 13:01:24.855973,GreenLife Hydropower Limited
2026041504017509,GLH,65,45,1000,292.0,292000.0,2026-04-15,186416767,2924,Sharepro Securities Private Limited,Imperial Securities Company Pvt. Ltd.,2026-04-15 13:01:24.856192,GreenLife Hydropower Limited
2026041504017510,GLH,65,35,10,292.0,2920.0,2026-04-15,186416769,2924,Sharepro Securities Private Limited,Kohinoor Investment & Securities Pvt. Ltd.,2026-04-15 13:01:24.856418,GreenLife Hydropower Limited
2026041504017511,GLH,65,4,10,292.0,2920.0,2026-04-15,186416771,2924,Sharepro Securities Private Limited,Opal Securities Investment (PVT) Ltd.,2026-04-15 13:01:24.856627,GreenLife Hydropower Limited
2026041504017512,GLH,65,89,10,292.0,2920.0,2026-04-15,186416773,2924,Sharepro Securities Private Limited,Global IME Securities Limited,2026-04-15 13:01:24.856834,GreenLife Hydropower Limited
2026041504017513,GLH,65,49,1000,292.0,292000.0,2026-04-15,186416775,2924,Sharepro Securities Private Limited,Online Securities Pvt. Ltd.,2026-04-15 13:01:24.857043,GreenLife Hydropower Limited
2026041504017514,GLH,65,38,1000,292.0,292000.0,2026-04-15,186416777,2924,Sharepro Securities Private Limited,Dipshikha Dhitopatra Karobar Co. Pvt Ltd.,2026-04-15 13:01:24.857249,GreenLife Hydropower Limited
2026041504017515,GLH,65,89,10,292.0,2920.0,2026-04-15,186416779,2924,Sharepro Securities Private Limited,Global IME Securities Limited,2026-04-15 13:01:24.857474,GreenLife Hydropower Limited
2026041504017516,GLH,65,40,682,292.0,199144.0,2026-04-15,186416782,2924,Sharepro Securities Private Limited,Creative Securities Pvt Ltd,2026-04-15 13:01:24.857680,GreenLife Hydropower Limited
2026041504017553,GLH,53,49,110,291.2,32032.0,2026-04-15,186417043,2924,Investment Management Nepal Pvt. Ltd.,Online Securities Pvt. Ltd.,2026-04-15 13:01:45.706015,GreenLife Hydropower Limited
2026041504017687,GLH,45,40,200,292.0,58400.0,2026-04-15,186417750,2924,Imperial Securities Company Pvt. Ltd.,Creative Securities Pvt Ltd,2026-04-15 13:02:39.266528,GreenLife Hydropower Limited
2026041504017729,GLH,54,89,10,291.3,2913.0,2026-04-15,186418043,2924,Sewa Securities Pvt. Ltd.,Global IME Securities Limited,2026-04-15 13:02:50.153833,GreenLife Hydropower Limited
2026041504017805,GLH,58,89,20,291.5,5830.0,2026-04-15,186418525,2924,Naasa Securities Co. Ltd.,Global IME Securities Limited,2026-04-15 13:03:30.148045,GreenLife Hydropower Limited
2026041504017851,GLH,52,16,1,289.9,289.9,2026-04-15,186418923,2924,Sundhara Securities Limited,Primo Securities (PVT) Ltd.,2026-04-15 13:03:55.421153,GreenLife Hydropower Limited
2026041504017936,GLH,58,44,10,291.5,2915.0,2026-04-15,186419521,2924,Naasa Securities Co. Ltd.,Dynamic Money Managers Securities Pvt. Ltd.,2026-04-15 13:04:21.464857,GreenLife Hydropower Limited
2026041504017960,GLH,52,43,10,291.8,2918.0,2026-04-15,186419584,2924,Sundhara Securities Limited,South Asian Bulls Pvt. Ltd.,2026-04-15 13:04:23.020452,GreenLife Hydropower Limited
2026041504017974,GLH,54,43,90,291.8,26262.0,2026-04-15,186419707,2924,Sewa Securities Pvt. Ltd.,South Asian Bulls Pvt. Ltd.,2026-04-15 13:04:31.836902,GreenLife Hydropower Limited
2026041504017994,GLH,54,89,10,291.8,2918.0,2026-04-15,186419833,2924,Sewa Securities Pvt. Ltd.,Global IME Securities Limited,2026-04-15 13:04:40.453545,GreenLife Hydropower Limited
2026041504018005,GLH,54,59,500,291.9,145950.0,2026-04-15,186419957,2924,Sewa Securities Pvt. Ltd.,Deevyaa Securities & Stock House Pvt. Ltd,2026-04-15 13:04:48.321022,GreenLife Hydropower Limited
2026041504018030,GLH,54,62,19,291.9,5546.1,2026-04-15,186420173,2924,Sewa Securities Pvt. Ltd.,Capital Max Securities Ltd,2026-04-15 13:05:02.178552,GreenLife Hydropower Limited
2026041504018052,GLH,54,89,10,291.9,2919.0,2026-04-15,186420295,2924,Sewa Securities Pvt. Ltd.,Global IME Securities Limited,2026-04-15 13:05:10.254086,GreenLife Hydropower Limited
2026041504018072,GLH,54,89,10,291.9,2919.0,2026-04-15,186420497,2924,Sewa Securities Pvt. Ltd.,Global IME Securities Limited,2026-04-15 13:05:23.684169,GreenLife Hydropower Limited
2026041504018075,GLH,58,40,122,292.0,35624.0,2026-04-15,186420519,2924,Naasa Securities Co. Ltd.,Creative Securities Pvt Ltd,2026-04-15 13:05:26.605593,GreenLife Hydropower Limited
2026041504018076,GLH,58,89,10,292.0,2920.0,2026-04-15,186420521,2924,Naasa Securities Co. Ltd.,Global IME Securities Limited,2026-04-15 13:05:26.605785,GreenLife Hydropower Limited
2026041504018077,GLH,58,89,10,292.0,2920.0,2026-04-15,186420523,2924,Naasa Securities Co. Ltd.,Global IME Securities Limited,2026-04-15 13:05:26.605872,GreenLife Hydropower Limited
2026041504018078,GLH,58,41,10,292.0,2920.0,2026-04-15,186420525,2924,Naasa Securities Co. Ltd.,Linch Stock Market Ltd.,2026-04-15 13:05:26.605949,GreenLife Hydropower Limited
2026041504018079,GLH,58,45,118,292.0,34456.0,2026-04-15,186420528,2924,Naasa Securities Co. Ltd.,Imperial Securities Company Pvt. Ltd.,2026-04-15 13:05:26.606023,GreenLife Hydropower Limited
2026041504018105,GLH,54,45,351,292.0,102492.0,2026-04-15,186420804,2924,Sewa Securities Pvt. Ltd.,Imperial Securities Company Pvt. Ltd.,2026-04-15 13:05:38.792879,GreenLife Hydropower Limited
2026041504018109,GLH,21,89,10,291.5,2915.0,2026-04-15,186420849,2924,Midas Stock Broking Company Private Limited,Global IME Securities Limited,2026-04-15 13:05:41.432122,GreenLife Hydropower Limited
2026041504018195,GLH,21,49,48,291.5,13992.0,2026-04-15,186421495,2924,Midas Stock Broking Company Private Limited,Online Securities Pvt. Ltd.,2026-04-15 13:06:19.213069,GreenLife Hydropower Limited
2026041504018200,GLH,34,58,4,290.1,1160.4,2026-04-15,186421599,2924,Vision Securities Pvt. Ltd,Naasa Securities Co. Ltd.,2026-04-15 13:06:27.119526,GreenLife Hydropower Limited
2026041504018329,GLH,54,89,10,291.6,2916.0,2026-04-15,186422605,2924,Sewa Securities Pvt. Ltd.,Global IME Securities Limited,2026-04-15 13:07:32.757108,GreenLife Hydropower Limited
2026041504018330,GLH,58,45,31,292.0,9052.0,2026-04-15,186422613,2924,Naasa Securities Co. Ltd.,Imperial Securities Company Pvt. Ltd.,2026-04-15 13:07:33.041076,GreenLife Hydropower Limited
2026041504018331,GLH,58,89,20,292.0,5840.0,2026-04-15,186422615,2924,Naasa Securities Co. Ltd.,Global IME Securities Limited,2026-04-15 13:07:33.041209,GreenLife Hydropower Limited
2026041504018332,GLH,58,49,49,292.0,14308.0,2026-04-15,186422618,2924,Naasa Securities Co. Ltd.,Online Securities Pvt. Ltd.,2026-04-15 13:07:33.041285,GreenLife Hydropower Limited
2026041504018501,GLH,54,89,10,291.6,2916.0,2026-04-15,186423913,2924,Sewa Securities Pvt. Ltd.,Global IME Securities Limited,2026-04-15 13:08:51.134183,GreenLife Hydropower Limited
2026041504018623,GLH,54,89,80,291.6,23328.0,2026-04-15,186424673,2924,Sewa Securities Pvt. Ltd.,Global IME Securities Limited,2026-04-15 13:09:33.257129,GreenLife Hydropower Limited
2026041504018645,GLH,4,58,268,291.9,78229.2,2026-04-15,186424857,2924,Opal Securities Investment (PVT) Ltd.,Naasa Securities Co. Ltd.,2026-04-15 13:09:41.772286,GreenLife Hydropower Limited
2026041504018646,GLH,4,39,10,292.0,2920.0,2026-04-15,186424859,2924,Opal Securities Investment (PVT) Ltd.,Sumeru Securities Pvt. Ltd.,2026-04-15 13:09:41.772524,GreenLife Hydropower Limited
2026041504018647,GLH,4,59,622,292.0,181624.0,2026-04-15,186424862,2924,Opal Securities Investment (PVT) Ltd.,Deevyaa Securities & Stock House Pvt. Ltd,2026-04-15 13:09:41.772603,GreenLife Hydropower Limited
2026041504018653,GLH,49,59,378,292.0,110376.0,2026-04-15,186424899,2924,Online Securities Pvt. Ltd.,Deevyaa Securities & Stock House Pvt. Ltd,2026-04-15 13:09:44.111117,GreenLife Hydropower Limited
2026041504018654,GLH,49,58,250,292.0,73000.0,2026-04-15,186424901,2924,Online Securities Pvt. Ltd.,Naasa Securities Co. Ltd.,2026-04-15 13:09:44.111318,GreenLife Hydropower Limited
2026041504018656,GLH,49,33,100,292.0,29200.0,2026-04-15,186424915,2924,Online Securities Pvt. Ltd.,Dakshinkali Investment & Securities Pvt. Ltd.,2026-04-15 13:09:47.215532,GreenLife Hydropower Limited
2026041504018690,GLH,49,49,13,292.0,3796.0,2026-04-15,186425131,2924,Online Securities Pvt. Ltd.,Online Securities Pvt. Ltd.,2026-04-15 13:10:03.741050,GreenLife Hydropower Limited
2026041504018723,GLH,11,46,100,292.1,29210.0,2026-04-15,186425440,2924,Malla & Malla Stock Broking Company Pvt. Limited,Kalika Securities Pvt. Ltd.,2026-04-15 13:10:21.312141,GreenLife Hydropower Limited
2026041504018724,GLH,49,46,3900,292.0,1138800.0,2026-04-15,186425441,2924,Online Securities Pvt. Ltd.,Kalika Securities Pvt. Ltd.,2026-04-15 13:10:21.312517,GreenLife Hydropower Limited
2026041504018725,GLH,58,67,10,292.2,2922.0,2026-04-15,186425443,2924,Naasa Securities Co. Ltd.,Property Wiard Limited,2026-04-15 13:10:21.487683,GreenLife Hydropower Limited
2026041504018726,GLH,58,89,10,292.2,2922.0,2026-04-15,186425445,2924,Naasa Securities Co. Ltd.,Global IME Securities Limited,2026-04-15 13:10:21.487982,GreenLife Hydropower Limited
2026041504018727,GLH,58,58,100,292.3,29230.0,2026-04-15,186425447,2924,Naasa Securities Co. Ltd.,Naasa Securities Co. Ltd.,2026-04-15 13:10:21.488196,GreenLife Hydropower Limited
2026041504018728,GLH,58,34,70,292.3,20461.0,2026-04-15,186425449,2924,Naasa Securities Co. Ltd.,Vision Securities Pvt. Ltd,2026-04-15 13:10:21.488415,GreenLife Hydropower Limited
2026041504018729,GLH,58,74,115,292.4,33626.0,2026-04-15,186425451,2924,Naasa Securities Co. Ltd.,KALASH STOCK MARKET PVT. LTD.,2026-04-15 13:10:21.488625,GreenLife Hydropower Limited
2026041504018730,GLH,58,25,195,292.4,57018.0,2026-04-15,186425454,2924,Naasa Securities Co. Ltd.,Sweta Securities Private Limited,2026-04-15 13:10:21.488845,GreenLife Hydropower Limited
2026041504018774,GLH,58,89,50,292.2,14610.0,2026-04-15,186425715,2924,Naasa Securities Co. Ltd.,Global IME Securities Limited,2026-04-15 13:10:40.571745,GreenLife Hydropower Limited
2026041504018872,GLH,58,89,50,292.3,14615.0,2026-04-15,186426423,2924,Naasa Securities Co. Ltd.,Global IME Securities Limited,2026-04-15 13:11:34.435104,GreenLife Hydropower Limited
2026041504018885,GLH,45,8,300,292.4,87720.0,2026-04-15,186426550,2924,Imperial Securities Company Pvt. Ltd.,Brilliant Securities Pvt. Ltd.,2026-04-15 13:11:46.964306,GreenLife Hydropower Limited
2026041504018963,GLH,58,16,100,292.3,29230.0,2026-04-15,186427006,2924,Naasa Securities Co. Ltd.,Primo Securities (PVT) Ltd.,2026-04-15 13:12:13.467820,GreenLife Hydropower Limited
2026041504018990,GLH,58,89,50,292.2,14610.0,2026-04-15,186427197,2924,Naasa Securities Co. Ltd.,Global IME Securities Limited,2026-04-15 13:12:25.687819,GreenLife Hydropower Limited
2026041504019018,GLH,58,57,30,292.1,8763.0,2026-04-15,186427376,2924,Naasa Securities Co. Ltd.,Aryatara Investment & Securities,2026-04-15 13:12:37.852007,GreenLife Hydropower Limited
2026041504019019,GLH,49,57,359,292.0,104828.0,2026-04-15,186427378,2924,Online Securities Pvt. Ltd.,Aryatara Investment & Securities,2026-04-15 13:12:37.852124,GreenLife Hydropower Limited
2026041504019020,GLH,58,57,100,291.5,29150.0,2026-04-15,186427380,2924,Naasa Securities Co. Ltd.,Aryatara Investment & Securities,2026-04-15 13:12:37.852205,GreenLife Hydropower Limited
2026041504019021,GLH,53,57,2119,291.2,617052.8,2026-04-15,186427381,2924,Investment Management Nepal Pvt. Ltd.,Aryatara Investment & Securities,2026-04-15 13:12:37.852283,GreenLife Hydropower Limited
2026041504019096,GLH,53,58,10,291.2,2912.0,2026-04-15,186427833,2924,Investment Management Nepal Pvt. Ltd.,Naasa Securities Co. Ltd.,2026-04-15 13:13:00.783666,GreenLife Hydropower Limited
2026041504019157,GLH,87,38,170,292.1,49657.0,2026-04-15,186428022,2924,S.P.S.A. Securities Limited,Dipshikha Dhitopatra Karobar Co. Pvt Ltd.,2026-04-15 13:13:09.856997,GreenLife Hydropower Limited
2026041504019237,GLH,53,16,3761,291.2,1095203.2,2026-04-15,186428713,2924,Investment Management Nepal Pvt. Ltd.,Primo Securities (PVT) Ltd.,2026-04-15 13:13:55.141503,GreenLife Hydropower Limited
2026041504019301,GLH,64,26,100,291.0,29100.0,2026-04-15,186429064,2924,SUN SECURITIES PVT LTD,Asian Securities Private Ltd.,2026-04-15 13:14:20.633833,GreenLife Hydropower Limited
2026041504019302,GLH,74,26,100,291.0,29100.0,2026-04-15,186429065,2924,KALASH STOCK MARKET PVT. LTD.,Asian Securities Private Ltd.,2026-04-15 13:14:20.634044,GreenLife Hydropower Limited
2026041504019529,GLH,33,46,3000,291.0,873000.0,2026-04-15,186430785,2924,Dakshinkali Investment & Securities Pvt. Ltd.,Kalika Securities Pvt. Ltd.,2026-04-15 13:16:12.634798,GreenLife Hydropower Limited
2026041504019751,GLH,87,52,20,290.8,5816.0,2026-04-15,186432384,2924,S.P.S.A. Securities Limited,Sundhara Securities Limited,2026-04-15 13:18:09.793932,GreenLife Hydropower Limited
2026041504019752,GLH,49,52,100,290.3,29030.0,2026-04-15,186432386,2924,Online Securities Pvt. Ltd.,Sundhara Securities Limited,2026-04-15 13:18:09.794369,GreenLife Hydropower Limited
2026041504019753,GLH,49,52,100,290.1,29010.0,2026-04-15,186432388,2924,Online Securities Pvt. Ltd.,Sundhara Securities Limited,2026-04-15 13:18:09.794615,GreenLife Hydropower Limited
2026041504019754,GLH,21,52,80,290.1,23208.0,2026-04-15,186432389,2924,Midas Stock Broking Company Private Limited,Sundhara Securities Limited,2026-04-15 13:18:09.794841,GreenLife Hydropower Limited
2026041504019858,GLH,11,59,200,290.0,58000.0,2026-04-15,186433015,2924,Malla & Malla Stock Broking Company Pvt. Limited,Deevyaa Securities & Stock House Pvt. Ltd,2026-04-15 13:18:56.426093,GreenLife Hydropower Limited
2026041504019886,GLH,11,98,300,290.0,87000.0,2026-04-15,186433275,2924,Malla & Malla Stock Broking Company Pvt. Limited,Trademow Securities Private Limited,2026-04-15 13:19:18.378723,GreenLife Hydropower Limited
2026041504019934,GLH,11,83,10,290.0,2900.0,2026-04-15,186433633,2924,Malla & Malla Stock Broking Company Pvt. Limited,Sanima Securities Limited,2026-04-15 13:19:50.499748,GreenLife Hydropower Limited
2026041504020076,GLH,11,45,10,290.0,2900.0,2026-04-15,186434555,2924,Malla & Malla Stock Broking Company Pvt. Limited,Imperial Securities Company Pvt. Ltd.,2026-04-15 13:21:03.168661,GreenLife Hydropower Limited
2026041504020080,GLH,11,62,200,290.0,58000.0,2026-04-15,186434583,2924,Malla & Malla Stock Broking Company Pvt. Limited,Capital Max Securities Ltd,2026-04-15 13:21:05.828513,GreenLife Hydropower Limited
2026041504020265,GLH,11,16,1288,290.0,373520.0,2026-04-15,186435852,2924,Malla & Malla Stock Broking Company Pvt. Limited,Primo Securities (PVT) Ltd.,2026-04-15 13:22:38.955459,GreenLife Hydropower Limited
2026041504020266,GLH,49,16,350,290.0,101500.0,2026-04-15,186435854,2924,Online Securities Pvt. Ltd.,Primo Securities (PVT) Ltd.,2026-04-15 13:22:38.955697,GreenLife Hydropower Limited
2026041504020267,GLH,57,16,500,290.0,145000.0,2026-04-15,186435856,2924,Aryatara Investment & Securities,Primo Securities (PVT) Ltd.,2026-04-15 13:22:38.955783,GreenLife Hydropower Limited
2026041504020268,GLH,58,16,73,290.0,21170.0,2026-04-15,186435858,2924,Naasa Securities Co. Ltd.,Primo Securities (PVT) Ltd.,2026-04-15 13:22:38.955865,GreenLife Hydropower Limited
2026041504020269,GLH,74,16,500,290.0,145000.0,2026-04-15,186435860,2924,KALASH STOCK MARKET PVT. LTD.,Primo Securities (PVT) Ltd.,2026-04-15 13:22:38.955948,GreenLife Hydropower Limited
2026041504020270,GLH,58,16,500,290.0,145000.0,2026-04-15,186435861,2924,Naasa Securities Co. Ltd.,Primo Securities (PVT) Ltd.,2026-04-15 13:22:38.956029,GreenLife Hydropower Limited
2026041504020651,GLH,49,16,100,289.4,28940.0,2026-04-15,186438884,2924,Online Securities Pvt. Ltd.,Primo Securities (PVT) Ltd.,2026-04-15 13:26:29.647214,GreenLife Hydropower Limited
2026041504020652,GLH,39,16,1000,289.4,289400.0,2026-04-15,186438885,2924,Sumeru Securities Pvt. Ltd.,Primo Securities (PVT) Ltd.,2026-04-15 13:26:29.647643,GreenLife Hydropower Limited
2026041504020667,GLH,21,36,200,289.3,57860.0,2026-04-15,186438983,2924,Midas Stock Broking Company Private Limited,Secured Securities Ltd.,2026-04-15 13:26:38.972465,GreenLife Hydropower Limited
2026041504020772,GLH,21,48,10,289.3,2893.0,2026-04-15,186439543,2924,Midas Stock Broking Company Private Limited,Trishakti Securities Public Limited,2026-04-15 13:27:17.062261,GreenLife Hydropower Limited
2026041504020836,GLH,21,11,60,289.3,17358.0,2026-04-15,186439931,2924,Midas Stock Broking Company Private Limited,Malla & Malla Stock Broking Company Pvt. Limited,2026-04-15 13:27:47.007491,GreenLife Hydropower Limited
2026041504020879,GLH,21,16,150,289.3,43395.0,2026-04-15,186440312,2924,Midas Stock Broking Company Private Limited,Primo Securities (PVT) Ltd.,2026-04-15 13:28:10.841063,GreenLife Hydropower Limited
2026041504020880,GLH,21,16,500,289.2,144600.0,2026-04-15,186440314,2924,Midas Stock Broking Company Private Limited,Primo Securities (PVT) Ltd.,2026-04-15 13:28:10.841518,GreenLife Hydropower Limited
2026041504020881,GLH,21,16,500,289.1,144550.0,2026-04-15,186440316,2924,Midas Stock Broking Company Private Limited,Primo Securities (PVT) Ltd.,2026-04-15 13:28:10.841770,GreenLife Hydropower Limited
2026041504020882,GLH,58,16,300,289.0,86700.0,2026-04-15,186440318,2924,Naasa Securities Co. Ltd.,Primo Securities (PVT) Ltd.,2026-04-15 13:28:10.842042,GreenLife Hydropower Limited
2026041504020883,GLH,38,16,500,289.0,144500.0,2026-04-15,186440320,2924,Dipshikha Dhitopatra Karobar Co. Pvt Ltd.,Primo Securities (PVT) Ltd.,2026-04-15 13:28:10.842293,GreenLife Hydropower Limited
2026041504020884,GLH,35,16,10,289.0,2890.0,2026-04-15,186440322,2924,Kohinoor Investment & Securities Pvt. Ltd.,Primo Securities (PVT) Ltd.,2026-04-15 13:28:10.842535,GreenLife Hydropower Limited
2026041504020885,GLH,14,16,1500,289.0,433500.0,2026-04-15,186440324,2924,Nepal Stock House (PVT) Ltd.,Primo Securities (PVT) Ltd.,2026-04-15 13:28:10.842779,GreenLife Hydropower Limited
2026041504020886,GLH,63,16,200,289.0,57800.0,2026-04-15,186440326,2924,Himalayan Brokerage Company Limited,Primo Securities (PVT) Ltd.,2026-04-15 13:28:10.843018,GreenLife Hydropower Limited
2026041504021020,GLH,58,16,100,289.0,28900.0,2026-04-15,186441550,2924,Naasa Securities Co. Ltd.,Primo Securities (PVT) Ltd.,2026-04-15 13:29:24.951502,GreenLife Hydropower Limited
2026041504021152,GLH,13,16,240,289.0,69360.0,2026-04-15,186442685,2924,Thrive Brokerage House Pvt. Ltd,Primo Securities (PVT) Ltd.,2026-04-15 13:31:00.371434,GreenLife Hydropower Limited
2026041504021271,GLH,13,6,50,289.0,14450.0,2026-04-15,186443683,2924,Thrive Brokerage House Pvt. Ltd,Agrawal Securities (PVT) Ltd.,2026-04-15 13:32:04.260382,GreenLife Hydropower Limited
2026041504021280,GLH,13,19,200,289.0,57800.0,2026-04-15,186443715,2924,Thrive Brokerage House Pvt. Ltd,Nepal Investment And Securities Trading Private Limited,2026-04-15 13:32:07.903712,GreenLife Hydropower Limited
2026041504021384,GLH,13,21,75,289.0,21675.0,2026-04-15,186444667,2924,Thrive Brokerage House Pvt. Ltd,Midas Stock Broking Company Private Limited,2026-04-15 13:33:18.760871,GreenLife Hydropower Limited
2026041504021409,GLH,13,17,435,289.0,125715.0,2026-04-15,186444928,2924,Thrive Brokerage House Pvt. Ltd,ABC Securities Private Limited,2026-04-15 13:33:40.097129,GreenLife Hydropower Limited
2026041504021561,GLH,49,16,10,289.0,2890.0,2026-04-15,186445832,2924,Online Securities Pvt. Ltd.,Primo Securities (PVT) Ltd.,2026-04-15 13:34:46.496281,GreenLife Hydropower Limited
2026041504021645,GLH,19,16,10,289.0,2890.0,2026-04-15,186446586,2924,Nepal Investment And Securities Trading Private Limited,Primo Securities (PVT) Ltd.,2026-04-15 13:35:43.737680,GreenLife Hydropower Limited
2026041504021668,GLH,65,26,13,288.9,3755.7,2026-04-15,186446852,2924,Sharepro Securities Private Limited,Asian Securities Private Ltd.,2026-04-15 13:36:09.513902,GreenLife Hydropower Limited
2026041504021776,GLH,57,83,10,288.6,2886.0,2026-04-15,186447997,2924,Aryatara Investment & Securities,Sanima Securities Limited,2026-04-15 13:38:02.280021,GreenLife Hydropower Limited
2026041504022050,GLH,21,26,500,288.9,144450.0,2026-04-15,186450008,2924,Midas Stock Broking Company Private Limited,Asian Securities Private Ltd.,2026-04-15 13:40:52.535963,GreenLife Hydropower Limited
2026041504022069,GLH,49,26,10,288.9,2889.0,2026-04-15,186450208,2924,Online Securities Pvt. Ltd.,Asian Securities Private Ltd.,2026-04-15 13:41:12.674221,GreenLife Hydropower Limited
2026041504022091,GLH,57,21,10,288.6,2886.0,2026-04-15,186450343,2924,Aryatara Investment & Securities,Midas Stock Broking Company Private Limited,2026-04-15 13:41:19.729196,GreenLife Hydropower Limited
2026041504022112,GLH,38,26,477,288.9,137805.3,2026-04-15,186450436,2924,Dipshikha Dhitopatra Karobar Co. Pvt Ltd.,Asian Securities Private Ltd.,2026-04-15 13:41:31.053662,GreenLife Hydropower Limited
2026041504022265,GLH,50,16,980,289.0,283220.0,2026-04-15,186451481,2924,Cristal Kanchanjanga Securites Pvt. Ltd.,Primo Securities (PVT) Ltd.,2026-04-15 13:43:12.108683,GreenLife Hydropower Limited
2026041504022266,GLH,50,58,20,289.0,5780.0,2026-04-15,186451484,2924,Cristal Kanchanjanga Securites Pvt. Ltd.,Naasa Securities Co. Ltd.,2026-04-15 13:43:12.108894,GreenLife Hydropower Limited
2026041504022270,GLH,47,58,50,289.0,14450.0,2026-04-15,186451538,2924,Neev Securities Pvt. Ltd.,Naasa Securities Co. Ltd.,2026-04-15 13:43:19.417982,GreenLife Hydropower Limited
2026041504022319,GLH,52,58,30,289.0,8670.0,2026-04-15,186451876,2924,Sundhara Securities Limited,Naasa Securities Co. Ltd.,2026-04-15 13:43:45.327549,GreenLife Hydropower Limited
2026041504022451,GLH,46,35,100,289.8,28980.0,2026-04-15,186452836,2924,Kalika Securities Pvt. Ltd.,Kohinoor Investment & Securities Pvt. Ltd.,2026-04-15 13:45:01.908869,GreenLife Hydropower Limited
2026041504022467,GLH,46,34,200,289.9,57980.0,2026-04-15,186452956,2924,Kalika Securities Pvt. Ltd.,Vision Securities Pvt. Ltd,2026-04-15 13:45:10.393947,GreenLife Hydropower Limited
2026041504022496,GLH,46,34,50,289.9,14495.0,2026-04-15,186453076,2924,Kalika Securities Pvt. Ltd.,Vision Securities Pvt. Ltd,2026-04-15 13:45:19.919596,GreenLife Hydropower Limited
2026041504022610,GLH,65,19,2000,290.0,580000.0,2026-04-15,186453890,2924,Sharepro Securities Private Limited,Nepal Investment And Securities Trading Private Limited,2026-04-15 13:46:19.454967,GreenLife Hydropower Limited
2026041504022666,GLH,46,89,10,290.4,2904.0,2026-04-15,186454333,2924,Kalika Securities Pvt. Ltd.,Global IME Securities Limited,2026-04-15 13:46:45.253999,GreenLife Hydropower Limited
2026041504022667,GLH,46,40,45,290.5,13072.5,2026-04-15,186454336,2924,Kalika Securities Pvt. Ltd.,Creative Securities Pvt Ltd,2026-04-15 13:46:45.254239,GreenLife Hydropower Limited
2026041504022677,GLH,46,40,10,290.5,2905.0,2026-04-15,186454420,2924,Kalika Securities Pvt. Ltd.,Creative Securities Pvt Ltd,2026-04-15 13:46:52.728791,GreenLife Hydropower Limited
2026041504022821,GLH,32,59,10,290.0,2900.0,2026-04-15,186455405,2924,Premier Securities Company Ltd.,Deevyaa Securities & Stock House Pvt. Ltd,2026-04-15 13:48:17.417964,GreenLife Hydropower Limited
2026041504022894,GLH,44,89,10,290.7,2907.0,2026-04-15,186455909,2924,Dynamic Money Managers Securities Pvt. Ltd.,Global IME Securities Limited,2026-04-15 13:48:48.995014,GreenLife Hydropower Limited
2026041504022895,GLH,44,26,50,290.8,14540.0,2026-04-15,186455911,2924,Dynamic Money Managers Securities Pvt. Ltd.,Asian Securities Private Ltd.,2026-04-15 13:48:48.995437,GreenLife Hydropower Limited
2026041504022896,GLH,44,21,941,290.8,273642.8,2026-04-15,186455914,2924,Dynamic Money Managers Securities Pvt. Ltd.,Midas Stock Broking Company Private Limited,2026-04-15 13:48:48.995677,GreenLife Hydropower Limited
2026041504022934,GLH,32,22,10,290.0,2900.0,2026-04-15,186456099,2924,Premier Securities Company Ltd.,Siprabi Securities Pvt. Ltd.,2026-04-15 13:49:05.437190,GreenLife Hydropower Limited
2026041504023201,GLH,46,89,10,290.7,2907.0,2026-04-15,186458222,2924,Kalika Securities Pvt. Ltd.,Global IME Securities Limited,2026-04-15 13:51:20.918601,GreenLife Hydropower Limited
2026041504023222,GLH,46,21,50,290.8,14540.0,2026-04-15,186458404,2924,Kalika Securities Pvt. Ltd.,Midas Stock Broking Company Private Limited,2026-04-15 13:51:31.484795,GreenLife Hydropower Limited
2026041504023283,GLH,46,16,1000,290.9,290900.0,2026-04-15,186458658,2924,Kalika Securities Pvt. Ltd.,Primo Securities (PVT) Ltd.,2026-04-15 13:51:46.122475,GreenLife Hydropower Limited
2026041504023365,GLH,51,89,10,290.8,2908.0,2026-04-15,186459203,2924,Oxford Securities Pvt. Ltd.,Global IME Securities Limited,2026-04-15 13:52:24.131354,GreenLife Hydropower Limited
2026041504023366,GLH,51,62,100,291.0,29100.0,2026-04-15,186459205,2924,Oxford Securities Pvt. Ltd.,Capital Max Securities Ltd,2026-04-15 13:52:24.131748,GreenLife Hydropower Limited
2026041504023367,GLH,51,3,10,291.0,2910.0,2026-04-15,186459207,2924,Oxford Securities Pvt. Ltd.,Arun Securities (PVT) Ltd.,2026-04-15 13:52:24.131984,GreenLife Hydropower Limited
2026041504023368,GLH,51,58,70,291.0,20370.0,2026-04-15,186459209,2924,Oxford Securities Pvt. Ltd.,Naasa Securities Co. Ltd.,2026-04-15 13:52:24.132222,GreenLife Hydropower Limited
2026041504023369,GLH,51,52,210,291.0,61110.0,2026-04-15,186459212,2924,Oxford Securities Pvt. Ltd.,Sundhara Securities Limited,2026-04-15 13:52:24.132463,GreenLife Hydropower Limited
2026041504023459,GLH,21,49,11,290.1,3191.1,2026-04-15,186459763,2924,Midas Stock Broking Company Private Limited,Online Securities Pvt. Ltd.,2026-04-15 13:52:57.880703,GreenLife Hydropower Limited
2026041504023474,GLH,21,53,10,290.1,2901.0,2026-04-15,186459881,2924,Midas Stock Broking Company Private Limited,Investment Management Nepal Pvt. Ltd.,2026-04-15 13:53:04.251465,GreenLife Hydropower Limited
2026041504023597,GLH,21,34,479,290.1,138957.9,2026-04-15,186460482,2924,Midas Stock Broking Company Private Limited,Vision Securities Pvt. Ltd,2026-04-15 13:53:44.393248,GreenLife Hydropower Limited
2026041504023598,GLH,32,34,180,290.0,52200.0,2026-04-15,186460484,2924,Premier Securities Company Ltd.,Vision Securities Pvt. Ltd,2026-04-15 13:53:44.393627,GreenLife Hydropower Limited
2026041504023599,GLH,14,34,841,290.0,243890.0,2026-04-15,186460485,2924,Nepal Stock House (PVT) Ltd.,Vision Securities Pvt. Ltd,2026-04-15 13:53:44.393875,GreenLife Hydropower Limited
2026041504023742,GLH,14,89,59,290.0,17110.0,2026-04-15,186461127,2924,Nepal Stock House (PVT) Ltd.,Global IME Securities Limited,2026-04-15 13:54:27.753442,GreenLife Hydropower Limited
2026041504023842,GLH,14,43,100,290.0,29000.0,2026-04-15,186461839,2924,Nepal Stock House (PVT) Ltd.,South Asian Bulls Pvt. Ltd.,2026-04-15 13:55:33.472463,GreenLife Hydropower Limited
2026041504024023,GLH,51,89,10,290.9,2909.0,2026-04-15,186463005,2924,Oxford Securities Pvt. Ltd.,Global IME Securities Limited,2026-04-15 13:57:24.210674,GreenLife Hydropower Limited
2026041504024024,GLH,51,52,10,291.0,2910.0,2026-04-15,186463008,2924,Oxford Securities Pvt. Ltd.,Sundhara Securities Limited,2026-04-15 13:57:24.210910,GreenLife Hydropower Limited
2026041504024082,GLH,58,58,10,290.0,2900.0,2026-04-15,186463699,2924,Naasa Securities Co. Ltd.,Naasa Securities Co. Ltd.,2026-04-15 13:58:16.193925,GreenLife Hydropower Limited
2026041504024104,GLH,48,89,40,290.9,11636.0,2026-04-15,186463814,2924,Trishakti Securities Public Limited,Global IME Securities Limited,2026-04-15 13:58:26.398217,GreenLife Hydropower Limited
2026041504024436,GLH,33,89,10,290.9,2909.0,2026-04-15,186466739,2924,Dakshinkali Investment & Securities Pvt. Ltd.,Global IME Securities Limited,2026-04-15 14:03:17.095475,GreenLife Hydropower Limited
2026041504024437,GLH,33,16,990,290.9,287991.0,2026-04-15,186466742,2924,Dakshinkali Investment & Securities Pvt. Ltd.,Primo Securities (PVT) Ltd.,2026-04-15 14:03:17.095910,GreenLife Hydropower Limited
2026041504024450,GLH,45,46,151,290.3,43835.3,2026-04-15,186466960,2924,Imperial Securities Company Pvt. Ltd.,Kalika Securities Pvt. Ltd.,2026-04-15 14:03:36.220465,GreenLife Hydropower Limited
2026041504024451,GLH,38,46,849,290.3,246464.7,2026-04-15,186466961,2924,Dipshikha Dhitopatra Karobar Co. Pvt Ltd.,Kalika Securities Pvt. Ltd.,2026-04-15 14:03:36.220742,GreenLife Hydropower Limited
2026041504024455,GLH,17,16,1000,290.9,290900.0,2026-04-15,186466978,2924,ABC Securities Private Limited,Primo Securities (PVT) Ltd.,2026-04-15 14:03:38.094926,GreenLife Hydropower Limited
2026041504024594,GLH,58,50,190,290.0,55100.0,2026-04-15,186468254,2924,Naasa Securities Co. Ltd.,Cristal Kanchanjanga Securites Pvt. Ltd.,2026-04-15 14:05:38.944913,GreenLife Hydropower Limited
2026041504024595,GLH,38,50,10,290.0,2900.0,2026-04-15,186468255,2924,Dipshikha Dhitopatra Karobar Co. Pvt Ltd.,Cristal Kanchanjanga Securites Pvt. Ltd.,2026-04-15 14:05:38.945458,GreenLife Hydropower Limited
2026041504024604,GLH,38,34,10,290.0,2900.0,2026-04-15,186468355,2924,Dipshikha Dhitopatra Karobar Co. Pvt Ltd.,Vision Securities Pvt. Ltd,2026-04-15 14:05:47.209770,GreenLife Hydropower Limited
2026041504024671,GLH,48,58,10,290.8,2908.0,2026-04-15,186468927,2924,Trishakti Securities Public Limited,Naasa Securities Co. Ltd.,2026-04-15 14:06:45.464365,GreenLife Hydropower Limited
2026041504024672,GLH,48,16,10,290.9,2909.0,2026-04-15,186468929,2924,Trishakti Securities Public Limited,Primo Securities (PVT) Ltd.,2026-04-15 14:06:45.464578,GreenLife Hydropower Limited
2026041504024673,GLH,48,52,280,291.0,81480.0,2026-04-15,186468931,2924,Trishakti Securities Public Limited,Sundhara Securities Limited,2026-04-15 14:06:45.464667,GreenLife Hydropower Limited
2026041504024674,GLH,48,34,700,291.0,203700.0,2026-04-15,186468934,2924,Trishakti Securities Public Limited,Vision Securities Pvt. Ltd,2026-04-15 14:06:45.464752,GreenLife Hydropower Limited
2026041504024684,GLH,38,6,100,290.0,29000.0,2026-04-15,186468979,2924,Dipshikha Dhitopatra Karobar Co. Pvt Ltd.,Agrawal Securities (PVT) Ltd.,2026-04-15 14:06:51.467791,GreenLife Hydropower Limited
2026041504024937,GLH,38,58,31,290.0,8990.0,2026-04-15,186471068,2924,Dipshikha Dhitopatra Karobar Co. Pvt Ltd.,Naasa Securities Co. Ltd.,2026-04-15 14:10:22.839948,GreenLife Hydropower Limited
2026041504024938,GLH,16,58,159,290.0,46110.0,2026-04-15,186471069,2924,Primo Securities (PVT) Ltd.,Naasa Securities Co. Ltd.,2026-04-15 14:10:22.840444,GreenLife Hydropower Limited
2026041504025094,GLH,16,34,50,290.0,14500.0,2026-04-15,186472241,2924,Primo Securities (PVT) Ltd.,Vision Securities Pvt. Ltd,2026-04-15 14:12:17.449771,GreenLife Hydropower Limited
2026041504025195,GLH,16,34,191,291.0,55581.0,2026-04-15,186473038,2924,Primo Securities (PVT) Ltd.,Vision Securities Pvt. Ltd,2026-04-15 14:13:40.838331,GreenLife Hydropower Limited
2026041504025263,GLH,58,34,50,291.0,14550.0,2026-04-15,186473418,2924,Naasa Securities Co. Ltd.,Vision Securities Pvt. Ltd,2026-04-15 14:14:16.190788,GreenLife Hydropower Limited
2026041504025476,GLH,65,10,400,289.2,115680.0,2026-04-15,186474823,2924,Sharepro Securities Private Limited,Pragyan Securities (PVT) Ltd.,2026-04-15 14:16:23.456451,GreenLife Hydropower Limited
2026041504025516,GLH,65,51,200,289.2,57840.0,2026-04-15,186475189,2924,Sharepro Securities Private Limited,Oxford Securities Pvt. Ltd.,2026-04-15 14:16:53.888731,GreenLife Hydropower Limited
2026041504025799,GLH,57,21,500,289.3,144650.0,2026-04-15,186476869,2924,Aryatara Investment & Securities,Midas Stock Broking Company Private Limited,2026-04-15 14:18:55.194641,GreenLife Hydropower Limited
2026041504025803,GLH,51,48,10,290.0,2900.0,2026-04-15,186476905,2924,Oxford Securities Pvt. Ltd.,Trishakti Securities Public Limited,2026-04-15 14:18:57.585902,GreenLife Hydropower Limited
2026041504025804,GLH,51,49,40,290.0,11600.0,2026-04-15,186476907,2924,Oxford Securities Pvt. Ltd.,Online Securities Pvt. Ltd.,2026-04-15 14:18:57.586381,GreenLife Hydropower Limited
2026041504025805,GLH,51,57,60,290.0,17400.0,2026-04-15,186476910,2924,Oxford Securities Pvt. Ltd.,Aryatara Investment & Securities,2026-04-15 14:18:57.586651,GreenLife Hydropower Limited
2026041504025838,GLH,65,26,10,289.2,2892.0,2026-04-15,186477153,2924,Sharepro Securities Private Limited,Asian Securities Private Ltd.,2026-04-15 14:19:13.377576,GreenLife Hydropower Limited
2026041504026114,GLH,65,13,350,289.2,101220.0,2026-04-15,186478809,2924,Sharepro Securities Private Limited,Thrive Brokerage House Pvt. Ltd,2026-04-15 14:21:01.094550,GreenLife Hydropower Limited
2026041504026167,GLH,65,80,3417,289.2,988196.4,2026-04-15,186479159,2924,Sharepro Securities Private Limited,Indira securities pvt. ltd,2026-04-15 14:21:21.347519,GreenLife Hydropower Limited
2026041504026397,GLH,65,50,316,289.2,91387.2,2026-04-15,186480987,2924,Sharepro Securities Private Limited,Cristal Kanchanjanga Securites Pvt. Ltd.,2026-04-15 14:23:03.952194,GreenLife Hydropower Limited
2026041504026652,GLH,65,17,300,289.2,86760.0,2026-04-15,186482373,2924,Sharepro Securities Private Limited,ABC Securities Private Limited,2026-04-15 14:24:17.228337,GreenLife Hydropower Limited
2026041504026653,GLH,39,57,40,290.0,11600.0,2026-04-15,186482379,2924,Sumeru Securities Pvt. Ltd.,Aryatara Investment & Securities,2026-04-15 14:24:18.158984,GreenLife Hydropower Limited
2026041504026654,GLH,39,68,100,290.0,29000.0,2026-04-15,186482381,2924,Sumeru Securities Pvt. Ltd.,Elite Stock House Limited,2026-04-15 14:24:18.159422,GreenLife Hydropower Limited
2026041504026789,GLH,39,42,860,290.0,249400.0,2026-04-15,186483000,2924,Sumeru Securities Pvt. Ltd.,Sani Securities Company Ltd.,2026-04-15 14:24:49.871024,GreenLife Hydropower Limited
2026041504026874,GLH,65,35,500,289.1,144550.0,2026-04-15,186483673,2924,Sharepro Securities Private Limited,Kohinoor Investment & Securities Pvt. Ltd.,2026-04-15 14:25:21.536531,GreenLife Hydropower Limited
2026041504026971,GLH,16,43,200,289.5,57900.0,2026-04-15,186484370,2924,Primo Securities (PVT) Ltd.,South Asian Bulls Pvt. Ltd.,2026-04-15 14:25:57.325217,GreenLife Hydropower Limited
2026041504026972,GLH,65,43,1500,289.1,433650.0,2026-04-15,186484372,2924,Sharepro Securities Private Limited,South Asian Bulls Pvt. Ltd.,2026-04-15 14:25:57.325435,GreenLife Hydropower Limited
2026041504026973,GLH,59,43,1000,289.1,289100.0,2026-04-15,186484374,2924,Deevyaa Securities & Stock House Pvt. Ltd,South Asian Bulls Pvt. Ltd.,2026-04-15 14:25:57.325525,GreenLife Hydropower Limited
2026041504026974,GLH,58,43,200,289.0,57800.0,2026-04-15,186484376,2924,Naasa Securities Co. Ltd.,South Asian Bulls Pvt. Ltd.,2026-04-15 14:25:57.325612,GreenLife Hydropower Limited
2026041504026975,GLH,46,43,500,289.0,144500.0,2026-04-15,186484377,2924,Kalika Securities Pvt. Ltd.,South Asian Bulls Pvt. Ltd.,2026-04-15 14:25:57.325698,GreenLife Hydropower Limited
2026041504027035,GLH,46,35,500,289.0,144500.0,2026-04-15,186484717,2924,Kalika Securities Pvt. Ltd.,Kohinoor Investment & Securities Pvt. Ltd.,2026-04-15 14:26:18.284071,GreenLife Hydropower Limited
2026041504027213,GLH,52,16,100,289.0,28900.0,2026-04-15,186486020,2924,Sundhara Securities Limited,Primo Securities (PVT) Ltd.,2026-04-15 14:27:23.755746,GreenLife Hydropower Limited
2026041504027214,GLH,53,16,400,289.0,115600.0,2026-04-15,186486022,2924,Investment Management Nepal Pvt. Ltd.,Primo Securities (PVT) Ltd.,2026-04-15 14:27:23.756175,GreenLife Hydropower Limited
2026041504027215,GLH,29,16,300,289.0,86700.0,2026-04-15,186486024,2924,Trisul Securities & Invt. Ltd.,Primo Securities (PVT) Ltd.,2026-04-15 14:27:23.756461,GreenLife Hydropower Limited
2026041504027324,GLH,57,19,30,288.6,8658.0,2026-04-15,186486752,2924,Aryatara Investment & Securities,Nepal Investment And Securities Trading Private Limited,2026-04-15 14:28:00.663027,GreenLife Hydropower Limited
2026041504027325,GLH,38,19,23,288.6,6637.8,2026-04-15,186486754,2924,Dipshikha Dhitopatra Karobar Co. Pvt Ltd.,Nepal Investment And Securities Trading Private Limited,2026-04-15 14:28:00.663287,GreenLife Hydropower Limited
2026041504027326,GLH,37,19,200,288.5,57700.0,2026-04-15,186486756,2924,Swarna Laxmi Securities Pvt. Ltd.,Nepal Investment And Securities Trading Private Limited,2026-04-15 14:28:00.663422,GreenLife Hydropower Limited
