contractId,stockSymbol,buyerMemberId,sellerMemberId,quantity,rate,amount,businessDate,tradeBookId,stockId,buyerBrokerName,sellerBrokerName,transaction_time,securityName
2026041501000001,HBL,58,91,10,204.4,2044.0,2026-04-15,186284810,134,Naasa Securities Co. Ltd.,Citizens Share Broker Limited,2026-04-15 10:46:00.031911,Himalayan Bank Limited
2026041501000061,HBL,17,58,10,208.0,2080.0,2026-04-15,186285075,134,ABC Securities Private Limited,Naasa Securities Co. Ltd.,2026-04-15 11:00:15.853114,Himalayan Bank Limited
2026041501000062,HBL,17,41,10,208.0,2080.0,2026-04-15,186285078,134,ABC Securities Private Limited,Linch Stock Market Ltd.,2026-04-15 11:00:15.853223,Himalayan Bank Limited
2026041501001042,HBL,3,47,650,212.0,137800.0,2026-04-15,186287913,134,Arun Securities (PVT) Ltd.,Neev Securities Pvt. Ltd.,2026-04-15 11:03:25.440723,Himalayan Bank Limited
2026041501001043,HBL,3,58,10,212.0,2120.0,2026-04-15,186287915,134,Arun Securities (PVT) Ltd.,Naasa Securities Co. Ltd.,2026-04-15 11:03:25.440787,Himalayan Bank Limited
2026041501001130,HBL,3,35,10,212.0,2120.0,2026-04-15,186288155,134,Arun Securities (PVT) Ltd.,Kohinoor Investment & Securities Pvt. Ltd.,2026-04-15 11:03:39.813392,Himalayan Bank Limited
2026041501001143,HBL,3,42,10,212.0,2120.0,2026-04-15,186288197,134,Arun Securities (PVT) Ltd.,Sani Securities Company Ltd.,2026-04-15 11:03:42.616329,Himalayan Bank Limited
2026041501001220,HBL,3,47,10,212.0,2120.0,2026-04-15,186288403,134,Arun Securities (PVT) Ltd.,Neev Securities Pvt. Ltd.,2026-04-15 11:03:52.671223,Himalayan Bank Limited
2026041501001230,HBL,3,52,10,212.0,2120.0,2026-04-15,186288437,134,Arun Securities (PVT) Ltd.,Sundhara Securities Limited,2026-04-15 11:03:54.018363,Himalayan Bank Limited
2026041501001293,HBL,13,58,10,212.1,2121.0,2026-04-15,186288607,134,Thrive Brokerage House Pvt. Ltd,Naasa Securities Co. Ltd.,2026-04-15 11:04:02.479959,Himalayan Bank Limited
2026041501001294,HBL,13,58,10,212.1,2121.0,2026-04-15,186288609,134,Thrive Brokerage House Pvt. Ltd,Naasa Securities Co. Ltd.,2026-04-15 11:04:02.480125,Himalayan Bank Limited
2026041501001295,HBL,13,48,42,212.1,8908.2,2026-04-15,186288611,134,Thrive Brokerage House Pvt. Ltd,Trishakti Securities Public Limited,2026-04-15 11:04:02.480226,Himalayan Bank Limited
2026041501001296,HBL,13,87,10,212.1,2121.0,2026-04-15,186288613,134,Thrive Brokerage House Pvt. Ltd,S.P.S.A. Securities Limited,2026-04-15 11:04:02.480322,Himalayan Bank Limited
2026041501001297,HBL,13,58,10,212.1,2121.0,2026-04-15,186288616,134,Thrive Brokerage House Pvt. Ltd,Naasa Securities Co. Ltd.,2026-04-15 11:04:02.480406,Himalayan Bank Limited
2026041501001305,HBL,3,26,10,212.0,2120.0,2026-04-15,186288641,134,Arun Securities (PVT) Ltd.,Asian Securities Private Ltd.,2026-04-15 11:04:03.732956,Himalayan Bank Limited
2026041501001309,HBL,3,49,10,212.0,2120.0,2026-04-15,186288661,134,Arun Securities (PVT) Ltd.,Online Securities Pvt. Ltd.,2026-04-15 11:04:04.887061,Himalayan Bank Limited
2026041501001391,HBL,3,7,10,212.0,2120.0,2026-04-15,186288877,134,Arun Securities (PVT) Ltd.,J.F. Securites (PVT) Ltd.,2026-04-15 11:04:18.234308,Himalayan Bank Limited
2026041501001405,HBL,3,43,10,212.0,2120.0,2026-04-15,186288919,134,Arun Securities (PVT) Ltd.,South Asian Bulls Pvt. Ltd.,2026-04-15 11:04:23.099338,Himalayan Bank Limited
2026041501001449,HBL,58,14,10,214.0,2140.0,2026-04-15,186289096,134,Naasa Securities Co. Ltd.,Nepal Stock House (PVT) Ltd.,2026-04-15 11:04:30.888644,Himalayan Bank Limited
2026041501001486,HBL,3,49,10,212.0,2120.0,2026-04-15,186289229,134,Arun Securities (PVT) Ltd.,Online Securities Pvt. Ltd.,2026-04-15 11:04:42.151003,Himalayan Bank Limited
2026041501001524,HBL,75,34,10,212.0,2120.0,2026-04-15,186289369,134,N.I.M.B. Stock Markets Limited,Vision Securities Pvt. Ltd,2026-04-15 11:04:52.130886,Himalayan Bank Limited
2026041501001527,HBL,75,50,10,212.0,2120.0,2026-04-15,186289379,134,N.I.M.B. Stock Markets Limited,Cristal Kanchanjanga Securites Pvt. Ltd.,2026-04-15 11:04:53.521044,Himalayan Bank Limited
2026041501001599,HBL,75,36,10,212.0,2120.0,2026-04-15,186289679,134,N.I.M.B. Stock Markets Limited,Secured Securities Ltd.,2026-04-15 11:05:16.383606,Himalayan Bank Limited
2026041501001609,HBL,75,52,10,212.0,2120.0,2026-04-15,186289715,134,N.I.M.B. Stock Markets Limited,Sundhara Securities Limited,2026-04-15 11:05:21.592774,Himalayan Bank Limited
2026041501001624,HBL,75,49,10,212.0,2120.0,2026-04-15,186289797,134,N.I.M.B. Stock Markets Limited,Online Securities Pvt. Ltd.,2026-04-15 11:05:29.644124,Himalayan Bank Limited
2026041501001670,HBL,75,34,10,212.0,2120.0,2026-04-15,186289961,134,N.I.M.B. Stock Markets Limited,Vision Securities Pvt. Ltd,2026-04-15 11:05:37.306741,Himalayan Bank Limited
2026041501001687,HBL,75,46,10,212.0,2120.0,2026-04-15,186290043,134,N.I.M.B. Stock Markets Limited,Kalika Securities Pvt. Ltd.,2026-04-15 11:05:47.432312,Himalayan Bank Limited
2026041501001717,HBL,49,39,100,212.5,21250.0,2026-04-15,186290144,134,Online Securities Pvt. Ltd.,Sumeru Securities Pvt. Ltd.,2026-04-15 11:05:53.268545,Himalayan Bank Limited
2026041501001831,HBL,75,58,10,212.0,2120.0,2026-04-15,186290541,134,N.I.M.B. Stock Markets Limited,Naasa Securities Co. Ltd.,2026-04-15 11:06:21.782431,Himalayan Bank Limited
2026041501001893,HBL,75,49,10,212.0,2120.0,2026-04-15,186290787,134,N.I.M.B. Stock Markets Limited,Online Securities Pvt. Ltd.,2026-04-15 11:06:40.244871,Himalayan Bank Limited
2026041501001982,HBL,58,92,10,213.0,2130.0,2026-04-15,186291217,134,Naasa Securities Co. Ltd.,Roadshow securities limited,2026-04-15 11:07:11.997059,Himalayan Bank Limited
2026041501001983,HBL,58,14,40,213.0,8520.0,2026-04-15,186291220,134,Naasa Securities Co. Ltd.,Nepal Stock House (PVT) Ltd.,2026-04-15 11:07:11.997142,Himalayan Bank Limited
2026041501002009,HBL,75,58,10,212.0,2120.0,2026-04-15,186291419,134,N.I.M.B. Stock Markets Limited,Naasa Securities Co. Ltd.,2026-04-15 11:07:24.294141,Himalayan Bank Limited
2026041501002090,HBL,75,20,10,210.1,2101.0,2026-04-15,186291745,134,N.I.M.B. Stock Markets Limited,Sipla Securities Private Limited,2026-04-15 11:07:46.281967,Himalayan Bank Limited
2026041501002197,HBL,58,41,10,212.0,2120.0,2026-04-15,186292084,134,Naasa Securities Co. Ltd.,Linch Stock Market Ltd.,2026-04-15 11:08:02.719593,Himalayan Bank Limited
2026041501002262,HBL,75,47,10,210.1,2101.0,2026-04-15,186292343,134,N.I.M.B. Stock Markets Limited,Neev Securities Pvt. Ltd.,2026-04-15 11:08:22.274291,Himalayan Bank Limited
2026041501002281,HBL,75,51,10,210.1,2101.0,2026-04-15,186292411,134,N.I.M.B. Stock Markets Limited,Oxford Securities Pvt. Ltd.,2026-04-15 11:08:27.054991,Himalayan Bank Limited
2026041501002439,HBL,17,42,10,210.2,2102.0,2026-04-15,186292929,134,ABC Securities Private Limited,Sani Securities Company Ltd.,2026-04-15 11:09:04.491467,Himalayan Bank Limited
2026041501002540,HBL,75,59,10,210.1,2101.0,2026-04-15,186293389,134,N.I.M.B. Stock Markets Limited,Deevyaa Securities & Stock House Pvt. Ltd,2026-04-15 11:09:38.761323,Himalayan Bank Limited
2026041501002551,HBL,75,34,10,210.1,2101.0,2026-04-15,186293427,134,N.I.M.B. Stock Markets Limited,Vision Securities Pvt. Ltd,2026-04-15 11:09:41.853361,Himalayan Bank Limited
2026041501002573,HBL,75,38,10,210.1,2101.0,2026-04-15,186293511,134,N.I.M.B. Stock Markets Limited,Dipshikha Dhitopatra Karobar Co. Pvt Ltd.,2026-04-15 11:09:47.735236,Himalayan Bank Limited
2026041501002620,HBL,75,38,10,210.1,2101.0,2026-04-15,186293653,134,N.I.M.B. Stock Markets Limited,Dipshikha Dhitopatra Karobar Co. Pvt Ltd.,2026-04-15 11:09:58.039491,Himalayan Bank Limited
2026041501002669,HBL,75,38,10,210.1,2101.0,2026-04-15,186293829,134,N.I.M.B. Stock Markets Limited,Dipshikha Dhitopatra Karobar Co. Pvt Ltd.,2026-04-15 11:10:05.325957,Himalayan Bank Limited
2026041501002672,HBL,75,16,10,210.1,2101.0,2026-04-15,186293835,134,N.I.M.B. Stock Markets Limited,Primo Securities (PVT) Ltd.,2026-04-15 11:10:06.226407,Himalayan Bank Limited
2026041501002689,HBL,75,48,10,210.1,2101.0,2026-04-15,186293897,134,N.I.M.B. Stock Markets Limited,Trishakti Securities Public Limited,2026-04-15 11:10:13.781387,Himalayan Bank Limited
2026041501002696,HBL,51,58,10,210.2,2102.0,2026-04-15,186293940,134,Oxford Securities Pvt. Ltd.,Naasa Securities Co. Ltd.,2026-04-15 11:10:16.429928,Himalayan Bank Limited
2026041501002723,HBL,75,65,900,210.1,189090.0,2026-04-15,186294122,134,N.I.M.B. Stock Markets Limited,Sharepro Securities Private Limited,2026-04-15 11:10:26.140951,Himalayan Bank Limited
2026041501002724,HBL,58,65,200,210.1,42020.0,2026-04-15,186294124,134,Naasa Securities Co. Ltd.,Sharepro Securities Private Limited,2026-04-15 11:10:26.141213,Himalayan Bank Limited
2026041501002725,HBL,34,65,250,210.0,52500.0,2026-04-15,186294126,134,Vision Securities Pvt. Ltd,Sharepro Securities Private Limited,2026-04-15 11:10:26.141378,Himalayan Bank Limited
2026041501002726,HBL,11,65,10,210.0,2100.0,2026-04-15,186294128,134,Malla & Malla Stock Broking Company Pvt. Limited,Sharepro Securities Private Limited,2026-04-15 11:10:26.141525,Himalayan Bank Limited
2026041501002727,HBL,14,65,200,210.0,42000.0,2026-04-15,186294130,134,Nepal Stock House (PVT) Ltd.,Sharepro Securities Private Limited,2026-04-15 11:10:26.141684,Himalayan Bank Limited
2026041501002728,HBL,17,65,294,209.0,61446.0,2026-04-15,186294131,134,ABC Securities Private Limited,Sharepro Securities Private Limited,2026-04-15 11:10:26.141834,Himalayan Bank Limited
2026041501002952,HBL,17,4,10,209.0,2090.0,2026-04-15,186294985,134,ABC Securities Private Limited,Opal Securities Investment (PVT) Ltd.,2026-04-15 11:11:10.955511,Himalayan Bank Limited
2026041501003087,HBL,1,58,10,209.2,2092.0,2026-04-15,186295567,134,Kumari Securities Private Limited,Naasa Securities Co. Ltd.,2026-04-15 11:11:48.749299,Himalayan Bank Limited
2026041501003174,HBL,1,38,10,209.2,2092.0,2026-04-15,186295907,134,Kumari Securities Private Limited,Dipshikha Dhitopatra Karobar Co. Pvt Ltd.,2026-04-15 11:12:14.460118,Himalayan Bank Limited
2026041501003194,HBL,36,25,25,209.3,5232.5,2026-04-15,186296055,134,Secured Securities Ltd.,Sweta Securities Private Limited,2026-04-15 11:12:26.019860,Himalayan Bank Limited
2026041501003203,HBL,14,53,10,210.0,2100.0,2026-04-15,186296079,134,Nepal Stock House (PVT) Ltd.,Investment Management Nepal Pvt. Ltd.,2026-04-15 11:12:28.532548,Himalayan Bank Limited
2026041501003204,HBL,14,49,821,210.0,172410.0,2026-04-15,186296081,134,Nepal Stock House (PVT) Ltd.,Online Securities Pvt. Ltd.,2026-04-15 11:12:28.532751,Himalayan Bank Limited
2026041501003205,HBL,14,58,10,210.0,2100.0,2026-04-15,186296083,134,Nepal Stock House (PVT) Ltd.,Naasa Securities Co. Ltd.,2026-04-15 11:12:28.532810,Himalayan Bank Limited
2026041501003206,HBL,14,11,10,210.0,2100.0,2026-04-15,186296085,134,Nepal Stock House (PVT) Ltd.,Malla & Malla Stock Broking Company Pvt. Limited,2026-04-15 11:12:28.532869,Himalayan Bank Limited
2026041501003230,HBL,14,38,10,210.0,2100.0,2026-04-15,186296213,134,Nepal Stock House (PVT) Ltd.,Dipshikha Dhitopatra Karobar Co. Pvt Ltd.,2026-04-15 11:12:36.935723,Himalayan Bank Limited
2026041501003254,HBL,14,22,10,210.0,2100.0,2026-04-15,186296293,134,Nepal Stock House (PVT) Ltd.,Siprabi Securities Pvt. Ltd.,2026-04-15 11:12:42.738377,Himalayan Bank Limited
2026041501003352,HBL,14,58,10,210.0,2100.0,2026-04-15,186296621,134,Nepal Stock House (PVT) Ltd.,Naasa Securities Co. Ltd.,2026-04-15 11:13:07.116130,Himalayan Bank Limited
2026041501003431,HBL,14,50,10,210.0,2100.0,2026-04-15,186296941,134,Nepal Stock House (PVT) Ltd.,Cristal Kanchanjanga Securites Pvt. Ltd.,2026-04-15 11:13:38.090199,Himalayan Bank Limited
2026041501003451,HBL,14,16,10,210.0,2100.0,2026-04-15,186297001,134,Nepal Stock House (PVT) Ltd.,Primo Securities (PVT) Ltd.,2026-04-15 11:13:43.777284,Himalayan Bank Limited
2026041501003537,HBL,14,49,10,210.0,2100.0,2026-04-15,186297467,134,Nepal Stock House (PVT) Ltd.,Online Securities Pvt. Ltd.,2026-04-15 11:14:15.367537,Himalayan Bank Limited
2026041501003546,HBL,14,58,10,210.0,2100.0,2026-04-15,186297507,134,Nepal Stock House (PVT) Ltd.,Naasa Securities Co. Ltd.,2026-04-15 11:14:17.927013,Himalayan Bank Limited
2026041501003628,HBL,26,48,50,211.0,10550.0,2026-04-15,186297832,134,Asian Securities Private Ltd.,Trishakti Securities Public Limited,2026-04-15 11:14:45.134600,Himalayan Bank Limited
2026041501003645,HBL,14,58,79,210.0,16590.0,2026-04-15,186297914,134,Nepal Stock House (PVT) Ltd.,Naasa Securities Co. Ltd.,2026-04-15 11:14:53.763565,Himalayan Bank Limited
2026041501003655,HBL,34,22,10,210.0,2100.0,2026-04-15,186298005,134,Vision Securities Pvt. Ltd,Siprabi Securities Pvt. Ltd.,2026-04-15 11:14:58.333438,Himalayan Bank Limited
2026041501003656,HBL,34,49,10,210.0,2100.0,2026-04-15,186298007,134,Vision Securities Pvt. Ltd,Online Securities Pvt. Ltd.,2026-04-15 11:14:58.379317,Himalayan Bank Limited
2026041501003710,HBL,34,34,10,210.0,2100.0,2026-04-15,186298289,134,Vision Securities Pvt. Ltd,Vision Securities Pvt. Ltd,2026-04-15 11:15:22.876952,Himalayan Bank Limited
2026041501003711,HBL,34,53,10,210.0,2100.0,2026-04-15,186298291,134,Vision Securities Pvt. Ltd,Investment Management Nepal Pvt. Ltd.,2026-04-15 11:15:22.896416,Himalayan Bank Limited
2026041501003772,HBL,34,58,10,210.0,2100.0,2026-04-15,186298507,134,Vision Securities Pvt. Ltd,Naasa Securities Co. Ltd.,2026-04-15 11:15:39.748270,Himalayan Bank Limited
2026041501003841,HBL,34,58,10,210.0,2100.0,2026-04-15,186298785,134,Vision Securities Pvt. Ltd,Naasa Securities Co. Ltd.,2026-04-15 11:15:57.654976,Himalayan Bank Limited
2026041501003886,HBL,58,42,10,210.5,2105.0,2026-04-15,186298955,134,Naasa Securities Co. Ltd.,Sani Securities Company Ltd.,2026-04-15 11:16:11.440808,Himalayan Bank Limited
2026041501003887,HBL,58,38,10,210.9,2109.0,2026-04-15,186298957,134,Naasa Securities Co. Ltd.,Dipshikha Dhitopatra Karobar Co. Pvt Ltd.,2026-04-15 11:16:11.440941,Himalayan Bank Limited
2026041501003888,HBL,58,48,60,211.0,12660.0,2026-04-15,186298960,134,Naasa Securities Co. Ltd.,Trishakti Securities Public Limited,2026-04-15 11:16:11.441003,Himalayan Bank Limited
2026041501003895,HBL,34,46,10,210.0,2100.0,2026-04-15,186298991,134,Vision Securities Pvt. Ltd,Kalika Securities Pvt. Ltd.,2026-04-15 11:16:14.399381,Himalayan Bank Limited
2026041501003962,HBL,34,42,10,210.0,2100.0,2026-04-15,186299219,134,Vision Securities Pvt. Ltd,Sani Securities Company Ltd.,2026-04-15 11:16:25.990439,Himalayan Bank Limited
2026041501003976,HBL,34,58,10,210.0,2100.0,2026-04-15,186299263,134,Vision Securities Pvt. Ltd,Naasa Securities Co. Ltd.,2026-04-15 11:16:28.669690,Himalayan Bank Limited
2026041501004004,HBL,34,66,10,210.0,2100.0,2026-04-15,186299421,134,Vision Securities Pvt. Ltd,Miyo Securities Pvt Ltd,2026-04-15 11:16:42.752527,Himalayan Bank Limited
2026041501004043,HBL,34,38,10,210.0,2100.0,2026-04-15,186299565,134,Vision Securities Pvt. Ltd,Dipshikha Dhitopatra Karobar Co. Pvt Ltd.,2026-04-15 11:16:58.594013,Himalayan Bank Limited
2026041501004059,HBL,39,16,10,210.0,2100.0,2026-04-15,186299643,134,Sumeru Securities Pvt. Ltd.,Primo Securities (PVT) Ltd.,2026-04-15 11:17:04.524345,Himalayan Bank Limited
2026041501004088,HBL,39,49,10,210.0,2100.0,2026-04-15,186299769,134,Sumeru Securities Pvt. Ltd.,Online Securities Pvt. Ltd.,2026-04-15 11:17:14.540609,Himalayan Bank Limited
2026041501004186,HBL,10,6,50,210.8,10540.0,2026-04-15,186300272,134,Pragyan Securities (PVT) Ltd.,Agrawal Securities (PVT) Ltd.,2026-04-15 11:17:56.567470,Himalayan Bank Limited
2026041501004223,HBL,39,48,10,210.0,2100.0,2026-04-15,186300583,134,Sumeru Securities Pvt. Ltd.,Trishakti Securities Public Limited,2026-04-15 11:18:22.635127,Himalayan Bank Limited
2026041501004308,HBL,39,36,10,210.0,2100.0,2026-04-15,186300809,134,Sumeru Securities Pvt. Ltd.,Secured Securities Ltd.,2026-04-15 11:18:33.915495,Himalayan Bank Limited
2026041501004429,HBL,39,56,10,210.0,2100.0,2026-04-15,186301257,134,Sumeru Securities Pvt. Ltd.,Sri Hari Securities Pvt. Ltd.,2026-04-15 11:19:04.523428,Himalayan Bank Limited
2026041501004541,HBL,58,51,10,210.0,2100.0,2026-04-15,186301761,134,Naasa Securities Co. Ltd.,Oxford Securities Pvt. Ltd.,2026-04-15 11:19:44.276791,Himalayan Bank Limited
2026041501004548,HBL,58,72,10,210.0,2100.0,2026-04-15,186301811,134,Naasa Securities Co. Ltd.,Hatemalo Financial Services Private Limited,2026-04-15 11:19:47.994361,Himalayan Bank Limited
2026041501004563,HBL,58,50,10,210.0,2100.0,2026-04-15,186301901,134,Naasa Securities Co. Ltd.,Cristal Kanchanjanga Securites Pvt. Ltd.,2026-04-15 11:19:53.507948,Himalayan Bank Limited
2026041501004593,HBL,58,13,170,210.0,35700.0,2026-04-15,186302052,134,Naasa Securities Co. Ltd.,Thrive Brokerage House Pvt. Ltd,2026-04-15 11:20:01.336558,Himalayan Bank Limited
2026041501004594,HBL,58,13,10,210.0,2100.0,2026-04-15,186302054,134,Naasa Securities Co. Ltd.,Thrive Brokerage House Pvt. Ltd,2026-04-15 11:20:01.336715,Himalayan Bank Limited
2026041501004595,HBL,58,13,70,210.0,14700.0,2026-04-15,186302056,134,Naasa Securities Co. Ltd.,Thrive Brokerage House Pvt. Ltd,2026-04-15 11:20:01.336806,Himalayan Bank Limited
2026041501004596,HBL,57,13,300,210.0,63000.0,2026-04-15,186302058,134,Aryatara Investment & Securities,Thrive Brokerage House Pvt. Ltd,2026-04-15 11:20:01.336879,Himalayan Bank Limited
2026041501004597,HBL,36,13,150,210.0,31500.0,2026-04-15,186302060,134,Secured Securities Ltd.,Thrive Brokerage House Pvt. Ltd,2026-04-15 11:20:01.336942,Himalayan Bank Limited
2026041501004623,HBL,49,13,180,210.0,37800.0,2026-04-15,186302118,134,Online Securities Pvt. Ltd.,Thrive Brokerage House Pvt. Ltd,2026-04-15 11:20:04.049176,Himalayan Bank Limited
2026041501004719,HBL,58,13,50,210.0,10500.0,2026-04-15,186302466,134,Naasa Securities Co. Ltd.,Thrive Brokerage House Pvt. Ltd,2026-04-15 11:20:21.855314,Himalayan Bank Limited
2026041501004827,HBL,36,5,10,209.3,2093.0,2026-04-15,186302921,134,Secured Securities Ltd.,Market Securities & Exchange (PVT) Ltd.,2026-04-15 11:20:45.551809,Himalayan Bank Limited
2026041501004965,HBL,36,72,10,209.3,2093.0,2026-04-15,186303531,134,Secured Securities Ltd.,Hatemalo Financial Services Private Limited,2026-04-15 11:21:21.701615,Himalayan Bank Limited
2026041501004990,HBL,36,39,10,209.3,2093.0,2026-04-15,186303661,134,Secured Securities Ltd.,Sumeru Securities Pvt. Ltd.,2026-04-15 11:21:29.109984,Himalayan Bank Limited
2026041501005000,HBL,36,3,10,209.3,2093.0,2026-04-15,186303713,134,Secured Securities Ltd.,Arun Securities (PVT) Ltd.,2026-04-15 11:21:33.736310,Himalayan Bank Limited
2026041501005019,HBL,36,13,25,210.0,5250.0,2026-04-15,186303814,134,Secured Securities Ltd.,Thrive Brokerage House Pvt. Ltd,2026-04-15 11:21:41.532056,Himalayan Bank Limited
2026041501005020,HBL,36,39,10,209.3,2093.0,2026-04-15,186303815,134,Secured Securities Ltd.,Sumeru Securities Pvt. Ltd.,2026-04-15 11:21:41.578522,Himalayan Bank Limited
2026041501005221,HBL,58,58,10,209.5,2095.0,2026-04-15,186304717,134,Naasa Securities Co. Ltd.,Naasa Securities Co. Ltd.,2026-04-15 11:22:36.985149,Himalayan Bank Limited
2026041501005254,HBL,58,74,10,209.5,2095.0,2026-04-15,186304797,134,Naasa Securities Co. Ltd.,KALASH STOCK MARKET PVT. LTD.,2026-04-15 11:22:40.133124,Himalayan Bank Limited
2026041501005255,HBL,36,25,10,209.3,2093.0,2026-04-15,186304799,134,Secured Securities Ltd.,Sweta Securities Private Limited,2026-04-15 11:22:40.317802,Himalayan Bank Limited
2026041501005256,HBL,36,58,10,209.3,2093.0,2026-04-15,186304801,134,Secured Securities Ltd.,Naasa Securities Co. Ltd.,2026-04-15 11:22:40.371129,Himalayan Bank Limited
2026041501005312,HBL,36,49,10,209.3,2093.0,2026-04-15,186305037,134,Secured Securities Ltd.,Online Securities Pvt. Ltd.,2026-04-15 11:22:56.601825,Himalayan Bank Limited
2026041501005322,HBL,36,5,10,209.3,2093.0,2026-04-15,186305097,134,Secured Securities Ltd.,Market Securities & Exchange (PVT) Ltd.,2026-04-15 11:23:01.771942,Himalayan Bank Limited
2026041501005323,HBL,36,38,10,209.3,2093.0,2026-04-15,186305099,134,Secured Securities Ltd.,Dipshikha Dhitopatra Karobar Co. Pvt Ltd.,2026-04-15 11:23:01.916769,Himalayan Bank Limited
2026041501005549,HBL,39,35,10,209.3,2093.0,2026-04-15,186306181,134,Sumeru Securities Pvt. Ltd.,Kohinoor Investment & Securities Pvt. Ltd.,2026-04-15 11:24:18.980159,Himalayan Bank Limited
2026041501005551,HBL,49,13,40,210.0,8400.0,2026-04-15,186306186,134,Online Securities Pvt. Ltd.,Thrive Brokerage House Pvt. Ltd,2026-04-15 11:24:19.311763,Himalayan Bank Limited
2026041501005685,HBL,44,50,10,209.4,2094.0,2026-04-15,186306705,134,Dynamic Money Managers Securities Pvt. Ltd.,Cristal Kanchanjanga Securites Pvt. Ltd.,2026-04-15 11:24:42.352139,Himalayan Bank Limited
2026041501005728,HBL,44,45,10,209.4,2094.0,2026-04-15,186306943,134,Dynamic Money Managers Securities Pvt. Ltd.,Imperial Securities Company Pvt. Ltd.,2026-04-15 11:24:54.446741,Himalayan Bank Limited
2026041501005743,HBL,44,4,10,209.4,2094.0,2026-04-15,186307009,134,Dynamic Money Managers Securities Pvt. Ltd.,Opal Securities Investment (PVT) Ltd.,2026-04-15 11:25:00.042045,Himalayan Bank Limited
2026041501005769,HBL,44,58,10,209.4,2094.0,2026-04-15,186307281,134,Dynamic Money Managers Securities Pvt. Ltd.,Naasa Securities Co. Ltd.,2026-04-15 11:25:12.181620,Himalayan Bank Limited
2026041501005783,HBL,44,49,10,209.4,2094.0,2026-04-15,186307339,134,Dynamic Money Managers Securities Pvt. Ltd.,Online Securities Pvt. Ltd.,2026-04-15 11:25:16.031242,Himalayan Bank Limited
2026041501005857,HBL,44,58,10,209.4,2094.0,2026-04-15,186307845,134,Dynamic Money Managers Securities Pvt. Ltd.,Naasa Securities Co. Ltd.,2026-04-15 11:25:44.714365,Himalayan Bank Limited
2026041501005858,HBL,22,57,100,209.5,20950.0,2026-04-15,186307852,134,Siprabi Securities Pvt. Ltd.,Aryatara Investment & Securities,2026-04-15 11:25:45.604562,Himalayan Bank Limited
2026041501005886,HBL,44,25,10,209.4,2094.0,2026-04-15,186308031,134,Dynamic Money Managers Securities Pvt. Ltd.,Sweta Securities Private Limited,2026-04-15 11:26:00.046090,Himalayan Bank Limited
2026041501005953,HBL,58,57,200,209.5,41900.0,2026-04-15,186308363,134,Naasa Securities Co. Ltd.,Aryatara Investment & Securities,2026-04-15 11:26:19.474351,Himalayan Bank Limited
2026041501005955,HBL,58,36,10,209.5,2095.0,2026-04-15,186308379,134,Naasa Securities Co. Ltd.,Secured Securities Ltd.,2026-04-15 11:26:20.880377,Himalayan Bank Limited
2026041501006053,HBL,58,13,10,209.5,2095.0,2026-04-15,186308885,134,Naasa Securities Co. Ltd.,Thrive Brokerage House Pvt. Ltd,2026-04-15 11:26:49.763973,Himalayan Bank Limited
2026041501006054,HBL,58,41,10,209.5,2095.0,2026-04-15,186308887,134,Naasa Securities Co. Ltd.,Linch Stock Market Ltd.,2026-04-15 11:26:50.200990,Himalayan Bank Limited
2026041501006070,HBL,58,41,10,210.0,2100.0,2026-04-15,186308978,134,Naasa Securities Co. Ltd.,Linch Stock Market Ltd.,2026-04-15 11:26:55.566659,Himalayan Bank Limited
2026041501006079,HBL,58,48,10,209.5,2095.0,2026-04-15,186309011,134,Naasa Securities Co. Ltd.,Trishakti Securities Public Limited,2026-04-15 11:26:58.184526,Himalayan Bank Limited
2026041501006081,HBL,58,57,10,209.5,2095.0,2026-04-15,186309017,134,Naasa Securities Co. Ltd.,Aryatara Investment & Securities,2026-04-15 11:26:58.306523,Himalayan Bank Limited
2026041501006168,HBL,58,49,10,209.6,2096.0,2026-04-15,186309335,134,Naasa Securities Co. Ltd.,Online Securities Pvt. Ltd.,2026-04-15 11:27:17.946715,Himalayan Bank Limited
2026041501006180,HBL,58,17,10,210.0,2100.0,2026-04-15,186309362,134,Naasa Securities Co. Ltd.,ABC Securities Private Limited,2026-04-15 11:27:19.735231,Himalayan Bank Limited
2026041501006199,HBL,58,49,10,209.6,2096.0,2026-04-15,186309441,134,Naasa Securities Co. Ltd.,Online Securities Pvt. Ltd.,2026-04-15 11:27:24.141893,Himalayan Bank Limited
2026041501006497,HBL,58,57,10,209.6,2096.0,2026-04-15,186310581,134,Naasa Securities Co. Ltd.,Aryatara Investment & Securities,2026-04-15 11:28:32.535764,Himalayan Bank Limited
2026041501006508,HBL,58,58,10,209.6,2096.0,2026-04-15,186310619,134,Naasa Securities Co. Ltd.,Naasa Securities Co. Ltd.,2026-04-15 11:28:35.278595,Himalayan Bank Limited
2026041501006509,HBL,58,46,10,209.6,2096.0,2026-04-15,186310621,134,Naasa Securities Co. Ltd.,Kalika Securities Pvt. Ltd.,2026-04-15 11:28:35.997206,Himalayan Bank Limited
2026041501006549,HBL,58,58,10,209.6,2096.0,2026-04-15,186310783,134,Naasa Securities Co. Ltd.,Naasa Securities Co. Ltd.,2026-04-15 11:28:45.159265,Himalayan Bank Limited
2026041501006628,HBL,58,49,10,209.6,2096.0,2026-04-15,186311147,134,Naasa Securities Co. Ltd.,Online Securities Pvt. Ltd.,2026-04-15 11:29:10.374208,Himalayan Bank Limited
2026041501006629,HBL,58,58,30,209.6,6288.0,2026-04-15,186311158,134,Naasa Securities Co. Ltd.,Naasa Securities Co. Ltd.,2026-04-15 11:29:10.955551,Himalayan Bank Limited
2026041501006755,HBL,11,58,10,209.6,2096.0,2026-04-15,186311612,134,Malla & Malla Stock Broking Company Pvt. Limited,Naasa Securities Co. Ltd.,2026-04-15 11:29:35.416220,Himalayan Bank Limited
2026041501006761,HBL,58,45,10,209.5,2095.0,2026-04-15,186311633,134,Naasa Securities Co. Ltd.,Imperial Securities Company Pvt. Ltd.,2026-04-15 11:29:36.513264,Himalayan Bank Limited
2026041501006762,HBL,58,58,38,209.6,7964.8,2026-04-15,186311644,134,Naasa Securities Co. Ltd.,Naasa Securities Co. Ltd.,2026-04-15 11:29:37.731404,Himalayan Bank Limited
2026041501006773,HBL,10,58,100,209.6,20960.0,2026-04-15,186311690,134,Pragyan Securities (PVT) Ltd.,Naasa Securities Co. Ltd.,2026-04-15 11:29:42.777235,Himalayan Bank Limited
2026041501006780,HBL,58,7,10,209.5,2095.0,2026-04-15,186311767,134,Naasa Securities Co. Ltd.,J.F. Securites (PVT) Ltd.,2026-04-15 11:29:45.670481,Himalayan Bank Limited
2026041501006787,HBL,58,11,10,209.5,2095.0,2026-04-15,186311801,134,Naasa Securities Co. Ltd.,Malla & Malla Stock Broking Company Pvt. Limited,2026-04-15 11:29:49.206111,Himalayan Bank Limited
2026041501006882,HBL,58,58,20,209.5,4190.0,2026-04-15,186312214,134,Naasa Securities Co. Ltd.,Naasa Securities Co. Ltd.,2026-04-15 11:30:19.150792,Himalayan Bank Limited
2026041501006900,HBL,45,49,10,209.5,2095.0,2026-04-15,186312281,134,Imperial Securities Company Pvt. Ltd.,Online Securities Pvt. Ltd.,2026-04-15 11:30:25.412878,Himalayan Bank Limited
2026041501006910,HBL,45,62,10,209.5,2095.0,2026-04-15,186312363,134,Imperial Securities Company Pvt. Ltd.,Capital Max Securities Ltd,2026-04-15 11:30:29.606974,Himalayan Bank Limited
2026041501006915,HBL,45,13,10,209.5,2095.0,2026-04-15,186312395,134,Imperial Securities Company Pvt. Ltd.,Thrive Brokerage House Pvt. Ltd,2026-04-15 11:30:30.868599,Himalayan Bank Limited
2026041501006988,HBL,7,22,10,209.5,2095.0,2026-04-15,186312721,134,J.F. Securites (PVT) Ltd.,Siprabi Securities Pvt. Ltd.,2026-04-15 11:30:46.840606,Himalayan Bank Limited
2026041501007006,HBL,7,57,10,209.5,2095.0,2026-04-15,186312791,134,J.F. Securites (PVT) Ltd.,Aryatara Investment & Securities,2026-04-15 11:30:54.362627,Himalayan Bank Limited
2026041501007027,HBL,7,37,10,209.5,2095.0,2026-04-15,186312909,134,J.F. Securites (PVT) Ltd.,Swarna Laxmi Securities Pvt. Ltd.,2026-04-15 11:31:01.289234,Himalayan Bank Limited
2026041501007030,HBL,7,57,10,209.5,2095.0,2026-04-15,186312935,134,J.F. Securites (PVT) Ltd.,Aryatara Investment & Securities,2026-04-15 11:31:03.255854,Himalayan Bank Limited
2026041501007090,HBL,7,58,40,209.5,8380.0,2026-04-15,186313219,134,J.F. Securites (PVT) Ltd.,Naasa Securities Co. Ltd.,2026-04-15 11:31:21.046363,Himalayan Bank Limited
2026041501007102,HBL,7,8,10,209.5,2095.0,2026-04-15,186313273,134,J.F. Securites (PVT) Ltd.,Brilliant Securities Pvt. Ltd.,2026-04-15 11:31:23.847749,Himalayan Bank Limited
2026041501007108,HBL,7,42,10,209.5,2095.0,2026-04-15,186313307,134,J.F. Securites (PVT) Ltd.,Sani Securities Company Ltd.,2026-04-15 11:31:27.636902,Himalayan Bank Limited
2026041501007149,HBL,7,21,10,209.5,2095.0,2026-04-15,186313405,134,J.F. Securites (PVT) Ltd.,Midas Stock Broking Company Private Limited,2026-04-15 11:31:29.140775,Himalayan Bank Limited
2026041501007161,HBL,7,17,10,209.5,2095.0,2026-04-15,186313499,134,J.F. Securites (PVT) Ltd.,ABC Securities Private Limited,2026-04-15 11:31:33.820864,Himalayan Bank Limited
2026041501007552,HBL,17,53,10,209.6,2096.0,2026-04-15,186314775,134,ABC Securities Private Limited,Investment Management Nepal Pvt. Ltd.,2026-04-15 11:32:42.844200,Himalayan Bank Limited
2026041501007591,HBL,57,58,10,209.9,2099.0,2026-04-15,186314991,134,Aryatara Investment & Securities,Naasa Securities Co. Ltd.,2026-04-15 11:32:57.907089,Himalayan Bank Limited
2026041501007592,HBL,57,49,10,209.9,2099.0,2026-04-15,186314993,134,Aryatara Investment & Securities,Online Securities Pvt. Ltd.,2026-04-15 11:32:57.907361,Himalayan Bank Limited
2026041501007593,HBL,57,17,90,210.0,18900.0,2026-04-15,186314995,134,Aryatara Investment & Securities,ABC Securities Private Limited,2026-04-15 11:32:57.907523,Himalayan Bank Limited
2026041501007594,HBL,57,48,30,210.0,6300.0,2026-04-15,186314998,134,Aryatara Investment & Securities,Trishakti Securities Public Limited,2026-04-15 11:32:57.907642,Himalayan Bank Limited
2026041501007597,HBL,17,52,10,209.6,2096.0,2026-04-15,186315003,134,ABC Securities Private Limited,Sundhara Securities Limited,2026-04-15 11:32:59.512550,Himalayan Bank Limited
2026041501007618,HBL,17,45,10,209.6,2096.0,2026-04-15,186315065,134,ABC Securities Private Limited,Imperial Securities Company Pvt. Ltd.,2026-04-15 11:33:03.012096,Himalayan Bank Limited
2026041501007668,HBL,97,48,50,210.0,10500.0,2026-04-15,186315240,134,R.B.B. Securities Company Ltd,Trishakti Securities Public Limited,2026-04-15 11:33:14.272445,Himalayan Bank Limited
2026041501007712,HBL,17,45,10,209.6,2096.0,2026-04-15,186315443,134,ABC Securities Private Limited,Imperial Securities Company Pvt. Ltd.,2026-04-15 11:33:26.714020,Himalayan Bank Limited
2026041501007722,HBL,17,8,10,209.6,2096.0,2026-04-15,186315495,134,ABC Securities Private Limited,Brilliant Securities Pvt. Ltd.,2026-04-15 11:33:31.603176,Himalayan Bank Limited
2026041501007740,HBL,17,42,10,209.6,2096.0,2026-04-15,186315627,134,ABC Securities Private Limited,Sani Securities Company Ltd.,2026-04-15 11:33:39.443920,Himalayan Bank Limited
2026041501007822,HBL,7,48,810,210.0,170100.0,2026-04-15,186316058,134,J.F. Securites (PVT) Ltd.,Trishakti Securities Public Limited,2026-04-15 11:34:02.937659,Himalayan Bank Limited
2026041501007823,HBL,7,74,10,210.0,2100.0,2026-04-15,186316060,134,J.F. Securites (PVT) Ltd.,KALASH STOCK MARKET PVT. LTD.,2026-04-15 11:34:02.938180,Himalayan Bank Limited
2026041501007824,HBL,7,75,10,210.0,2100.0,2026-04-15,186316062,134,J.F. Securites (PVT) Ltd.,N.I.M.B. Stock Markets Limited,2026-04-15 11:34:02.938522,Himalayan Bank Limited
2026041501007825,HBL,7,58,174,210.0,36540.0,2026-04-15,186316064,134,J.F. Securites (PVT) Ltd.,Naasa Securities Co. Ltd.,2026-04-15 11:34:02.938852,Himalayan Bank Limited
2026041501007826,HBL,7,49,10,210.0,2100.0,2026-04-15,186316066,134,J.F. Securites (PVT) Ltd.,Online Securities Pvt. Ltd.,2026-04-15 11:34:02.939195,Himalayan Bank Limited
2026041501007827,HBL,7,13,10,210.0,2100.0,2026-04-15,186316068,134,J.F. Securites (PVT) Ltd.,Thrive Brokerage House Pvt. Ltd,2026-04-15 11:34:02.939526,Himalayan Bank Limited
2026041501007828,HBL,7,58,10,210.0,2100.0,2026-04-15,186316070,134,J.F. Securites (PVT) Ltd.,Naasa Securities Co. Ltd.,2026-04-15 11:34:02.939851,Himalayan Bank Limited
2026041501007829,HBL,7,58,10,210.0,2100.0,2026-04-15,186316072,134,J.F. Securites (PVT) Ltd.,Naasa Securities Co. Ltd.,2026-04-15 11:34:02.940166,Himalayan Bank Limited
2026041501007830,HBL,7,58,10,210.0,2100.0,2026-04-15,186316074,134,J.F. Securites (PVT) Ltd.,Naasa Securities Co. Ltd.,2026-04-15 11:34:02.940485,Himalayan Bank Limited
2026041501007831,HBL,7,14,10,210.0,2100.0,2026-04-15,186316076,134,J.F. Securites (PVT) Ltd.,Nepal Stock House (PVT) Ltd.,2026-04-15 11:34:02.940803,Himalayan Bank Limited
2026041501007832,HBL,7,56,10,210.0,2100.0,2026-04-15,186316078,134,J.F. Securites (PVT) Ltd.,Sri Hari Securities Pvt. Ltd.,2026-04-15 11:34:02.941121,Himalayan Bank Limited
2026041501007833,HBL,7,45,10,210.0,2100.0,2026-04-15,186316080,134,J.F. Securites (PVT) Ltd.,Imperial Securities Company Pvt. Ltd.,2026-04-15 11:34:02.941440,Himalayan Bank Limited
2026041501007834,HBL,7,58,10,210.0,2100.0,2026-04-15,186316082,134,J.F. Securites (PVT) Ltd.,Naasa Securities Co. Ltd.,2026-04-15 11:34:02.941753,Himalayan Bank Limited
2026041501007835,HBL,7,58,10,210.0,2100.0,2026-04-15,186316084,134,J.F. Securites (PVT) Ltd.,Naasa Securities Co. Ltd.,2026-04-15 11:34:02.942088,Himalayan Bank Limited
2026041501007836,HBL,7,58,10,210.0,2100.0,2026-04-15,186316086,134,J.F. Securites (PVT) Ltd.,Naasa Securities Co. Ltd.,2026-04-15 11:34:02.942407,Himalayan Bank Limited
2026041501007837,HBL,7,58,10,210.0,2100.0,2026-04-15,186316088,134,J.F. Securites (PVT) Ltd.,Naasa Securities Co. Ltd.,2026-04-15 11:34:02.942657,Himalayan Bank Limited
2026041501007838,HBL,7,57,10,210.0,2100.0,2026-04-15,186316090,134,J.F. Securites (PVT) Ltd.,Aryatara Investment & Securities,2026-04-15 11:34:02.942762,Himalayan Bank Limited
2026041501007839,HBL,7,58,10,210.0,2100.0,2026-04-15,186316092,134,J.F. Securites (PVT) Ltd.,Naasa Securities Co. Ltd.,2026-04-15 11:34:02.942863,Himalayan Bank Limited
2026041501007840,HBL,7,58,10,210.0,2100.0,2026-04-15,186316094,134,J.F. Securites (PVT) Ltd.,Naasa Securities Co. Ltd.,2026-04-15 11:34:02.942965,Himalayan Bank Limited
2026041501007841,HBL,7,6,10,210.0,2100.0,2026-04-15,186316096,134,J.F. Securites (PVT) Ltd.,Agrawal Securities (PVT) Ltd.,2026-04-15 11:34:02.943069,Himalayan Bank Limited
2026041501007842,HBL,7,34,10,210.0,2100.0,2026-04-15,186316030,134,J.F. Securites (PVT) Ltd.,Vision Securities Pvt. Ltd,2026-04-15 11:34:02.943181,Himalayan Bank Limited
2026041501007843,HBL,7,58,10,210.0,2100.0,2026-04-15,186316032,134,J.F. Securites (PVT) Ltd.,Naasa Securities Co. Ltd.,2026-04-15 11:34:02.943280,Himalayan Bank Limited
2026041501007844,HBL,7,58,10,210.0,2100.0,2026-04-15,186316034,134,J.F. Securites (PVT) Ltd.,Naasa Securities Co. Ltd.,2026-04-15 11:34:02.943383,Himalayan Bank Limited
2026041501007845,HBL,7,49,10,210.0,2100.0,2026-04-15,186316036,134,J.F. Securites (PVT) Ltd.,Online Securities Pvt. Ltd.,2026-04-15 11:34:02.943482,Himalayan Bank Limited
2026041501007846,HBL,7,58,10,210.0,2100.0,2026-04-15,186316038,134,J.F. Securites (PVT) Ltd.,Naasa Securities Co. Ltd.,2026-04-15 11:34:02.943578,Himalayan Bank Limited
2026041501007847,HBL,7,58,10,210.0,2100.0,2026-04-15,186316040,134,J.F. Securites (PVT) Ltd.,Naasa Securities Co. Ltd.,2026-04-15 11:34:02.943675,Himalayan Bank Limited
2026041501007848,HBL,7,34,10,210.0,2100.0,2026-04-15,186316042,134,J.F. Securites (PVT) Ltd.,Vision Securities Pvt. Ltd,2026-04-15 11:34:02.943769,Himalayan Bank Limited
2026041501007849,HBL,7,19,10,210.0,2100.0,2026-04-15,186316044,134,J.F. Securites (PVT) Ltd.,Nepal Investment And Securities Trading Private Limited,2026-04-15 11:34:02.943862,Himalayan Bank Limited
2026041501007850,HBL,7,53,10,210.0,2100.0,2026-04-15,186316046,134,J.F. Securites (PVT) Ltd.,Investment Management Nepal Pvt. Ltd.,2026-04-15 11:34:02.943955,Himalayan Bank Limited
2026041501007851,HBL,7,58,10,210.0,2100.0,2026-04-15,186316048,134,J.F. Securites (PVT) Ltd.,Naasa Securities Co. Ltd.,2026-04-15 11:34:02.944058,Himalayan Bank Limited
2026041501007852,HBL,7,45,10,210.0,2100.0,2026-04-15,186316050,134,J.F. Securites (PVT) Ltd.,Imperial Securities Company Pvt. Ltd.,2026-04-15 11:34:02.944155,Himalayan Bank Limited
2026041501007853,HBL,7,77,10,210.0,2100.0,2026-04-15,186316053,134,J.F. Securites (PVT) Ltd.,Nabil Stock Dealer Ltd.,2026-04-15 11:34:02.944252,Himalayan Bank Limited
2026041501007929,HBL,17,57,10,209.6,2096.0,2026-04-15,186316633,134,ABC Securities Private Limited,Aryatara Investment & Securities,2026-04-15 11:34:33.361455,Himalayan Bank Limited
2026041501007961,HBL,17,58,10,209.6,2096.0,2026-04-15,186316733,134,ABC Securities Private Limited,Naasa Securities Co. Ltd.,2026-04-15 11:34:37.584916,Himalayan Bank Limited
2026041501008102,HBL,4,34,10,209.7,2097.0,2026-04-15,186317509,134,Opal Securities Investment (PVT) Ltd.,Vision Securities Pvt. Ltd,2026-04-15 11:35:26.035235,Himalayan Bank Limited
2026041501008118,HBL,4,17,10,209.7,2097.0,2026-04-15,186317645,134,Opal Securities Investment (PVT) Ltd.,ABC Securities Private Limited,2026-04-15 11:35:37.258667,Himalayan Bank Limited
2026041501008127,HBL,4,49,10,209.7,2097.0,2026-04-15,186317723,134,Opal Securities Investment (PVT) Ltd.,Online Securities Pvt. Ltd.,2026-04-15 11:35:42.187801,Himalayan Bank Limited
2026041501008139,HBL,4,45,10,209.7,2097.0,2026-04-15,186317823,134,Opal Securities Investment (PVT) Ltd.,Imperial Securities Company Pvt. Ltd.,2026-04-15 11:35:48.845457,Himalayan Bank Limited
2026041501008147,HBL,4,41,10,209.7,2097.0,2026-04-15,186317865,134,Opal Securities Investment (PVT) Ltd.,Linch Stock Market Ltd.,2026-04-15 11:35:51.722481,Himalayan Bank Limited
2026041501008174,HBL,4,22,10,209.7,2097.0,2026-04-15,186318193,134,Opal Securities Investment (PVT) Ltd.,Siprabi Securities Pvt. Ltd.,2026-04-15 11:36:06.556243,Himalayan Bank Limited
2026041501008178,HBL,49,46,10,210.0,2100.0,2026-04-15,186318207,134,Online Securities Pvt. Ltd.,Kalika Securities Pvt. Ltd.,2026-04-15 11:36:08.194697,Himalayan Bank Limited
2026041501008179,HBL,49,57,10,210.0,2100.0,2026-04-15,186318209,134,Online Securities Pvt. Ltd.,Aryatara Investment & Securities,2026-04-15 11:36:08.195164,Himalayan Bank Limited
2026041501008180,HBL,49,66,10,210.0,2100.0,2026-04-15,186318211,134,Online Securities Pvt. Ltd.,Miyo Securities Pvt Ltd,2026-04-15 11:36:08.195479,Himalayan Bank Limited
2026041501008181,HBL,49,50,10,210.0,2100.0,2026-04-15,186318213,134,Online Securities Pvt. Ltd.,Cristal Kanchanjanga Securites Pvt. Ltd.,2026-04-15 11:36:08.195758,Himalayan Bank Limited
2026041501008230,HBL,49,4,10,210.0,2100.0,2026-04-15,186318433,134,Online Securities Pvt. Ltd.,Opal Securities Investment (PVT) Ltd.,2026-04-15 11:36:18.194418,Himalayan Bank Limited
2026041501008283,HBL,49,58,10,210.0,2100.0,2026-04-15,186318633,134,Online Securities Pvt. Ltd.,Naasa Securities Co. Ltd.,2026-04-15 11:36:29.690672,Himalayan Bank Limited
2026041501008295,HBL,49,38,10,210.0,2100.0,2026-04-15,186318721,134,Online Securities Pvt. Ltd.,Dipshikha Dhitopatra Karobar Co. Pvt Ltd.,2026-04-15 11:36:35.381628,Himalayan Bank Limited
2026041501008307,HBL,49,7,10,210.0,2100.0,2026-04-15,186318863,134,Online Securities Pvt. Ltd.,J.F. Securites (PVT) Ltd.,2026-04-15 11:36:41.935865,Himalayan Bank Limited
2026041501008410,HBL,58,26,10,210.0,2100.0,2026-04-15,186319389,134,Naasa Securities Co. Ltd.,Asian Securities Private Ltd.,2026-04-15 11:37:17.113461,Himalayan Bank Limited
2026041501008420,HBL,58,58,10,210.0,2100.0,2026-04-15,186319463,134,Naasa Securities Co. Ltd.,Naasa Securities Co. Ltd.,2026-04-15 11:37:23.097240,Himalayan Bank Limited
2026041501008439,HBL,58,49,10,210.0,2100.0,2026-04-15,186319597,134,Naasa Securities Co. Ltd.,Online Securities Pvt. Ltd.,2026-04-15 11:37:33.465817,Himalayan Bank Limited
2026041501008486,HBL,58,58,10,210.0,2100.0,2026-04-15,186319825,134,Naasa Securities Co. Ltd.,Naasa Securities Co. Ltd.,2026-04-15 11:37:51.956067,Himalayan Bank Limited
2026041501008493,HBL,58,58,10,210.0,2100.0,2026-04-15,186319881,134,Naasa Securities Co. Ltd.,Naasa Securities Co. Ltd.,2026-04-15 11:37:54.940183,Himalayan Bank Limited
2026041501008499,HBL,58,38,10,210.0,2100.0,2026-04-15,186319959,134,Naasa Securities Co. Ltd.,Dipshikha Dhitopatra Karobar Co. Pvt Ltd.,2026-04-15 11:37:57.993563,Himalayan Bank Limited
2026041501008542,HBL,58,32,11,210.0,2310.0,2026-04-15,186320183,134,Naasa Securities Co. Ltd.,Premier Securities Company Ltd.,2026-04-15 11:38:19.812293,Himalayan Bank Limited
2026041501008640,HBL,58,6,10,210.0,2100.0,2026-04-15,186320679,134,Naasa Securities Co. Ltd.,Agrawal Securities (PVT) Ltd.,2026-04-15 11:38:51.809544,Himalayan Bank Limited
2026041501008645,HBL,58,49,10,210.0,2100.0,2026-04-15,186320705,134,Naasa Securities Co. Ltd.,Online Securities Pvt. Ltd.,2026-04-15 11:38:52.916947,Himalayan Bank Limited
2026041501008656,HBL,58,38,10,210.0,2100.0,2026-04-15,186320789,134,Naasa Securities Co. Ltd.,Dipshikha Dhitopatra Karobar Co. Pvt Ltd.,2026-04-15 11:38:58.371762,Himalayan Bank Limited
2026041501008657,HBL,7,57,10,210.5,2105.0,2026-04-15,186320794,134,J.F. Securites (PVT) Ltd.,Aryatara Investment & Securities,2026-04-15 11:38:58.501715,Himalayan Bank Limited
2026041501008736,HBL,58,14,10,210.0,2100.0,2026-04-15,186321033,134,Naasa Securities Co. Ltd.,Nepal Stock House (PVT) Ltd.,2026-04-15 11:39:09.786765,Himalayan Bank Limited
2026041501008820,HBL,58,58,10,210.0,2100.0,2026-04-15,186321377,134,Naasa Securities Co. Ltd.,Naasa Securities Co. Ltd.,2026-04-15 11:39:34.407239,Himalayan Bank Limited
2026041501008893,HBL,58,41,10,210.0,2100.0,2026-04-15,186321745,134,Naasa Securities Co. Ltd.,Linch Stock Market Ltd.,2026-04-15 11:39:59.556316,Himalayan Bank Limited
2026041501008973,HBL,58,17,10,210.0,2100.0,2026-04-15,186322071,134,Naasa Securities Co. Ltd.,ABC Securities Private Limited,2026-04-15 11:40:17.637843,Himalayan Bank Limited
2026041501009066,HBL,58,57,10,210.0,2100.0,2026-04-15,186322545,134,Naasa Securities Co. Ltd.,Aryatara Investment & Securities,2026-04-15 11:40:47.566795,Himalayan Bank Limited
2026041501009088,HBL,80,49,10,210.5,2105.0,2026-04-15,186322647,134,Indira securities pvt. ltd,Online Securities Pvt. Ltd.,2026-04-15 11:40:54.663664,Himalayan Bank Limited
2026041501009089,HBL,80,58,10,210.5,2105.0,2026-04-15,186322650,134,Indira securities pvt. ltd,Naasa Securities Co. Ltd.,2026-04-15 11:40:54.664172,Himalayan Bank Limited
2026041501009092,HBL,58,58,10,210.0,2100.0,2026-04-15,186322655,134,Naasa Securities Co. Ltd.,Naasa Securities Co. Ltd.,2026-04-15 11:40:55.178038,Himalayan Bank Limited
2026041501009108,HBL,58,19,10,210.5,2105.0,2026-04-15,186322737,134,Naasa Securities Co. Ltd.,Nepal Investment And Securities Trading Private Limited,2026-04-15 11:40:59.481569,Himalayan Bank Limited
2026041501009109,HBL,58,41,10,210.5,2105.0,2026-04-15,186322739,134,Naasa Securities Co. Ltd.,Linch Stock Market Ltd.,2026-04-15 11:40:59.481810,Himalayan Bank Limited
2026041501009110,HBL,58,36,10,210.5,2105.0,2026-04-15,186322741,134,Naasa Securities Co. Ltd.,Secured Securities Ltd.,2026-04-15 11:40:59.481954,Himalayan Bank Limited
2026041501009111,HBL,58,42,10,210.9,2109.0,2026-04-15,186322743,134,Naasa Securities Co. Ltd.,Sani Securities Company Ltd.,2026-04-15 11:40:59.482090,Himalayan Bank Limited
2026041501009112,HBL,58,17,960,210.9,202464.0,2026-04-15,186322746,134,Naasa Securities Co. Ltd.,ABC Securities Private Limited,2026-04-15 11:40:59.482228,Himalayan Bank Limited
2026041501009114,HBL,58,57,10,210.0,2100.0,2026-04-15,186322751,134,Naasa Securities Co. Ltd.,Aryatara Investment & Securities,2026-04-15 11:40:59.768289,Himalayan Bank Limited
2026041501009121,HBL,58,45,10,210.0,2100.0,2026-04-15,186322783,134,Naasa Securities Co. Ltd.,Imperial Securities Company Pvt. Ltd.,2026-04-15 11:41:02.962800,Himalayan Bank Limited
2026041501009175,HBL,58,4,10,210.0,2100.0,2026-04-15,186323095,134,Naasa Securities Co. Ltd.,Opal Securities Investment (PVT) Ltd.,2026-04-15 11:41:25.091738,Himalayan Bank Limited
2026041501009272,HBL,58,59,10,210.0,2100.0,2026-04-15,186323431,134,Naasa Securities Co. Ltd.,Deevyaa Securities & Stock House Pvt. Ltd,2026-04-15 11:41:40.123314,Himalayan Bank Limited
2026041501009328,HBL,72,17,1000,210.9,210900.0,2026-04-15,186323724,134,Hatemalo Financial Services Private Limited,ABC Securities Private Limited,2026-04-15 11:41:58.409206,Himalayan Bank Limited
2026041501009413,HBL,58,34,10,210.0,2100.0,2026-04-15,186324039,134,Naasa Securities Co. Ltd.,Vision Securities Pvt. Ltd,2026-04-15 11:42:15.146770,Himalayan Bank Limited
2026041501009460,HBL,58,26,10,210.0,2100.0,2026-04-15,186324321,134,Naasa Securities Co. Ltd.,Asian Securities Private Ltd.,2026-04-15 11:42:36.805250,Himalayan Bank Limited
2026041501009467,HBL,58,58,10,210.0,2100.0,2026-04-15,186324343,134,Naasa Securities Co. Ltd.,Naasa Securities Co. Ltd.,2026-04-15 11:42:39.625546,Himalayan Bank Limited
2026041501009502,HBL,49,17,15,210.9,3163.5,2026-04-15,186324476,134,Online Securities Pvt. Ltd.,ABC Securities Private Limited,2026-04-15 11:42:50.720428,Himalayan Bank Limited
2026041501009569,HBL,58,57,10,210.0,2100.0,2026-04-15,186324755,134,Naasa Securities Co. Ltd.,Aryatara Investment & Securities,2026-04-15 11:43:10.520003,Himalayan Bank Limited
2026041501009572,HBL,58,17,10,210.0,2100.0,2026-04-15,186324775,134,Naasa Securities Co. Ltd.,ABC Securities Private Limited,2026-04-15 11:43:12.097334,Himalayan Bank Limited
2026041501009760,HBL,58,19,10,210.0,2100.0,2026-04-15,186325397,134,Naasa Securities Co. Ltd.,Nepal Investment And Securities Trading Private Limited,2026-04-15 11:43:50.074071,Himalayan Bank Limited
2026041501009822,HBL,91,17,25,210.9,5272.5,2026-04-15,186325687,134,Citizens Share Broker Limited,ABC Securities Private Limited,2026-04-15 11:44:08.177524,Himalayan Bank Limited
2026041501009823,HBL,91,58,10,210.9,2109.0,2026-04-15,186325689,134,Citizens Share Broker Limited,Naasa Securities Co. Ltd.,2026-04-15 11:44:08.178076,Himalayan Bank Limited
2026041501009824,HBL,91,38,10,210.9,2109.0,2026-04-15,186325691,134,Citizens Share Broker Limited,Dipshikha Dhitopatra Karobar Co. Pvt Ltd.,2026-04-15 11:44:08.178432,Himalayan Bank Limited
2026041501009825,HBL,91,58,10,210.9,2109.0,2026-04-15,186325693,134,Citizens Share Broker Limited,Naasa Securities Co. Ltd.,2026-04-15 11:44:08.178787,Himalayan Bank Limited
2026041501009826,HBL,91,19,10,211.0,2110.0,2026-04-15,186325695,134,Citizens Share Broker Limited,Nepal Investment And Securities Trading Private Limited,2026-04-15 11:44:08.179146,Himalayan Bank Limited
2026041501009827,HBL,91,58,10,211.0,2110.0,2026-04-15,186325697,134,Citizens Share Broker Limited,Naasa Securities Co. Ltd.,2026-04-15 11:44:08.179495,Himalayan Bank Limited
2026041501009828,HBL,91,48,10,211.0,2110.0,2026-04-15,186325699,134,Citizens Share Broker Limited,Trishakti Securities Public Limited,2026-04-15 11:44:08.179833,Himalayan Bank Limited
2026041501009829,HBL,91,49,10,211.0,2110.0,2026-04-15,186325701,134,Citizens Share Broker Limited,Online Securities Pvt. Ltd.,2026-04-15 11:44:08.180171,Himalayan Bank Limited
2026041501009830,HBL,91,57,10,211.0,2110.0,2026-04-15,186325703,134,Citizens Share Broker Limited,Aryatara Investment & Securities,2026-04-15 11:44:08.180516,Himalayan Bank Limited
2026041501009831,HBL,91,14,10,211.0,2110.0,2026-04-15,186325705,134,Citizens Share Broker Limited,Nepal Stock House (PVT) Ltd.,2026-04-15 11:44:08.180857,Himalayan Bank Limited
2026041501009832,HBL,91,62,10,211.0,2110.0,2026-04-15,186325707,134,Citizens Share Broker Limited,Capital Max Securities Ltd,2026-04-15 11:44:08.181211,Himalayan Bank Limited
2026041501009833,HBL,91,19,10,211.0,2110.0,2026-04-15,186325709,134,Citizens Share Broker Limited,Nepal Investment And Securities Trading Private Limited,2026-04-15 11:44:08.181554,Himalayan Bank Limited
2026041501009834,HBL,91,54,1447,211.0,305317.0,2026-04-15,186325711,134,Citizens Share Broker Limited,Sewa Securities Pvt. Ltd.,2026-04-15 11:44:08.181892,Himalayan Bank Limited
2026041501009835,HBL,91,89,10,211.0,2110.0,2026-04-15,186325713,134,Citizens Share Broker Limited,Global IME Securities Limited,2026-04-15 11:44:08.182240,Himalayan Bank Limited
2026041501009836,HBL,91,49,10,211.0,2110.0,2026-04-15,186325715,134,Citizens Share Broker Limited,Online Securities Pvt. Ltd.,2026-04-15 11:44:08.182575,Himalayan Bank Limited
2026041501009837,HBL,91,19,10,211.0,2110.0,2026-04-15,186325717,134,Citizens Share Broker Limited,Nepal Investment And Securities Trading Private Limited,2026-04-15 11:44:08.182904,Himalayan Bank Limited
2026041501009838,HBL,91,41,10,211.0,2110.0,2026-04-15,186325719,134,Citizens Share Broker Limited,Linch Stock Market Ltd.,2026-04-15 11:44:08.183248,Himalayan Bank Limited
2026041501009839,HBL,91,42,10,211.0,2110.0,2026-04-15,186325721,134,Citizens Share Broker Limited,Sani Securities Company Ltd.,2026-04-15 11:44:08.183593,Himalayan Bank Limited
2026041501009840,HBL,91,49,10,211.0,2110.0,2026-04-15,186325723,134,Citizens Share Broker Limited,Online Securities Pvt. Ltd.,2026-04-15 11:44:08.183933,Himalayan Bank Limited
2026041501009841,HBL,91,49,10,211.0,2110.0,2026-04-15,186325725,134,Citizens Share Broker Limited,Online Securities Pvt. Ltd.,2026-04-15 11:44:08.184290,Himalayan Bank Limited
2026041501009842,HBL,91,42,10,211.0,2110.0,2026-04-15,186325727,134,Citizens Share Broker Limited,Sani Securities Company Ltd.,2026-04-15 11:44:08.184880,Himalayan Bank Limited
2026041501009843,HBL,91,45,10,211.0,2110.0,2026-04-15,186325729,134,Citizens Share Broker Limited,Imperial Securities Company Pvt. Ltd.,2026-04-15 11:44:08.185323,Himalayan Bank Limited
2026041501009844,HBL,91,49,10,211.0,2110.0,2026-04-15,186325731,134,Citizens Share Broker Limited,Online Securities Pvt. Ltd.,2026-04-15 11:44:08.185656,Himalayan Bank Limited
2026041501009845,HBL,91,11,10,211.0,2110.0,2026-04-15,186325733,134,Citizens Share Broker Limited,Malla & Malla Stock Broking Company Pvt. Limited,2026-04-15 11:44:08.185980,Himalayan Bank Limited
2026041501009846,HBL,91,58,10,211.0,2110.0,2026-04-15,186325735,134,Citizens Share Broker Limited,Naasa Securities Co. Ltd.,2026-04-15 11:44:08.186326,Himalayan Bank Limited
2026041501009847,HBL,91,58,10,211.0,2110.0,2026-04-15,186325737,134,Citizens Share Broker Limited,Naasa Securities Co. Ltd.,2026-04-15 11:44:08.186653,Himalayan Bank Limited
2026041501009848,HBL,91,38,10,211.0,2110.0,2026-04-15,186325739,134,Citizens Share Broker Limited,Dipshikha Dhitopatra Karobar Co. Pvt Ltd.,2026-04-15 11:44:08.186971,Himalayan Bank Limited
2026041501009849,HBL,91,58,10,211.0,2110.0,2026-04-15,186325741,134,Citizens Share Broker Limited,Naasa Securities Co. Ltd.,2026-04-15 11:44:08.187294,Himalayan Bank Limited
2026041501009850,HBL,91,35,28,211.0,5908.0,2026-04-15,186325743,134,Citizens Share Broker Limited,Kohinoor Investment & Securities Pvt. Ltd.,2026-04-15 11:44:08.187613,Himalayan Bank Limited
2026041501009855,HBL,91,49,10,211.0,2110.0,2026-04-15,186325759,134,Citizens Share Broker Limited,Online Securities Pvt. Ltd.,2026-04-15 11:44:12.090801,Himalayan Bank Limited
2026041501009949,HBL,91,58,10,211.0,2110.0,2026-04-15,186326323,134,Citizens Share Broker Limited,Naasa Securities Co. Ltd.,2026-04-15 11:44:48.095531,Himalayan Bank Limited
2026041501009971,HBL,44,16,500,211.1,105550.0,2026-04-15,186326393,134,Dynamic Money Managers Securities Pvt. Ltd.,Primo Securities (PVT) Ltd.,2026-04-15 11:44:52.884935,Himalayan Bank Limited
2026041501010054,HBL,44,58,10,211.1,2111.0,2026-04-15,186326835,134,Dynamic Money Managers Securities Pvt. Ltd.,Naasa Securities Co. Ltd.,2026-04-15 11:45:24.734155,Himalayan Bank Limited
2026041501010075,HBL,44,22,10,211.1,2111.0,2026-04-15,186326911,134,Dynamic Money Managers Securities Pvt. Ltd.,Siprabi Securities Pvt. Ltd.,2026-04-15 11:45:29.735831,Himalayan Bank Limited
2026041501010077,HBL,44,16,10,211.1,2111.0,2026-04-15,186326915,134,Dynamic Money Managers Securities Pvt. Ltd.,Primo Securities (PVT) Ltd.,2026-04-15 11:45:30.099855,Himalayan Bank Limited
2026041501010360,HBL,44,38,18,211.1,3799.8,2026-04-15,186328051,134,Dynamic Money Managers Securities Pvt. Ltd.,Dipshikha Dhitopatra Karobar Co. Pvt Ltd.,2026-04-15 11:46:20.808231,Himalayan Bank Limited
2026041501010502,HBL,44,74,10,211.1,2111.0,2026-04-15,186328667,134,Dynamic Money Managers Securities Pvt. Ltd.,KALASH STOCK MARKET PVT. LTD.,2026-04-15 11:47:00.756912,Himalayan Bank Limited
2026041501010600,HBL,44,38,10,211.1,2111.0,2026-04-15,186329115,134,Dynamic Money Managers Securities Pvt. Ltd.,Dipshikha Dhitopatra Karobar Co. Pvt Ltd.,2026-04-15 11:47:26.743406,Himalayan Bank Limited
2026041501010662,HBL,25,58,10,211.7,2117.0,2026-04-15,186329483,134,Sweta Securities Private Limited,Naasa Securities Co. Ltd.,2026-04-15 11:47:45.178854,Himalayan Bank Limited
2026041501010663,HBL,25,49,10,211.7,2117.0,2026-04-15,186329485,134,Sweta Securities Private Limited,Online Securities Pvt. Ltd.,2026-04-15 11:47:45.179445,Himalayan Bank Limited
2026041501010664,HBL,25,43,10,211.7,2117.0,2026-04-15,186329487,134,Sweta Securities Private Limited,South Asian Bulls Pvt. Ltd.,2026-04-15 11:47:45.179799,Himalayan Bank Limited
2026041501010665,HBL,25,57,10,211.8,2118.0,2026-04-15,186329489,134,Sweta Securities Private Limited,Aryatara Investment & Securities,2026-04-15 11:47:45.180177,Himalayan Bank Limited
2026041501010666,HBL,25,58,500,211.8,105900.0,2026-04-15,186329491,134,Sweta Securities Private Limited,Naasa Securities Co. Ltd.,2026-04-15 11:47:45.180382,Himalayan Bank Limited
2026041501010667,HBL,25,46,460,211.9,97474.0,2026-04-15,186329494,134,Sweta Securities Private Limited,Kalika Securities Pvt. Ltd.,2026-04-15 11:47:45.180502,Himalayan Bank Limited
2026041501010898,HBL,72,46,370,211.9,78403.0,2026-04-15,186330717,134,Hatemalo Financial Services Private Limited,Kalika Securities Pvt. Ltd.,2026-04-15 11:48:51.798175,Himalayan Bank Limited
2026041501010899,HBL,72,8,10,211.9,2119.0,2026-04-15,186330719,134,Hatemalo Financial Services Private Limited,Brilliant Securities Pvt. Ltd.,2026-04-15 11:48:51.798430,Himalayan Bank Limited
2026041501010900,HBL,72,58,10,211.9,2119.0,2026-04-15,186330721,134,Hatemalo Financial Services Private Limited,Naasa Securities Co. Ltd.,2026-04-15 11:48:51.798555,Himalayan Bank Limited
2026041501010940,HBL,72,4,10,211.9,2119.0,2026-04-15,186330987,134,Hatemalo Financial Services Private Limited,Opal Securities Investment (PVT) Ltd.,2026-04-15 11:49:08.102149,Himalayan Bank Limited
2026041501011167,HBL,89,7,100,212.0,21200.0,2026-04-15,186331649,134,Global IME Securities Limited,J.F. Securites (PVT) Ltd.,2026-04-15 11:49:24.799985,Himalayan Bank Limited
2026041501011168,HBL,89,49,10,212.0,2120.0,2026-04-15,186331651,134,Global IME Securities Limited,Online Securities Pvt. Ltd.,2026-04-15 11:49:24.800523,Himalayan Bank Limited
2026041501011169,HBL,89,58,10,212.0,2120.0,2026-04-15,186331653,134,Global IME Securities Limited,Naasa Securities Co. Ltd.,2026-04-15 11:49:24.800878,Himalayan Bank Limited
2026041501011170,HBL,89,13,130,212.0,27560.0,2026-04-15,186331656,134,Global IME Securities Limited,Thrive Brokerage House Pvt. Ltd,2026-04-15 11:49:24.801249,Himalayan Bank Limited
2026041501011426,HBL,91,13,870,212.0,184440.0,2026-04-15,186332665,134,Citizens Share Broker Limited,Thrive Brokerage House Pvt. Ltd,2026-04-15 11:49:57.095917,Himalayan Bank Limited
2026041501011427,HBL,91,58,10,212.0,2120.0,2026-04-15,186332667,134,Citizens Share Broker Limited,Naasa Securities Co. Ltd.,2026-04-15 11:49:57.096199,Himalayan Bank Limited
2026041501011428,HBL,91,58,10,212.0,2120.0,2026-04-15,186332669,134,Citizens Share Broker Limited,Naasa Securities Co. Ltd.,2026-04-15 11:49:57.096323,Himalayan Bank Limited
2026041501011429,HBL,91,42,10,212.0,2120.0,2026-04-15,186332671,134,Citizens Share Broker Limited,Sani Securities Company Ltd.,2026-04-15 11:49:57.096451,Himalayan Bank Limited
2026041501011430,HBL,91,49,10,212.0,2120.0,2026-04-15,186332673,134,Citizens Share Broker Limited,Online Securities Pvt. Ltd.,2026-04-15 11:49:57.096582,Himalayan Bank Limited
2026041501011431,HBL,91,38,10,212.0,2120.0,2026-04-15,186332675,134,Citizens Share Broker Limited,Dipshikha Dhitopatra Karobar Co. Pvt Ltd.,2026-04-15 11:49:57.096713,Himalayan Bank Limited
2026041501011432,HBL,91,35,10,212.0,2120.0,2026-04-15,186332677,134,Citizens Share Broker Limited,Kohinoor Investment & Securities Pvt. Ltd.,2026-04-15 11:49:57.096851,Himalayan Bank Limited
2026041501011433,HBL,91,58,10,212.0,2120.0,2026-04-15,186332679,134,Citizens Share Broker Limited,Naasa Securities Co. Ltd.,2026-04-15 11:49:57.096971,Himalayan Bank Limited
2026041501011434,HBL,91,42,10,212.0,2120.0,2026-04-15,186332681,134,Citizens Share Broker Limited,Sani Securities Company Ltd.,2026-04-15 11:49:57.097105,Himalayan Bank Limited
2026041501011435,HBL,91,5,10,212.0,2120.0,2026-04-15,186332683,134,Citizens Share Broker Limited,Market Securities & Exchange (PVT) Ltd.,2026-04-15 11:49:57.097253,Himalayan Bank Limited
2026041501011436,HBL,91,44,10,212.0,2120.0,2026-04-15,186332685,134,Citizens Share Broker Limited,Dynamic Money Managers Securities Pvt. Ltd.,2026-04-15 11:49:57.097390,Himalayan Bank Limited
2026041501011437,HBL,91,7,10,212.0,2120.0,2026-04-15,186332687,134,Citizens Share Broker Limited,J.F. Securites (PVT) Ltd.,2026-04-15 11:49:57.097525,Himalayan Bank Limited
2026041501011438,HBL,91,13,10,212.0,2120.0,2026-04-15,186332689,134,Citizens Share Broker Limited,Thrive Brokerage House Pvt. Ltd,2026-04-15 11:49:57.097637,Himalayan Bank Limited
2026041501011439,HBL,91,49,10,212.0,2120.0,2026-04-15,186332692,134,Citizens Share Broker Limited,Online Securities Pvt. Ltd.,2026-04-15 11:49:57.097748,Himalayan Bank Limited
2026041501011449,HBL,72,58,10,211.9,2119.0,2026-04-15,186332741,134,Hatemalo Financial Services Private Limited,Naasa Securities Co. Ltd.,2026-04-15 11:50:00.180837,Himalayan Bank Limited
2026041501011473,HBL,72,49,10,211.9,2119.0,2026-04-15,186332945,134,Hatemalo Financial Services Private Limited,Online Securities Pvt. Ltd.,2026-04-15 11:50:10.898179,Himalayan Bank Limited
2026041501011956,HBL,72,28,10,211.9,2119.0,2026-04-15,186334305,134,Hatemalo Financial Services Private Limited,Shree Krishna Securities Ltd.,2026-04-15 11:50:43.091782,Himalayan Bank Limited
2026041501011986,HBL,16,34,10,212.0,2120.0,2026-04-15,186334495,134,Primo Securities (PVT) Ltd.,Vision Securities Pvt. Ltd,2026-04-15 11:50:49.810261,Himalayan Bank Limited
2026041501011987,HBL,16,58,10,212.0,2120.0,2026-04-15,186334497,134,Primo Securities (PVT) Ltd.,Naasa Securities Co. Ltd.,2026-04-15 11:50:49.810742,Himalayan Bank Limited
2026041501011988,HBL,16,58,10,212.0,2120.0,2026-04-15,186334499,134,Primo Securities (PVT) Ltd.,Naasa Securities Co. Ltd.,2026-04-15 11:50:49.811094,Himalayan Bank Limited
2026041501011989,HBL,16,59,10,212.0,2120.0,2026-04-15,186334501,134,Primo Securities (PVT) Ltd.,Deevyaa Securities & Stock House Pvt. Ltd,2026-04-15 11:50:49.811414,Himalayan Bank Limited
2026041501011990,HBL,16,34,10,212.0,2120.0,2026-04-15,186334503,134,Primo Securities (PVT) Ltd.,Vision Securities Pvt. Ltd,2026-04-15 11:50:49.811740,Himalayan Bank Limited
2026041501011991,HBL,16,4,10,212.0,2120.0,2026-04-15,186334505,134,Primo Securities (PVT) Ltd.,Opal Securities Investment (PVT) Ltd.,2026-04-15 11:50:49.812072,Himalayan Bank Limited
2026041501011992,HBL,16,45,10,212.0,2120.0,2026-04-15,186334507,134,Primo Securities (PVT) Ltd.,Imperial Securities Company Pvt. Ltd.,2026-04-15 11:50:49.812392,Himalayan Bank Limited
2026041501011993,HBL,16,58,10,212.0,2120.0,2026-04-15,186334509,134,Primo Securities (PVT) Ltd.,Naasa Securities Co. Ltd.,2026-04-15 11:50:49.812734,Himalayan Bank Limited
2026041501011994,HBL,16,47,10,212.0,2120.0,2026-04-15,186334511,134,Primo Securities (PVT) Ltd.,Neev Securities Pvt. Ltd.,2026-04-15 11:50:49.813068,Himalayan Bank Limited
2026041501011995,HBL,16,34,10,212.0,2120.0,2026-04-15,186334513,134,Primo Securities (PVT) Ltd.,Vision Securities Pvt. Ltd,2026-04-15 11:50:49.813382,Himalayan Bank Limited
2026041501011996,HBL,16,56,10,212.0,2120.0,2026-04-15,186334515,134,Primo Securities (PVT) Ltd.,Sri Hari Securities Pvt. Ltd.,2026-04-15 11:50:49.813697,Himalayan Bank Limited
2026041501011997,HBL,16,34,10,212.0,2120.0,2026-04-15,186334517,134,Primo Securities (PVT) Ltd.,Vision Securities Pvt. Ltd,2026-04-15 11:50:49.814003,Himalayan Bank Limited
2026041501011998,HBL,16,7,10,212.0,2120.0,2026-04-15,186334519,134,Primo Securities (PVT) Ltd.,J.F. Securites (PVT) Ltd.,2026-04-15 11:50:49.814324,Himalayan Bank Limited
2026041501011999,HBL,16,14,10,212.0,2120.0,2026-04-15,186334521,134,Primo Securities (PVT) Ltd.,Nepal Stock House (PVT) Ltd.,2026-04-15 11:50:49.814630,Himalayan Bank Limited
2026041501012000,HBL,16,38,10,212.0,2120.0,2026-04-15,186334523,134,Primo Securities (PVT) Ltd.,Dipshikha Dhitopatra Karobar Co. Pvt Ltd.,2026-04-15 11:50:49.814941,Himalayan Bank Limited
2026041501012001,HBL,16,58,10,212.0,2120.0,2026-04-15,186334525,134,Primo Securities (PVT) Ltd.,Naasa Securities Co. Ltd.,2026-04-15 11:50:49.815258,Himalayan Bank Limited
2026041501012002,HBL,16,42,10,212.0,2120.0,2026-04-15,186334527,134,Primo Securities (PVT) Ltd.,Sani Securities Company Ltd.,2026-04-15 11:50:49.815568,Himalayan Bank Limited
2026041501012003,HBL,16,7,10,212.0,2120.0,2026-04-15,186334529,134,Primo Securities (PVT) Ltd.,J.F. Securites (PVT) Ltd.,2026-04-15 11:50:49.815876,Himalayan Bank Limited
2026041501012004,HBL,16,58,10,212.0,2120.0,2026-04-15,186334531,134,Primo Securities (PVT) Ltd.,Naasa Securities Co. Ltd.,2026-04-15 11:50:49.816182,Himalayan Bank Limited
2026041501012005,HBL,16,39,10,212.0,2120.0,2026-04-15,186334533,134,Primo Securities (PVT) Ltd.,Sumeru Securities Pvt. Ltd.,2026-04-15 11:50:49.816501,Himalayan Bank Limited
2026041501012006,HBL,16,97,10,212.0,2120.0,2026-04-15,186334535,134,Primo Securities (PVT) Ltd.,R.B.B. Securities Company Ltd,2026-04-15 11:50:49.816800,Himalayan Bank Limited
2026041501012030,HBL,16,91,65,212.0,13780.0,2026-04-15,186334633,134,Primo Securities (PVT) Ltd.,Citizens Share Broker Limited,2026-04-15 11:50:50.788822,Himalayan Bank Limited
2026041501012077,HBL,16,59,10,212.0,2120.0,2026-04-15,186334793,134,Primo Securities (PVT) Ltd.,Deevyaa Securities & Stock House Pvt. Ltd,2026-04-15 11:50:59.926882,Himalayan Bank Limited
2026041501012161,HBL,16,47,10,212.2,2122.0,2026-04-15,186335207,134,Primo Securities (PVT) Ltd.,Neev Securities Pvt. Ltd.,2026-04-15 11:51:14.553721,Himalayan Bank Limited
2026041501012162,HBL,16,58,10,212.5,2125.0,2026-04-15,186335209,134,Primo Securities (PVT) Ltd.,Naasa Securities Co. Ltd.,2026-04-15 11:51:14.553945,Himalayan Bank Limited
2026041501012163,HBL,16,57,195,212.9,41515.5,2026-04-15,186335212,134,Primo Securities (PVT) Ltd.,Aryatara Investment & Securities,2026-04-15 11:51:14.554060,Himalayan Bank Limited
2026041501012246,HBL,72,49,10,211.9,2119.0,2026-04-15,186335619,134,Hatemalo Financial Services Private Limited,Online Securities Pvt. Ltd.,2026-04-15 11:51:31.707690,Himalayan Bank Limited
2026041501012256,HBL,60,58,10,212.0,2120.0,2026-04-15,186335701,134,Nagarik Stock Dealer ,Naasa Securities Co. Ltd.,2026-04-15 11:51:36.556401,Himalayan Bank Limited
2026041501012295,HBL,60,45,10,212.0,2120.0,2026-04-15,186335823,134,Nagarik Stock Dealer ,Imperial Securities Company Pvt. Ltd.,2026-04-15 11:51:41.741654,Himalayan Bank Limited
2026041501012336,HBL,60,7,10,212.0,2120.0,2026-04-15,186335937,134,Nagarik Stock Dealer ,J.F. Securites (PVT) Ltd.,2026-04-15 11:51:44.926305,Himalayan Bank Limited
2026041501012449,HBL,26,57,10,212.9,2129.0,2026-04-15,186336480,134,Asian Securities Private Ltd.,Aryatara Investment & Securities,2026-04-15 11:52:12.171225,Himalayan Bank Limited
2026041501012451,HBL,58,57,795,212.9,169255.5,2026-04-15,186336487,134,Naasa Securities Co. Ltd.,Aryatara Investment & Securities,2026-04-15 11:52:13.561311,Himalayan Bank Limited
2026041501012452,HBL,58,14,205,213.0,43665.0,2026-04-15,186336490,134,Naasa Securities Co. Ltd.,Nepal Stock House (PVT) Ltd.,2026-04-15 11:52:13.561581,Himalayan Bank Limited
2026041501012482,HBL,60,58,10,212.0,2120.0,2026-04-15,186336689,134,Nagarik Stock Dealer ,Naasa Securities Co. Ltd.,2026-04-15 11:52:23.936409,Himalayan Bank Limited
2026041501012526,HBL,60,43,10,212.0,2120.0,2026-04-15,186336927,134,Nagarik Stock Dealer ,South Asian Bulls Pvt. Ltd.,2026-04-15 11:52:34.130979,Himalayan Bank Limited
2026041501012770,HBL,60,26,10,212.0,2120.0,2026-04-15,186337689,134,Nagarik Stock Dealer ,Asian Securities Private Ltd.,2026-04-15 11:52:57.306746,Himalayan Bank Limited
2026041501012792,HBL,49,17,10,212.1,2121.0,2026-04-15,186337787,134,Online Securities Pvt. Ltd.,ABC Securities Private Limited,2026-04-15 11:53:03.128600,Himalayan Bank Limited
2026041501012801,HBL,60,45,10,212.0,2120.0,2026-04-15,186337843,134,Nagarik Stock Dealer ,Imperial Securities Company Pvt. Ltd.,2026-04-15 11:53:07.500666,Himalayan Bank Limited
2026041501012881,HBL,14,19,10,212.5,2125.0,2026-04-15,186338421,134,Nepal Stock House (PVT) Ltd.,Nepal Investment And Securities Trading Private Limited,2026-04-15 11:53:35.902832,Himalayan Bank Limited
2026041501012922,HBL,14,18,10,212.5,2125.0,2026-04-15,186338627,134,Nepal Stock House (PVT) Ltd.,Sagarmatha Securities Private Limited,2026-04-15 11:53:48.426708,Himalayan Bank Limited
2026041501012945,HBL,14,74,10,212.5,2125.0,2026-04-15,186338701,134,Nepal Stock House (PVT) Ltd.,KALASH STOCK MARKET PVT. LTD.,2026-04-15 11:53:49.560603,Himalayan Bank Limited
2026041501013056,HBL,14,42,10,212.5,2125.0,2026-04-15,186339146,134,Nepal Stock House (PVT) Ltd.,Sani Securities Company Ltd.,2026-04-15 11:54:05.403825,Himalayan Bank Limited
2026041501013103,HBL,60,14,745,213.0,158685.0,2026-04-15,186339305,134,Nagarik Stock Dealer ,Nepal Stock House (PVT) Ltd.,2026-04-15 11:54:12.264448,Himalayan Bank Limited
2026041501013104,HBL,60,42,10,213.0,2130.0,2026-04-15,186339307,134,Nagarik Stock Dealer ,Sani Securities Company Ltd.,2026-04-15 11:54:12.264691,Himalayan Bank Limited
2026041501013105,HBL,60,41,10,213.0,2130.0,2026-04-15,186339309,134,Nagarik Stock Dealer ,Linch Stock Market Ltd.,2026-04-15 11:54:12.264806,Himalayan Bank Limited
2026041501013106,HBL,60,50,752,213.0,160176.0,2026-04-15,186339311,134,Nagarik Stock Dealer ,Cristal Kanchanjanga Securites Pvt. Ltd.,2026-04-15 11:54:12.264938,Himalayan Bank Limited
2026041501013107,HBL,60,45,130,213.0,27690.0,2026-04-15,186339313,134,Nagarik Stock Dealer ,Imperial Securities Company Pvt. Ltd.,2026-04-15 11:54:12.265068,Himalayan Bank Limited
2026041501013108,HBL,60,58,10,213.0,2130.0,2026-04-15,186339315,134,Nagarik Stock Dealer ,Naasa Securities Co. Ltd.,2026-04-15 11:54:12.265199,Himalayan Bank Limited
2026041501013109,HBL,60,58,10,213.0,2130.0,2026-04-15,186339317,134,Nagarik Stock Dealer ,Naasa Securities Co. Ltd.,2026-04-15 11:54:12.265311,Himalayan Bank Limited
2026041501013110,HBL,60,49,10,213.0,2130.0,2026-04-15,186339319,134,Nagarik Stock Dealer ,Online Securities Pvt. Ltd.,2026-04-15 11:54:12.265457,Himalayan Bank Limited
2026041501013111,HBL,60,35,100,213.0,21300.0,2026-04-15,186339321,134,Nagarik Stock Dealer ,Kohinoor Investment & Securities Pvt. Ltd.,2026-04-15 11:54:12.265609,Himalayan Bank Limited
2026041501013112,HBL,60,49,10,213.0,2130.0,2026-04-15,186339323,134,Nagarik Stock Dealer ,Online Securities Pvt. Ltd.,2026-04-15 11:54:12.265716,Himalayan Bank Limited
2026041501013113,HBL,60,48,10,213.0,2130.0,2026-04-15,186339325,134,Nagarik Stock Dealer ,Trishakti Securities Public Limited,2026-04-15 11:54:12.265819,Himalayan Bank Limited
2026041501013114,HBL,60,58,10,213.0,2130.0,2026-04-15,186339327,134,Nagarik Stock Dealer ,Naasa Securities Co. Ltd.,2026-04-15 11:54:12.265920,Himalayan Bank Limited
2026041501013115,HBL,60,58,10,213.0,2130.0,2026-04-15,186339329,134,Nagarik Stock Dealer ,Naasa Securities Co. Ltd.,2026-04-15 11:54:12.266052,Himalayan Bank Limited
2026041501013116,HBL,60,58,10,213.0,2130.0,2026-04-15,186339331,134,Nagarik Stock Dealer ,Naasa Securities Co. Ltd.,2026-04-15 11:54:12.266166,Himalayan Bank Limited
2026041501013117,HBL,60,41,10,213.0,2130.0,2026-04-15,186339333,134,Nagarik Stock Dealer ,Linch Stock Market Ltd.,2026-04-15 11:54:12.266304,Himalayan Bank Limited
2026041501013118,HBL,60,7,10,213.0,2130.0,2026-04-15,186339335,134,Nagarik Stock Dealer ,J.F. Securites (PVT) Ltd.,2026-04-15 11:54:12.266443,Himalayan Bank Limited
2026041501013119,HBL,60,38,10,213.0,2130.0,2026-04-15,186339337,134,Nagarik Stock Dealer ,Dipshikha Dhitopatra Karobar Co. Pvt Ltd.,2026-04-15 11:54:12.266572,Himalayan Bank Limited
2026041501013120,HBL,60,49,10,213.0,2130.0,2026-04-15,186339339,134,Nagarik Stock Dealer ,Online Securities Pvt. Ltd.,2026-04-15 11:54:12.266684,Himalayan Bank Limited
2026041501013121,HBL,60,39,10,213.0,2130.0,2026-04-15,186339341,134,Nagarik Stock Dealer ,Sumeru Securities Pvt. Ltd.,2026-04-15 11:54:12.266807,Himalayan Bank Limited
2026041501013122,HBL,60,58,10,213.0,2130.0,2026-04-15,186339343,134,Nagarik Stock Dealer ,Naasa Securities Co. Ltd.,2026-04-15 11:54:12.266918,Himalayan Bank Limited
2026041501013123,HBL,60,52,263,213.0,56019.0,2026-04-15,186339345,134,Nagarik Stock Dealer ,Sundhara Securities Limited,2026-04-15 11:54:12.267031,Himalayan Bank Limited
2026041501013124,HBL,60,96,10,213.0,2130.0,2026-04-15,186339347,134,Nagarik Stock Dealer ,Himalayan Securities Limited,2026-04-15 11:54:12.267141,Himalayan Bank Limited
2026041501013125,HBL,60,8,10,213.0,2130.0,2026-04-15,186339349,134,Nagarik Stock Dealer ,Brilliant Securities Pvt. Ltd.,2026-04-15 11:54:12.267239,Himalayan Bank Limited
2026041501013126,HBL,60,58,10,213.0,2130.0,2026-04-15,186339351,134,Nagarik Stock Dealer ,Naasa Securities Co. Ltd.,2026-04-15 11:54:12.267356,Himalayan Bank Limited
2026041501013127,HBL,60,58,30,213.0,6390.0,2026-04-15,186339353,134,Nagarik Stock Dealer ,Naasa Securities Co. Ltd.,2026-04-15 11:54:12.267478,Himalayan Bank Limited
2026041501013128,HBL,60,48,10,213.0,2130.0,2026-04-15,186339355,134,Nagarik Stock Dealer ,Trishakti Securities Public Limited,2026-04-15 11:54:12.267628,Himalayan Bank Limited
2026041501013129,HBL,60,62,10,213.0,2130.0,2026-04-15,186339357,134,Nagarik Stock Dealer ,Capital Max Securities Ltd,2026-04-15 11:54:12.267782,Himalayan Bank Limited
2026041501013130,HBL,60,58,10,213.0,2130.0,2026-04-15,186339359,134,Nagarik Stock Dealer ,Naasa Securities Co. Ltd.,2026-04-15 11:54:12.267901,Himalayan Bank Limited
2026041501013131,HBL,60,50,10,213.0,2130.0,2026-04-15,186339361,134,Nagarik Stock Dealer ,Cristal Kanchanjanga Securites Pvt. Ltd.,2026-04-15 11:54:12.267999,Himalayan Bank Limited
2026041501013132,HBL,60,58,10,213.0,2130.0,2026-04-15,186339363,134,Nagarik Stock Dealer ,Naasa Securities Co. Ltd.,2026-04-15 11:54:12.268100,Himalayan Bank Limited
2026041501013133,HBL,60,6,10,213.0,2130.0,2026-04-15,186339365,134,Nagarik Stock Dealer ,Agrawal Securities (PVT) Ltd.,2026-04-15 11:54:12.268198,Himalayan Bank Limited
2026041501013134,HBL,60,58,10,213.0,2130.0,2026-04-15,186339367,134,Nagarik Stock Dealer ,Naasa Securities Co. Ltd.,2026-04-15 11:54:12.268291,Himalayan Bank Limited
2026041501013135,HBL,60,44,10,213.0,2130.0,2026-04-15,186339369,134,Nagarik Stock Dealer ,Dynamic Money Managers Securities Pvt. Ltd.,2026-04-15 11:54:12.268423,Himalayan Bank Limited
2026041501013136,HBL,60,7,100,213.0,21300.0,2026-04-15,186339371,134,Nagarik Stock Dealer ,J.F. Securites (PVT) Ltd.,2026-04-15 11:54:12.268541,Himalayan Bank Limited
2026041501013137,HBL,60,43,10,213.0,2130.0,2026-04-15,186339373,134,Nagarik Stock Dealer ,South Asian Bulls Pvt. Ltd.,2026-04-15 11:54:12.268650,Himalayan Bank Limited
2026041501013138,HBL,60,42,10,213.0,2130.0,2026-04-15,186339375,134,Nagarik Stock Dealer ,Sani Securities Company Ltd.,2026-04-15 11:54:12.268769,Himalayan Bank Limited
2026041501013143,HBL,60,58,10,213.0,2130.0,2026-04-15,186339405,134,Nagarik Stock Dealer ,Naasa Securities Co. Ltd.,2026-04-15 11:54:13.959096,Himalayan Bank Limited
2026041501013151,HBL,60,35,10,213.0,2130.0,2026-04-15,186339459,134,Nagarik Stock Dealer ,Kohinoor Investment & Securities Pvt. Ltd.,2026-04-15 11:54:17.153149,Himalayan Bank Limited
2026041501013202,HBL,60,57,10,213.0,2130.0,2026-04-15,186339705,134,Nagarik Stock Dealer ,Aryatara Investment & Securities,2026-04-15 11:54:32.163297,Himalayan Bank Limited
2026041501013379,HBL,60,19,10,213.0,2130.0,2026-04-15,186340499,134,Nagarik Stock Dealer ,Nepal Investment And Securities Trading Private Limited,2026-04-15 11:55:08.303188,Himalayan Bank Limited
2026041501013459,HBL,60,58,10,213.0,2130.0,2026-04-15,186341105,134,Nagarik Stock Dealer ,Naasa Securities Co. Ltd.,2026-04-15 11:55:41.630285,Himalayan Bank Limited
2026041501013527,HBL,60,4,10,213.0,2130.0,2026-04-15,186341543,134,Nagarik Stock Dealer ,Opal Securities Investment (PVT) Ltd.,2026-04-15 11:55:54.044042,Himalayan Bank Limited
2026041501013535,HBL,60,8,320,213.0,68160.0,2026-04-15,186341589,134,Nagarik Stock Dealer ,Brilliant Securities Pvt. Ltd.,2026-04-15 11:55:57.217218,Himalayan Bank Limited
2026041501013591,HBL,60,3,500,213.0,106500.0,2026-04-15,186341779,134,Nagarik Stock Dealer ,Arun Securities (PVT) Ltd.,2026-04-15 11:56:05.903075,Himalayan Bank Limited
2026041501013593,HBL,58,58,10,213.1,2131.0,2026-04-15,186341793,134,Naasa Securities Co. Ltd.,Naasa Securities Co. Ltd.,2026-04-15 11:56:06.168965,Himalayan Bank Limited
2026041501013594,HBL,58,35,10,213.4,2134.0,2026-04-15,186341795,134,Naasa Securities Co. Ltd.,Kohinoor Investment & Securities Pvt. Ltd.,2026-04-15 11:56:06.169416,Himalayan Bank Limited
2026041501013595,HBL,58,42,10,213.4,2134.0,2026-04-15,186341797,134,Naasa Securities Co. Ltd.,Sani Securities Company Ltd.,2026-04-15 11:56:06.169716,Himalayan Bank Limited
2026041501013596,HBL,58,76,10,213.4,2134.0,2026-04-15,186341799,134,Naasa Securities Co. Ltd.,Machhapuchchhre Securities Limited,2026-04-15 11:56:06.170000,Himalayan Bank Limited
2026041501013597,HBL,58,42,10,213.4,2134.0,2026-04-15,186341801,134,Naasa Securities Co. Ltd.,Sani Securities Company Ltd.,2026-04-15 11:56:06.170313,Himalayan Bank Limited
2026041501013598,HBL,58,47,10,213.5,2135.0,2026-04-15,186341803,134,Naasa Securities Co. Ltd.,Neev Securities Pvt. Ltd.,2026-04-15 11:56:06.170611,Himalayan Bank Limited
2026041501013599,HBL,58,42,10,213.5,2135.0,2026-04-15,186341805,134,Naasa Securities Co. Ltd.,Sani Securities Company Ltd.,2026-04-15 11:56:06.170895,Himalayan Bank Limited
2026041501013600,HBL,58,41,10,213.5,2135.0,2026-04-15,186341807,134,Naasa Securities Co. Ltd.,Linch Stock Market Ltd.,2026-04-15 11:56:06.171194,Himalayan Bank Limited
2026041501013601,HBL,58,32,500,213.7,106850.0,2026-04-15,186341809,134,Naasa Securities Co. Ltd.,Premier Securities Company Ltd.,2026-04-15 11:56:06.171479,Himalayan Bank Limited
2026041501013602,HBL,58,45,10,213.7,2137.0,2026-04-15,186341811,134,Naasa Securities Co. Ltd.,Imperial Securities Company Pvt. Ltd.,2026-04-15 11:56:06.171768,Himalayan Bank Limited
2026041501013603,HBL,58,25,100,213.8,21380.0,2026-04-15,186341813,134,Naasa Securities Co. Ltd.,Sweta Securities Private Limited,2026-04-15 11:56:06.172072,Himalayan Bank Limited
2026041501013604,HBL,58,38,10,214.0,2140.0,2026-04-15,186341815,134,Naasa Securities Co. Ltd.,Dipshikha Dhitopatra Karobar Co. Pvt Ltd.,2026-04-15 11:56:06.172381,Himalayan Bank Limited
2026041501013605,HBL,58,42,10,214.0,2140.0,2026-04-15,186341817,134,Naasa Securities Co. Ltd.,Sani Securities Company Ltd.,2026-04-15 11:56:06.172665,Himalayan Bank Limited
2026041501013606,HBL,58,10,10,214.0,2140.0,2026-04-15,186341819,134,Naasa Securities Co. Ltd.,Pragyan Securities (PVT) Ltd.,2026-04-15 11:56:06.172952,Himalayan Bank Limited
2026041501013607,HBL,58,38,10,214.0,2140.0,2026-04-15,186341821,134,Naasa Securities Co. Ltd.,Dipshikha Dhitopatra Karobar Co. Pvt Ltd.,2026-04-15 11:56:06.173238,Himalayan Bank Limited
2026041501013608,HBL,58,59,10,214.0,2140.0,2026-04-15,186341823,134,Naasa Securities Co. Ltd.,Deevyaa Securities & Stock House Pvt. Ltd,2026-04-15 11:56:06.173512,Himalayan Bank Limited
2026041501013609,HBL,58,58,10,214.0,2140.0,2026-04-15,186341825,134,Naasa Securities Co. Ltd.,Naasa Securities Co. Ltd.,2026-04-15 11:56:06.173792,Himalayan Bank Limited
2026041501013610,HBL,58,58,10,214.0,2140.0,2026-04-15,186341827,134,Naasa Securities Co. Ltd.,Naasa Securities Co. Ltd.,2026-04-15 11:56:06.174085,Himalayan Bank Limited
2026041501013611,HBL,58,14,10,214.0,2140.0,2026-04-15,186341829,134,Naasa Securities Co. Ltd.,Nepal Stock House (PVT) Ltd.,2026-04-15 11:56:06.174352,Himalayan Bank Limited
2026041501013612,HBL,58,41,10,214.0,2140.0,2026-04-15,186341831,134,Naasa Securities Co. Ltd.,Linch Stock Market Ltd.,2026-04-15 11:56:06.174623,Himalayan Bank Limited
2026041501013613,HBL,58,42,20,214.0,4280.0,2026-04-15,186341833,134,Naasa Securities Co. Ltd.,Sani Securities Company Ltd.,2026-04-15 11:56:06.174900,Himalayan Bank Limited
2026041501013614,HBL,58,47,10,214.0,2140.0,2026-04-15,186341835,134,Naasa Securities Co. Ltd.,Neev Securities Pvt. Ltd.,2026-04-15 11:56:06.175176,Himalayan Bank Limited
2026041501013615,HBL,58,54,10,214.0,2140.0,2026-04-15,186341837,134,Naasa Securities Co. Ltd.,Sewa Securities Pvt. Ltd.,2026-04-15 11:56:06.175439,Himalayan Bank Limited
2026041501013616,HBL,58,11,10,214.0,2140.0,2026-04-15,186341839,134,Naasa Securities Co. Ltd.,Malla & Malla Stock Broking Company Pvt. Limited,2026-04-15 11:56:06.175720,Himalayan Bank Limited
2026041501013617,HBL,58,38,10,214.0,2140.0,2026-04-15,186341841,134,Naasa Securities Co. Ltd.,Dipshikha Dhitopatra Karobar Co. Pvt Ltd.,2026-04-15 11:56:06.175988,Himalayan Bank Limited
2026041501013618,HBL,58,35,10,214.0,2140.0,2026-04-15,186341843,134,Naasa Securities Co. Ltd.,Kohinoor Investment & Securities Pvt. Ltd.,2026-04-15 11:56:06.176265,Himalayan Bank Limited
2026041501013619,HBL,58,49,10,214.0,2140.0,2026-04-15,186341845,134,Naasa Securities Co. Ltd.,Online Securities Pvt. Ltd.,2026-04-15 11:56:06.176536,Himalayan Bank Limited
2026041501013620,HBL,58,89,10,214.0,2140.0,2026-04-15,186341847,134,Naasa Securities Co. Ltd.,Global IME Securities Limited,2026-04-15 11:56:06.176790,Himalayan Bank Limited
2026041501013621,HBL,58,8,10,214.0,2140.0,2026-04-15,186341849,134,Naasa Securities Co. Ltd.,Brilliant Securities Pvt. Ltd.,2026-04-15 11:56:06.177059,Himalayan Bank Limited
2026041501013622,HBL,58,58,10,214.0,2140.0,2026-04-15,186341851,134,Naasa Securities Co. Ltd.,Naasa Securities Co. Ltd.,2026-04-15 11:56:06.177291,Himalayan Bank Limited
2026041501013623,HBL,58,13,10,214.0,2140.0,2026-04-15,186341853,134,Naasa Securities Co. Ltd.,Thrive Brokerage House Pvt. Ltd,2026-04-15 11:56:06.177376,Himalayan Bank Limited
2026041501013624,HBL,58,42,10,214.0,2140.0,2026-04-15,186341855,134,Naasa Securities Co. Ltd.,Sani Securities Company Ltd.,2026-04-15 11:56:06.177464,Himalayan Bank Limited
2026041501013625,HBL,58,57,40,214.0,8560.0,2026-04-15,186341857,134,Naasa Securities Co. Ltd.,Aryatara Investment & Securities,2026-04-15 11:56:06.177554,Himalayan Bank Limited
2026041501013626,HBL,58,4,10,214.0,2140.0,2026-04-15,186341859,134,Naasa Securities Co. Ltd.,Opal Securities Investment (PVT) Ltd.,2026-04-15 11:56:06.177642,Himalayan Bank Limited
2026041501013627,HBL,58,49,10,214.0,2140.0,2026-04-15,186341861,134,Naasa Securities Co. Ltd.,Online Securities Pvt. Ltd.,2026-04-15 11:56:06.177731,Himalayan Bank Limited
2026041501013628,HBL,58,7,10,214.0,2140.0,2026-04-15,186341863,134,Naasa Securities Co. Ltd.,J.F. Securites (PVT) Ltd.,2026-04-15 11:56:06.177819,Himalayan Bank Limited
2026041501013629,HBL,58,34,10,214.0,2140.0,2026-04-15,186341865,134,Naasa Securities Co. Ltd.,Vision Securities Pvt. Ltd,2026-04-15 11:56:06.177903,Himalayan Bank Limited
2026041501013630,HBL,58,49,10,214.0,2140.0,2026-04-15,186341868,134,Naasa Securities Co. Ltd.,Online Securities Pvt. Ltd.,2026-04-15 11:56:06.177989,Himalayan Bank Limited
2026041501013649,HBL,60,79,10,213.0,2130.0,2026-04-15,186341957,134,Nagarik Stock Dealer ,pahiinvestment,2026-04-15 11:56:11.751832,Himalayan Bank Limited
2026041501013671,HBL,60,57,10,213.0,2130.0,2026-04-15,186342031,134,Nagarik Stock Dealer ,Aryatara Investment & Securities,2026-04-15 11:56:16.849851,Himalayan Bank Limited
2026041501013683,HBL,60,38,10,213.0,2130.0,2026-04-15,186342095,134,Nagarik Stock Dealer ,Dipshikha Dhitopatra Karobar Co. Pvt Ltd.,2026-04-15 11:56:19.876100,Himalayan Bank Limited
2026041501013797,HBL,58,52,10,214.0,2140.0,2026-04-15,186342921,134,Naasa Securities Co. Ltd.,Sundhara Securities Limited,2026-04-15 11:57:00.191993,Himalayan Bank Limited
2026041501013798,HBL,58,58,10,214.0,2140.0,2026-04-15,186342923,134,Naasa Securities Co. Ltd.,Naasa Securities Co. Ltd.,2026-04-15 11:57:00.192193,Himalayan Bank Limited
2026041501013816,HBL,67,8,10,213.1,2131.0,2026-04-15,186343063,134,Property Wiard Limited,Brilliant Securities Pvt. Ltd.,2026-04-15 11:57:07.952438,Himalayan Bank Limited
2026041501013878,HBL,67,7,10,213.1,2131.0,2026-04-15,186343459,134,Property Wiard Limited,J.F. Securites (PVT) Ltd.,2026-04-15 11:57:25.815928,Himalayan Bank Limited
2026041501013912,HBL,42,44,10,214.0,2140.0,2026-04-15,186343638,134,Sani Securities Company Ltd.,Dynamic Money Managers Securities Pvt. Ltd.,2026-04-15 11:57:33.858396,Himalayan Bank Limited
2026041501014101,HBL,57,22,10,213.2,2132.0,2026-04-15,186344877,134,Aryatara Investment & Securities,Siprabi Securities Pvt. Ltd.,2026-04-15 11:58:30.482314,Himalayan Bank Limited
2026041501014138,HBL,57,58,10,213.2,2132.0,2026-04-15,186345027,134,Aryatara Investment & Securities,Naasa Securities Co. Ltd.,2026-04-15 11:58:38.935945,Himalayan Bank Limited
2026041501014209,HBL,49,58,10,214.0,2140.0,2026-04-15,186345391,134,Online Securities Pvt. Ltd.,Naasa Securities Co. Ltd.,2026-04-15 11:58:51.030238,Himalayan Bank Limited
2026041501014210,HBL,49,89,10,214.0,2140.0,2026-04-15,186345393,134,Online Securities Pvt. Ltd.,Global IME Securities Limited,2026-04-15 11:58:51.030732,Himalayan Bank Limited
2026041501014211,HBL,49,14,10,214.0,2140.0,2026-04-15,186345395,134,Online Securities Pvt. Ltd.,Nepal Stock House (PVT) Ltd.,2026-04-15 11:58:51.031216,Himalayan Bank Limited
2026041501014212,HBL,49,42,10,214.0,2140.0,2026-04-15,186345397,134,Online Securities Pvt. Ltd.,Sani Securities Company Ltd.,2026-04-15 11:58:51.031627,Himalayan Bank Limited
2026041501014213,HBL,49,3,10,214.0,2140.0,2026-04-15,186345400,134,Online Securities Pvt. Ltd.,Arun Securities (PVT) Ltd.,2026-04-15 11:58:51.032056,Himalayan Bank Limited
2026041501014224,HBL,42,3,10,214.0,2140.0,2026-04-15,186345476,134,Sani Securities Company Ltd.,Arun Securities (PVT) Ltd.,2026-04-15 11:58:51.618934,Himalayan Bank Limited
2026041501014515,HBL,57,58,10,213.2,2132.0,2026-04-15,186346615,134,Aryatara Investment & Securities,Naasa Securities Co. Ltd.,2026-04-15 11:59:38.353037,Himalayan Bank Limited
2026041501014590,HBL,44,3,35,214.0,7490.0,2026-04-15,186346984,134,Dynamic Money Managers Securities Pvt. Ltd.,Arun Securities (PVT) Ltd.,2026-04-15 11:59:54.194687,Himalayan Bank Limited
2026041501014671,HBL,57,59,10,213.2,2132.0,2026-04-15,186347423,134,Aryatara Investment & Securities,Deevyaa Securities & Stock House Pvt. Ltd,2026-04-15 12:00:11.753190,Himalayan Bank Limited
2026041501014721,HBL,57,42,10,213.2,2132.0,2026-04-15,186347635,134,Aryatara Investment & Securities,Sani Securities Company Ltd.,2026-04-15 12:00:22.133103,Himalayan Bank Limited
2026041501014752,HBL,14,53,10,213.3,2133.0,2026-04-15,186347793,134,Nepal Stock House (PVT) Ltd.,Investment Management Nepal Pvt. Ltd.,2026-04-15 12:00:34.321105,Himalayan Bank Limited
2026041501014764,HBL,14,38,10,213.3,2133.0,2026-04-15,186347849,134,Nepal Stock House (PVT) Ltd.,Dipshikha Dhitopatra Karobar Co. Pvt Ltd.,2026-04-15 12:00:39.184021,Himalayan Bank Limited
2026041501014969,HBL,14,34,10,213.3,2133.0,2026-04-15,186348991,134,Nepal Stock House (PVT) Ltd.,Vision Securities Pvt. Ltd,2026-04-15 12:01:41.406362,Himalayan Bank Limited
2026041501014979,HBL,14,62,10,213.3,2133.0,2026-04-15,186349023,134,Nepal Stock House (PVT) Ltd.,Capital Max Securities Ltd,2026-04-15 12:01:43.287718,Himalayan Bank Limited
2026041501015018,HBL,14,56,10,213.3,2133.0,2026-04-15,186349323,134,Nepal Stock House (PVT) Ltd.,Sri Hari Securities Pvt. Ltd.,2026-04-15 12:01:55.626902,Himalayan Bank Limited
2026041501015058,HBL,14,72,10,213.3,2133.0,2026-04-15,186349553,134,Nepal Stock House (PVT) Ltd.,Hatemalo Financial Services Private Limited,2026-04-15 12:02:09.893277,Himalayan Bank Limited
2026041501015070,HBL,37,3,500,213.8,106900.0,2026-04-15,186349626,134,Swarna Laxmi Securities Pvt. Ltd.,Arun Securities (PVT) Ltd.,2026-04-15 12:02:13.150468,Himalayan Bank Limited
2026041501015091,HBL,14,38,10,213.3,2133.0,2026-04-15,186349699,134,Nepal Stock House (PVT) Ltd.,Dipshikha Dhitopatra Karobar Co. Pvt Ltd.,2026-04-15 12:02:14.849666,Himalayan Bank Limited
2026041501015128,HBL,14,19,10,213.3,2133.0,2026-04-15,186349893,134,Nepal Stock House (PVT) Ltd.,Nepal Investment And Securities Trading Private Limited,2026-04-15 12:02:24.138971,Himalayan Bank Limited
2026041501015152,HBL,14,8,10,213.3,2133.0,2026-04-15,186350037,134,Nepal Stock House (PVT) Ltd.,Brilliant Securities Pvt. Ltd.,2026-04-15 12:02:32.004558,Himalayan Bank Limited
2026041501015164,HBL,14,48,10,213.3,2133.0,2026-04-15,186350101,134,Nepal Stock House (PVT) Ltd.,Trishakti Securities Public Limited,2026-04-15 12:02:36.311110,Himalayan Bank Limited
2026041501015250,HBL,14,49,10,213.3,2133.0,2026-04-15,186350545,134,Nepal Stock House (PVT) Ltd.,Online Securities Pvt. Ltd.,2026-04-15 12:02:58.862880,Himalayan Bank Limited
2026041501015257,HBL,14,34,10,213.3,2133.0,2026-04-15,186350619,134,Nepal Stock House (PVT) Ltd.,Vision Securities Pvt. Ltd,2026-04-15 12:03:02.462217,Himalayan Bank Limited
2026041501015262,HBL,14,8,10,213.3,2133.0,2026-04-15,186350673,134,Nepal Stock House (PVT) Ltd.,Brilliant Securities Pvt. Ltd.,2026-04-15 12:03:04.463234,Himalayan Bank Limited
2026041501015264,HBL,14,58,10,213.3,2133.0,2026-04-15,186350677,134,Nepal Stock House (PVT) Ltd.,Naasa Securities Co. Ltd.,2026-04-15 12:03:04.699112,Himalayan Bank Limited
2026041501015302,HBL,14,71,10,213.3,2133.0,2026-04-15,186350851,134,Nepal Stock House (PVT) Ltd.,SHUBHAKAMANA SECURITIES PVT. LTD,2026-04-15 12:03:10.287441,Himalayan Bank Limited
2026041501015362,HBL,14,42,10,213.3,2133.0,2026-04-15,186351147,134,Nepal Stock House (PVT) Ltd.,Sani Securities Company Ltd.,2026-04-15 12:03:30.283199,Himalayan Bank Limited
2026041501015380,HBL,14,58,140,213.3,29862.0,2026-04-15,186351296,134,Nepal Stock House (PVT) Ltd.,Naasa Securities Co. Ltd.,2026-04-15 12:03:36.333563,Himalayan Bank Limited
2026041501015381,HBL,49,58,60,213.3,12798.0,2026-04-15,186351297,134,Online Securities Pvt. Ltd.,Naasa Securities Co. Ltd.,2026-04-15 12:03:36.333619,Himalayan Bank Limited
2026041501015388,HBL,14,35,260,213.7,55562.0,2026-04-15,186351340,134,Nepal Stock House (PVT) Ltd.,Kohinoor Investment & Securities Pvt. Ltd.,2026-04-15 12:03:39.699341,Himalayan Bank Limited
2026041501015433,HBL,49,22,10,213.3,2133.0,2026-04-15,186351669,134,Online Securities Pvt. Ltd.,Siprabi Securities Pvt. Ltd.,2026-04-15 12:03:55.546969,Himalayan Bank Limited
2026041501015440,HBL,10,13,5,210.0,1050.0,2026-04-15,186351779,134,Pragyan Securities (PVT) Ltd.,Thrive Brokerage House Pvt. Ltd,2026-04-15 12:04:01.109271,Himalayan Bank Limited
2026041501015442,HBL,49,19,10,213.3,2133.0,2026-04-15,186351793,134,Online Securities Pvt. Ltd.,Nepal Investment And Securities Trading Private Limited,2026-04-15 12:04:02.701111,Himalayan Bank Limited
2026041501015444,HBL,49,3,12,213.3,2559.6,2026-04-15,186351802,134,Online Securities Pvt. Ltd.,Arun Securities (PVT) Ltd.,2026-04-15 12:04:03.194638,Himalayan Bank Limited
2026041501015445,HBL,57,3,488,213.2,104041.6,2026-04-15,186351803,134,Aryatara Investment & Securities,Arun Securities (PVT) Ltd.,2026-04-15 12:04:03.194882,Himalayan Bank Limited
2026041501015532,HBL,57,71,10,213.2,2132.0,2026-04-15,186352175,134,Aryatara Investment & Securities,SHUBHAKAMANA SECURITIES PVT. LTD,2026-04-15 12:04:19.169885,Himalayan Bank Limited
2026041501015629,HBL,57,63,20,213.2,4264.0,2026-04-15,186352653,134,Aryatara Investment & Securities,Himalayan Brokerage Company Limited,2026-04-15 12:04:48.781258,Himalayan Bank Limited
2026041501015633,HBL,57,49,10,213.2,2132.0,2026-04-15,186352705,134,Aryatara Investment & Securities,Online Securities Pvt. Ltd.,2026-04-15 12:04:52.252335,Himalayan Bank Limited
2026041501015679,HBL,57,35,10,213.2,2132.0,2026-04-15,186352941,134,Aryatara Investment & Securities,Kohinoor Investment & Securities Pvt. Ltd.,2026-04-15 12:05:05.186596,Himalayan Bank Limited
2026041501015685,HBL,57,41,10,213.2,2132.0,2026-04-15,186352989,134,Aryatara Investment & Securities,Linch Stock Market Ltd.,2026-04-15 12:05:07.423890,Himalayan Bank Limited
2026041501015703,HBL,57,53,10,213.2,2132.0,2026-04-15,186353127,134,Aryatara Investment & Securities,Investment Management Nepal Pvt. Ltd.,2026-04-15 12:05:15.733529,Himalayan Bank Limited
2026041501015734,HBL,57,58,10,213.2,2132.0,2026-04-15,186353253,134,Aryatara Investment & Securities,Naasa Securities Co. Ltd.,2026-04-15 12:05:21.094553,Himalayan Bank Limited
2026041501015779,HBL,57,83,10,213.2,2132.0,2026-04-15,186353485,134,Aryatara Investment & Securities,Sanima Securities Limited,2026-04-15 12:05:39.340988,Himalayan Bank Limited
2026041501015780,HBL,57,46,10,213.2,2132.0,2026-04-15,186353497,134,Aryatara Investment & Securities,Kalika Securities Pvt. Ltd.,2026-04-15 12:05:39.835372,Himalayan Bank Limited
2026041501015793,HBL,42,58,10,213.5,2135.0,2026-04-15,186353643,134,Sani Securities Company Ltd.,Naasa Securities Co. Ltd.,2026-04-15 12:05:46.309516,Himalayan Bank Limited
2026041501015796,HBL,42,41,40,213.6,8544.0,2026-04-15,186353659,134,Sani Securities Company Ltd.,Linch Stock Market Ltd.,2026-04-15 12:05:48.569398,Himalayan Bank Limited
2026041501015807,HBL,10,25,1,210.1,210.1,2026-04-15,186353717,134,Pragyan Securities (PVT) Ltd.,Sweta Securities Private Limited,2026-04-15 12:05:53.806831,Himalayan Bank Limited
2026041501015842,HBL,49,35,59,213.7,12608.3,2026-04-15,186353854,134,Online Securities Pvt. Ltd.,Kohinoor Investment & Securities Pvt. Ltd.,2026-04-15 12:06:01.051187,Himalayan Bank Limited
2026041501015901,HBL,57,71,10,213.2,2132.0,2026-04-15,186354195,134,Aryatara Investment & Securities,SHUBHAKAMANA SECURITIES PVT. LTD,2026-04-15 12:06:19.832193,Himalayan Bank Limited
2026041501015999,HBL,57,35,10,213.2,2132.0,2026-04-15,186354667,134,Aryatara Investment & Securities,Kohinoor Investment & Securities Pvt. Ltd.,2026-04-15 12:06:44.722058,Himalayan Bank Limited
2026041501016005,HBL,57,49,10,213.2,2132.0,2026-04-15,186354693,134,Aryatara Investment & Securities,Online Securities Pvt. Ltd.,2026-04-15 12:06:46.322982,Himalayan Bank Limited
2026041501016010,HBL,57,63,10,213.2,2132.0,2026-04-15,186354745,134,Aryatara Investment & Securities,Himalayan Brokerage Company Limited,2026-04-15 12:06:49.699690,Himalayan Bank Limited
2026041501016049,HBL,58,35,10,213.7,2137.0,2026-04-15,186354934,134,Naasa Securities Co. Ltd.,Kohinoor Investment & Securities Pvt. Ltd.,2026-04-15 12:07:00.890147,Himalayan Bank Limited
2026041501016162,HBL,57,57,10,213.2,2132.0,2026-04-15,186355527,134,Aryatara Investment & Securities,Aryatara Investment & Securities,2026-04-15 12:07:29.980787,Himalayan Bank Limited
2026041501016202,HBL,57,6,10,213.2,2132.0,2026-04-15,186355737,134,Aryatara Investment & Securities,Agrawal Securities (PVT) Ltd.,2026-04-15 12:07:42.156533,Himalayan Bank Limited
2026041501016210,HBL,57,49,10,213.2,2132.0,2026-04-15,186355787,134,Aryatara Investment & Securities,Online Securities Pvt. Ltd.,2026-04-15 12:07:45.719263,Himalayan Bank Limited
2026041501016231,HBL,57,58,10,213.2,2132.0,2026-04-15,186355895,134,Aryatara Investment & Securities,Naasa Securities Co. Ltd.,2026-04-15 12:07:51.993878,Himalayan Bank Limited
2026041501016288,HBL,57,37,10,213.2,2132.0,2026-04-15,186356217,134,Aryatara Investment & Securities,Swarna Laxmi Securities Pvt. Ltd.,2026-04-15 12:08:14.079417,Himalayan Bank Limited
2026041501016291,HBL,57,57,10,213.2,2132.0,2026-04-15,186356285,134,Aryatara Investment & Securities,Aryatara Investment & Securities,2026-04-15 12:08:15.314675,Himalayan Bank Limited
2026041501016292,HBL,57,3,262,213.2,55858.4,2026-04-15,186356288,134,Aryatara Investment & Securities,Arun Securities (PVT) Ltd.,2026-04-15 12:08:15.394244,Himalayan Bank Limited
2026041501016293,HBL,60,3,911,213.2,194225.2,2026-04-15,186356290,134,Nagarik Stock Dealer ,Arun Securities (PVT) Ltd.,2026-04-15 12:08:15.394715,Himalayan Bank Limited
2026041501016329,HBL,58,34,10,213.0,2130.0,2026-04-15,186356467,134,Naasa Securities Co. Ltd.,Vision Securities Pvt. Ltd,2026-04-15 12:08:26.133738,Himalayan Bank Limited
2026041501016330,HBL,58,49,10,213.0,2130.0,2026-04-15,186356479,134,Naasa Securities Co. Ltd.,Online Securities Pvt. Ltd.,2026-04-15 12:08:26.361525,Himalayan Bank Limited
2026041501016366,HBL,58,41,10,213.0,2130.0,2026-04-15,186356684,134,Naasa Securities Co. Ltd.,Linch Stock Market Ltd.,2026-04-15 12:08:44.238288,Himalayan Bank Limited
2026041501016367,HBL,58,41,20,213.0,4260.0,2026-04-15,186356686,134,Naasa Securities Co. Ltd.,Linch Stock Market Ltd.,2026-04-15 12:08:44.238797,Himalayan Bank Limited
2026041501016368,HBL,57,41,170,213.0,36210.0,2026-04-15,186356687,134,Aryatara Investment & Securities,Linch Stock Market Ltd.,2026-04-15 12:08:44.239170,Himalayan Bank Limited
2026041501016386,HBL,57,19,10,213.0,2130.0,2026-04-15,186356837,134,Aryatara Investment & Securities,Nepal Investment And Securities Trading Private Limited,2026-04-15 12:08:53.388456,Himalayan Bank Limited
2026041501016395,HBL,57,3,1200,213.2,255840.0,2026-04-15,186356858,134,Aryatara Investment & Securities,Arun Securities (PVT) Ltd.,2026-04-15 12:08:55.557250,Himalayan Bank Limited
2026041501016405,HBL,57,70,45,213.0,9585.0,2026-04-15,186356889,134,Aryatara Investment & Securities,Infinity Securities Limited,2026-04-15 12:08:58.445329,Himalayan Bank Limited
2026041501016513,HBL,57,48,10,213.0,2130.0,2026-04-15,186357373,134,Aryatara Investment & Securities,Trishakti Securities Public Limited,2026-04-15 12:09:23.013325,Himalayan Bank Limited
2026041501016532,HBL,57,19,10,213.0,2130.0,2026-04-15,186357515,134,Aryatara Investment & Securities,Nepal Investment And Securities Trading Private Limited,2026-04-15 12:09:30.308288,Himalayan Bank Limited
2026041501016534,HBL,57,49,10,213.0,2130.0,2026-04-15,186357559,134,Aryatara Investment & Securities,Online Securities Pvt. Ltd.,2026-04-15 12:09:31.159744,Himalayan Bank Limited
2026041501016535,HBL,57,38,10,213.0,2130.0,2026-04-15,186357575,134,Aryatara Investment & Securities,Dipshikha Dhitopatra Karobar Co. Pvt Ltd.,2026-04-15 12:09:32.902071,Himalayan Bank Limited
2026041501016541,HBL,57,54,10,213.0,2130.0,2026-04-15,186357597,134,Aryatara Investment & Securities,Sewa Securities Pvt. Ltd.,2026-04-15 12:09:34.817272,Himalayan Bank Limited
2026041501016583,HBL,57,17,10,213.0,2130.0,2026-04-15,186357813,134,Aryatara Investment & Securities,ABC Securities Private Limited,2026-04-15 12:09:51.594910,Himalayan Bank Limited
2026041501016649,HBL,57,22,10,213.0,2130.0,2026-04-15,186358005,134,Aryatara Investment & Securities,Siprabi Securities Pvt. Ltd.,2026-04-15 12:10:04.612938,Himalayan Bank Limited
2026041501016660,HBL,58,58,10,213.1,2131.0,2026-04-15,186358038,134,Naasa Securities Co. Ltd.,Naasa Securities Co. Ltd.,2026-04-15 12:10:09.776094,Himalayan Bank Limited
2026041501016669,HBL,57,49,350,213.0,74550.0,2026-04-15,186358121,134,Aryatara Investment & Securities,Online Securities Pvt. Ltd.,2026-04-15 12:10:16.342277,Himalayan Bank Limited
2026041501016693,HBL,57,58,340,213.1,72454.0,2026-04-15,186358203,134,Aryatara Investment & Securities,Naasa Securities Co. Ltd.,2026-04-15 12:10:21.849516,Himalayan Bank Limited
2026041501016694,HBL,57,49,10,213.1,2131.0,2026-04-15,186358205,134,Aryatara Investment & Securities,Online Securities Pvt. Ltd.,2026-04-15 12:10:21.849644,Himalayan Bank Limited
2026041501016695,HBL,57,63,450,213.1,95895.0,2026-04-15,186358208,134,Aryatara Investment & Securities,Himalayan Brokerage Company Limited,2026-04-15 12:10:21.849718,Himalayan Bank Limited
2026041501016722,HBL,57,49,10,213.0,2130.0,2026-04-15,186358371,134,Aryatara Investment & Securities,Online Securities Pvt. Ltd.,2026-04-15 12:10:34.375794,Himalayan Bank Limited
2026041501016733,HBL,57,38,10,213.0,2130.0,2026-04-15,186358405,134,Aryatara Investment & Securities,Dipshikha Dhitopatra Karobar Co. Pvt Ltd.,2026-04-15 12:10:38.010840,Himalayan Bank Limited
2026041501016783,HBL,57,49,10,213.0,2130.0,2026-04-15,186358775,134,Aryatara Investment & Securities,Online Securities Pvt. Ltd.,2026-04-15 12:11:00.174343,Himalayan Bank Limited
2026041501016790,HBL,57,34,10,213.0,2130.0,2026-04-15,186358803,134,Aryatara Investment & Securities,Vision Securities Pvt. Ltd,2026-04-15 12:11:01.718981,Himalayan Bank Limited
2026041501016863,HBL,57,21,15,213.0,3195.0,2026-04-15,186359114,134,Aryatara Investment & Securities,Midas Stock Broking Company Private Limited,2026-04-15 12:11:28.480331,Himalayan Bank Limited
2026041501016906,HBL,34,58,10,212.4,2124.0,2026-04-15,186359257,134,Vision Securities Pvt. Ltd,Naasa Securities Co. Ltd.,2026-04-15 12:11:33.424895,Himalayan Bank Limited
2026041501016946,HBL,34,38,10,212.4,2124.0,2026-04-15,186359453,134,Vision Securities Pvt. Ltd,Dipshikha Dhitopatra Karobar Co. Pvt Ltd.,2026-04-15 12:11:49.955951,Himalayan Bank Limited
2026041501017003,HBL,34,46,10,212.4,2124.0,2026-04-15,186359749,134,Vision Securities Pvt. Ltd,Kalika Securities Pvt. Ltd.,2026-04-15 12:12:12.244466,Himalayan Bank Limited
2026041501017129,HBL,34,49,10,212.4,2124.0,2026-04-15,186360527,134,Vision Securities Pvt. Ltd,Online Securities Pvt. Ltd.,2026-04-15 12:13:01.552863,Himalayan Bank Limited
2026041501017176,HBL,34,6,50,212.4,10620.0,2026-04-15,186360739,134,Vision Securities Pvt. Ltd,Agrawal Securities (PVT) Ltd.,2026-04-15 12:13:16.162198,Himalayan Bank Limited
2026041501017258,HBL,34,53,10,212.4,2124.0,2026-04-15,186361163,134,Vision Securities Pvt. Ltd,Investment Management Nepal Pvt. Ltd.,2026-04-15 12:13:41.465429,Himalayan Bank Limited
2026041501017293,HBL,62,45,10,212.5,2125.0,2026-04-15,186361413,134,Capital Max Securities Ltd,Imperial Securities Company Pvt. Ltd.,2026-04-15 12:13:49.482549,Himalayan Bank Limited
2026041501017294,HBL,62,36,10,212.5,2125.0,2026-04-15,186361415,134,Capital Max Securities Ltd,Secured Securities Ltd.,2026-04-15 12:13:49.482906,Himalayan Bank Limited
2026041501017295,HBL,62,58,10,212.5,2125.0,2026-04-15,186361417,134,Capital Max Securities Ltd,Naasa Securities Co. Ltd.,2026-04-15 12:13:49.483076,Himalayan Bank Limited
2026041501017296,HBL,62,21,21,213.0,4473.0,2026-04-15,186361419,134,Capital Max Securities Ltd,Midas Stock Broking Company Private Limited,2026-04-15 12:13:49.483231,Himalayan Bank Limited
2026041501017297,HBL,62,49,10,213.0,2130.0,2026-04-15,186361421,134,Capital Max Securities Ltd,Online Securities Pvt. Ltd.,2026-04-15 12:13:49.483382,Himalayan Bank Limited
2026041501017298,HBL,62,38,10,213.0,2130.0,2026-04-15,186361423,134,Capital Max Securities Ltd,Dipshikha Dhitopatra Karobar Co. Pvt Ltd.,2026-04-15 12:13:49.483519,Himalayan Bank Limited
2026041501017299,HBL,62,25,10,213.0,2130.0,2026-04-15,186361425,134,Capital Max Securities Ltd,Sweta Securities Private Limited,2026-04-15 12:13:49.483684,Himalayan Bank Limited
2026041501017300,HBL,62,22,50,213.0,10650.0,2026-04-15,186361427,134,Capital Max Securities Ltd,Siprabi Securities Pvt. Ltd.,2026-04-15 12:13:49.483823,Himalayan Bank Limited
2026041501017301,HBL,62,63,2369,213.1,504833.9,2026-04-15,186361430,134,Capital Max Securities Ltd,Himalayan Brokerage Company Limited,2026-04-15 12:13:49.483981,Himalayan Bank Limited
2026041501017508,HBL,38,51,10,212.1,2121.0,2026-04-15,186361948,134,Dipshikha Dhitopatra Karobar Co. Pvt Ltd.,Oxford Securities Pvt. Ltd.,2026-04-15 12:14:00.114402,Himalayan Bank Limited
2026041501017513,HBL,38,52,10,212.1,2121.0,2026-04-15,186361962,134,Dipshikha Dhitopatra Karobar Co. Pvt Ltd.,Sundhara Securities Limited,2026-04-15 12:14:00.541585,Himalayan Bank Limited
2026041501017546,HBL,38,58,10,212.1,2121.0,2026-04-15,186362195,134,Dipshikha Dhitopatra Karobar Co. Pvt Ltd.,Naasa Securities Co. Ltd.,2026-04-15 12:14:12.622523,Himalayan Bank Limited
2026041501017624,HBL,38,36,10,212.1,2121.0,2026-04-15,186362569,134,Dipshikha Dhitopatra Karobar Co. Pvt Ltd.,Secured Securities Ltd.,2026-04-15 12:14:32.533629,Himalayan Bank Limited
