contractId,stockSymbol,buyerMemberId,sellerMemberId,quantity,rate,amount,businessDate,tradeBookId,stockId,buyerBrokerName,sellerBrokerName,transaction_time,securityName
2026041503000677,KSBBL,59,52,16,486.1,7777.6,2026-04-15,186315085,459,Deevyaa Securities & Stock House Pvt. Ltd,Sundhara Securities Limited,2026-04-15 11:33:04.450325,Kamana Sewa Bikas Bank Limited
2026041503000777,KSBBL,81,45,500,487.1,243550.0,2026-04-15,186318326,459,Aakashbhairab Securities Ltd.,Imperial Securities Company Pvt. Ltd.,2026-04-15 11:36:15.497360,Kamana Sewa Bikas Bank Limited
2026041503000778,KSBBL,81,45,204,487.1,99368.4,2026-04-15,186318327,459,Aakashbhairab Securities Ltd.,Imperial Securities Company Pvt. Ltd.,2026-04-15 11:36:15.497443,Kamana Sewa Bikas Bank Limited
2026041503000844,KSBBL,42,10,82,487.9,40007.8,2026-04-15,186321572,459,Sani Securities Company Ltd.,Pragyan Securities (PVT) Ltd.,2026-04-15 11:39:50.585690,Kamana Sewa Bikas Bank Limited
2026041503000970,KSBBL,14,58,200,487.5,97500.0,2026-04-15,186325758,459,Nepal Stock House (PVT) Ltd.,Naasa Securities Co. Ltd.,2026-04-15 11:44:11.695113,Kamana Sewa Bikas Bank Limited
2026041503001047,KSBBL,74,58,75,487.5,36562.5,2026-04-15,186328752,459,KALASH STOCK MARKET PVT. LTD.,Naasa Securities Co. Ltd.,2026-04-15 11:47:05.445459,Kamana Sewa Bikas Bank Limited
2026041503001056,KSBBL,6,10,450,487.9,219555.0,2026-04-15,186329096,459,Agrawal Securities (PVT) Ltd.,Pragyan Securities (PVT) Ltd.,2026-04-15 11:47:25.322670,Kamana Sewa Bikas Bank Limited
2026041503001314,KSBBL,64,10,18,487.9,8782.2,2026-04-15,186338739,459,SUN SECURITIES PVT LTD,Pragyan Securities (PVT) Ltd.,2026-04-15 11:53:52.659520,Kamana Sewa Bikas Bank Limited
2026041503001356,KSBBL,36,81,80,490.0,39200.0,2026-04-15,186339716,459,Secured Securities Ltd.,Aakashbhairab Securities Ltd.,2026-04-15 11:54:32.645876,Kamana Sewa Bikas Bank Limited
2026041503001553,KSBBL,26,1,100,489.0,48900.0,2026-04-15,186345653,459,Asian Securities Private Ltd.,Kumari Securities Private Limited,2026-04-15 11:58:58.905797,Kamana Sewa Bikas Bank Limited
2026041503001554,KSBBL,26,81,73,490.0,35770.0,2026-04-15,186345655,459,Asian Securities Private Ltd.,Aakashbhairab Securities Ltd.,2026-04-15 11:58:58.905990,Kamana Sewa Bikas Bank Limited
2026041503001555,KSBBL,26,58,12,490.0,5880.0,2026-04-15,186345657,459,Asian Securities Private Ltd.,Naasa Securities Co. Ltd.,2026-04-15 11:58:58.906136,Kamana Sewa Bikas Bank Limited
2026041503001556,KSBBL,26,17,127,490.0,62230.0,2026-04-15,186345659,459,Asian Securities Private Ltd.,ABC Securities Private Limited,2026-04-15 11:58:58.906244,Kamana Sewa Bikas Bank Limited
2026041503001557,KSBBL,26,4,152,490.0,74480.0,2026-04-15,186345661,459,Asian Securities Private Ltd.,Opal Securities Investment (PVT) Ltd.,2026-04-15 11:58:58.906345,Kamana Sewa Bikas Bank Limited
2026041503001772,KSBBL,26,17,210,490.0,102900.0,2026-04-15,186352496,459,Asian Securities Private Ltd.,ABC Securities Private Limited,2026-04-15 12:04:38.053675,Kamana Sewa Bikas Bank Limited
2026041503001905,KSBBL,38,58,10,490.0,4900.0,2026-04-15,186357756,459,Dipshikha Dhitopatra Karobar Co. Pvt Ltd.,Naasa Securities Co. Ltd.,2026-04-15 12:09:47.656953,Kamana Sewa Bikas Bank Limited
2026041503002054,KSBBL,68,58,210,490.0,102900.0,2026-04-15,186362339,459,Elite Stock House Limited,Naasa Securities Co. Ltd.,2026-04-15 12:14:17.805154,Kamana Sewa Bikas Bank Limited
2026041503002055,KSBBL,68,57,20,490.0,9800.0,2026-04-15,186362341,459,Elite Stock House Limited,Aryatara Investment & Securities,2026-04-15 12:14:17.805265,Kamana Sewa Bikas Bank Limited
2026041503002084,KSBBL,68,58,29,490.0,14210.0,2026-04-15,186363057,459,Elite Stock House Limited,Naasa Securities Co. Ltd.,2026-04-15 12:14:58.745674,Kamana Sewa Bikas Bank Limited
2026041503002102,KSBBL,68,66,741,490.0,363090.0,2026-04-15,186363934,459,Elite Stock House Limited,Miyo Securities Pvt Ltd,2026-04-15 12:15:30.662416,Kamana Sewa Bikas Bank Limited
2026041503002103,KSBBL,49,66,200,488.0,97600.0,2026-04-15,186363936,459,Online Securities Pvt. Ltd.,Miyo Securities Pvt Ltd,2026-04-15 12:15:30.662472,Kamana Sewa Bikas Bank Limited
2026041503002104,KSBBL,41,66,25,488.0,12200.0,2026-04-15,186363938,459,Linch Stock Market Ltd.,Miyo Securities Pvt Ltd,2026-04-15 12:15:30.662495,Kamana Sewa Bikas Bank Limited
2026041503002105,KSBBL,25,66,2000,488.0,976000.0,2026-04-15,186363940,459,Sweta Securities Private Limited,Miyo Securities Pvt Ltd,2026-04-15 12:15:30.662515,Kamana Sewa Bikas Bank Limited
2026041503002106,KSBBL,34,66,2000,488.0,976000.0,2026-04-15,186363941,459,Vision Securities Pvt. Ltd,Miyo Securities Pvt Ltd,2026-04-15 12:15:30.662534,Kamana Sewa Bikas Bank Limited
2026041503002160,KSBBL,58,18,10,492.0,4920.0,2026-04-15,186366610,459,Naasa Securities Co. Ltd.,Sagarmatha Securities Private Limited,2026-04-15 12:16:41.342272,Kamana Sewa Bikas Bank Limited
2026041503002244,KSBBL,58,59,10,493.0,4930.0,2026-04-15,186370118,459,Naasa Securities Co. Ltd.,Deevyaa Securities & Stock House Pvt. Ltd,2026-04-15 12:18:35.459913,Kamana Sewa Bikas Bank Limited
2026041503002383,KSBBL,100,65,40,488.1,19524.0,2026-04-15,186374472,459,Sunrise Securities Limited,Sharepro Securities Private Limited,2026-04-15 12:22:02.898643,Kamana Sewa Bikas Bank Limited
2026041503002384,KSBBL,1,65,500,488.0,244000.0,2026-04-15,186374474,459,Kumari Securities Private Limited,Sharepro Securities Private Limited,2026-04-15 12:22:02.898739,Kamana Sewa Bikas Bank Limited
2026041503002385,KSBBL,50,65,14,488.0,6832.0,2026-04-15,186374476,459,Cristal Kanchanjanga Securites Pvt. Ltd.,Sharepro Securities Private Limited,2026-04-15 12:22:02.898766,Kamana Sewa Bikas Bank Limited
2026041503002386,KSBBL,64,65,382,487.9,186377.8,2026-04-15,186374478,459,SUN SECURITIES PVT LTD,Sharepro Securities Private Limited,2026-04-15 12:22:02.898788,Kamana Sewa Bikas Bank Limited
2026041503002387,KSBBL,28,65,30,487.7,14631.0,2026-04-15,186374480,459,Shree Krishna Securities Ltd.,Sharepro Securities Private Limited,2026-04-15 12:22:02.898811,Kamana Sewa Bikas Bank Limited
2026041503002388,KSBBL,57,65,500,487.6,243800.0,2026-04-15,186374482,459,Aryatara Investment & Securities,Sharepro Securities Private Limited,2026-04-15 12:22:02.898840,Kamana Sewa Bikas Bank Limited
2026041503002389,KSBBL,45,65,5000,487.6,2438000.0,2026-04-15,186374484,459,Imperial Securities Company Pvt. Ltd.,Sharepro Securities Private Limited,2026-04-15 12:22:02.898893,Kamana Sewa Bikas Bank Limited
2026041503002390,KSBBL,6,65,534,487.5,260325.0,2026-04-15,186374485,459,Agrawal Securities (PVT) Ltd.,Sharepro Securities Private Limited,2026-04-15 12:22:02.898914,Kamana Sewa Bikas Bank Limited
2026041503002437,KSBBL,35,56,300,492.9,147870.0,2026-04-15,186375633,459,Kohinoor Investment & Securities Pvt. Ltd.,Sri Hari Securities Pvt. Ltd.,2026-04-15 12:22:56.715580,Kamana Sewa Bikas Bank Limited
2026041503002438,KSBBL,35,59,90,493.0,44370.0,2026-04-15,186375635,459,Kohinoor Investment & Securities Pvt. Ltd.,Deevyaa Securities & Stock House Pvt. Ltd,2026-04-15 12:22:56.715620,Kamana Sewa Bikas Bank Limited
2026041503002439,KSBBL,35,58,46,493.0,22678.0,2026-04-15,186375637,459,Kohinoor Investment & Securities Pvt. Ltd.,Naasa Securities Co. Ltd.,2026-04-15 12:22:56.715646,Kamana Sewa Bikas Bank Limited
2026041503002440,KSBBL,35,4,1000,493.0,493000.0,2026-04-15,186375639,459,Kohinoor Investment & Securities Pvt. Ltd.,Opal Securities Investment (PVT) Ltd.,2026-04-15 12:22:56.715676,Kamana Sewa Bikas Bank Limited
2026041503002441,KSBBL,35,77,20,493.0,9860.0,2026-04-15,186375641,459,Kohinoor Investment & Securities Pvt. Ltd.,Nabil Stock Dealer Ltd.,2026-04-15 12:22:56.715705,Kamana Sewa Bikas Bank Limited
2026041503002442,KSBBL,35,34,465,493.7,229570.5,2026-04-15,186375643,459,Kohinoor Investment & Securities Pvt. Ltd.,Vision Securities Pvt. Ltd,2026-04-15 12:22:56.715726,Kamana Sewa Bikas Bank Limited
2026041503002443,KSBBL,35,41,79,494.0,39026.0,2026-04-15,186375646,459,Kohinoor Investment & Securities Pvt. Ltd.,Linch Stock Market Ltd.,2026-04-15 12:22:56.715753,Kamana Sewa Bikas Bank Limited
2026041503002722,KSBBL,33,66,3590,489.0,1755510.0,2026-04-15,186382595,459,Dakshinkali Investment & Securities Pvt. Ltd.,Miyo Securities Pvt Ltd,2026-04-15 12:28:36.899051,Kamana Sewa Bikas Bank Limited
2026041503002738,KSBBL,33,17,275,489.0,134475.0,2026-04-15,186383141,459,Dakshinkali Investment & Securities Pvt. Ltd.,ABC Securities Private Limited,2026-04-15 12:29:03.808618,Kamana Sewa Bikas Bank Limited
2026041503002746,KSBBL,33,65,6000,489.0,2934000.0,2026-04-15,186383285,459,Dakshinkali Investment & Securities Pvt. Ltd.,Sharepro Securities Private Limited,2026-04-15 12:29:13.685405,Kamana Sewa Bikas Bank Limited
2026041503002759,KSBBL,17,57,10,493.9,4939.0,2026-04-15,186383598,459,ABC Securities Private Limited,Aryatara Investment & Securities,2026-04-15 12:29:32.233767,Kamana Sewa Bikas Bank Limited
2026041503002855,KSBBL,45,56,140,493.8,69132.0,2026-04-15,186387046,459,Imperial Securities Company Pvt. Ltd.,Sri Hari Securities Pvt. Ltd.,2026-04-15 12:32:36.797621,Kamana Sewa Bikas Bank Limited
2026041503003000,KSBBL,81,56,20,493.8,9876.0,2026-04-15,186390780,459,Aakashbhairab Securities Ltd.,Sri Hari Securities Pvt. Ltd.,2026-04-15 12:35:39.070777,Kamana Sewa Bikas Bank Limited
2026041503003005,KSBBL,45,49,1,484.2,484.2,2026-04-15,186390961,459,Imperial Securities Company Pvt. Ltd.,Online Securities Pvt. Ltd.,2026-04-15 12:35:50.945096,Kamana Sewa Bikas Bank Limited
2026041503003006,KSBBL,81,56,40,493.8,19752.0,2026-04-15,186391005,459,Aakashbhairab Securities Ltd.,Sri Hari Securities Pvt. Ltd.,2026-04-15 12:35:53.116640,Kamana Sewa Bikas Bank Limited
2026041503003105,KSBBL,81,57,156,493.9,77048.4,2026-04-15,186392908,459,Aakashbhairab Securities Ltd.,Aryatara Investment & Securities,2026-04-15 12:37:12.906449,Kamana Sewa Bikas Bank Limited
2026041503003200,KSBBL,52,25,190,493.5,93765.0,2026-04-15,186394796,459,Sundhara Securities Limited,Sweta Securities Private Limited,2026-04-15 12:38:57.613500,Kamana Sewa Bikas Bank Limited
2026041503003223,KSBBL,58,51,1,485.0,485.0,2026-04-15,186395389,459,Naasa Securities Co. Ltd.,Oxford Securities Pvt. Ltd.,2026-04-15 12:39:32.926700,Kamana Sewa Bikas Bank Limited
2026041503003239,KSBBL,52,25,10,493.5,4935.0,2026-04-15,186395798,459,Sundhara Securities Limited,Sweta Securities Private Limited,2026-04-15 12:39:59.751802,Kamana Sewa Bikas Bank Limited
2026041503003403,KSBBL,68,52,150,493.5,74025.0,2026-04-15,186398727,459,Elite Stock House Limited,Sundhara Securities Limited,2026-04-15 12:42:37.395323,Kamana Sewa Bikas Bank Limited
2026041503003404,KSBBL,68,57,334,493.9,164962.6,2026-04-15,186398729,459,Elite Stock House Limited,Aryatara Investment & Securities,2026-04-15 12:42:37.395546,Kamana Sewa Bikas Bank Limited
2026041503003405,KSBBL,68,17,516,493.9,254852.4,2026-04-15,186398732,459,Elite Stock House Limited,ABC Securities Private Limited,2026-04-15 12:42:37.395683,Kamana Sewa Bikas Bank Limited
2026041503003443,KSBBL,47,52,10,492.0,4920.0,2026-04-15,186399409,459,Neev Securities Pvt. Ltd.,Sundhara Securities Limited,2026-04-15 12:43:10.619581,Kamana Sewa Bikas Bank Limited
2026041503003495,KSBBL,47,39,190,492.0,93480.0,2026-04-15,186400830,459,Neev Securities Pvt. Ltd.,Sumeru Securities Pvt. Ltd.,2026-04-15 12:44:46.770351,Kamana Sewa Bikas Bank Limited
2026041503003496,KSBBL,57,39,300,491.9,147570.0,2026-04-15,186400832,459,Aryatara Investment & Securities,Sumeru Securities Pvt. Ltd.,2026-04-15 12:44:46.770569,Kamana Sewa Bikas Bank Limited
2026041503003564,KSBBL,33,65,500,490.5,245250.0,2026-04-15,186402716,459,Dakshinkali Investment & Securities Pvt. Ltd.,Sharepro Securities Private Limited,2026-04-15 12:46:44.895665,Kamana Sewa Bikas Bank Limited
2026041503003565,KSBBL,29,65,200,490.2,98040.0,2026-04-15,186402718,459,Trisul Securities & Invt. Ltd.,Sharepro Securities Private Limited,2026-04-15 12:46:44.895755,Kamana Sewa Bikas Bank Limited
2026041503003566,KSBBL,61,65,405,490.2,198531.0,2026-04-15,186402720,459,BHOLE GANESH SECURITIES LTD,Sharepro Securities Private Limited,2026-04-15 12:46:44.895777,Kamana Sewa Bikas Bank Limited
2026041503003567,KSBBL,8,65,1000,490.1,490100.0,2026-04-15,186402722,459,Brilliant Securities Pvt. Ltd.,Sharepro Securities Private Limited,2026-04-15 12:46:44.895798,Kamana Sewa Bikas Bank Limited
2026041503003568,KSBBL,33,65,2895,490.0,1418550.0,2026-04-15,186402723,459,Dakshinkali Investment & Securities Pvt. Ltd.,Sharepro Securities Private Limited,2026-04-15 12:46:44.895822,Kamana Sewa Bikas Bank Limited
2026041503003595,KSBBL,33,58,100,491.0,49100.0,2026-04-15,186403425,459,Dakshinkali Investment & Securities Pvt. Ltd.,Naasa Securities Co. Ltd.,2026-04-15 12:47:26.252836,Kamana Sewa Bikas Bank Limited
2026041503003605,KSBBL,35,39,10,492.9,4929.0,2026-04-15,186403739,459,Kohinoor Investment & Securities Pvt. Ltd.,Sumeru Securities Pvt. Ltd.,2026-04-15 12:47:48.831645,Kamana Sewa Bikas Bank Limited
2026041503003606,KSBBL,35,4,10,492.9,4929.0,2026-04-15,186403742,459,Kohinoor Investment & Securities Pvt. Ltd.,Opal Securities Investment (PVT) Ltd.,2026-04-15 12:47:48.831870,Kamana Sewa Bikas Bank Limited
2026041503003629,KSBBL,50,46,11,492.0,5412.0,2026-04-15,186404513,459,Cristal Kanchanjanga Securites Pvt. Ltd.,Kalika Securities Pvt. Ltd.,2026-04-15 12:48:38.665577,Kamana Sewa Bikas Bank Limited
2026041503003643,KSBBL,35,49,80,493.0,39440.0,2026-04-15,186404612,459,Kohinoor Investment & Securities Pvt. Ltd.,Online Securities Pvt. Ltd.,2026-04-15 12:48:46.337908,Kamana Sewa Bikas Bank Limited
2026041503003646,KSBBL,50,49,489,492.0,240588.0,2026-04-15,186404698,459,Cristal Kanchanjanga Securites Pvt. Ltd.,Online Securities Pvt. Ltd.,2026-04-15 12:48:55.135748,Kamana Sewa Bikas Bank Limited
2026041503003673,KSBBL,33,65,24900,491.0,12225900.0,2026-04-15,186405780,459,Dakshinkali Investment & Securities Pvt. Ltd.,Sharepro Securities Private Limited,2026-04-15 12:50:01.800855,Kamana Sewa Bikas Bank Limited
2026041503003674,KSBBL,33,65,100,490.0,49000.0,2026-04-15,186405781,459,Dakshinkali Investment & Securities Pvt. Ltd.,Sharepro Securities Private Limited,2026-04-15 12:50:01.800928,Kamana Sewa Bikas Bank Limited
2026041503003749,KSBBL,21,7,200,491.0,98200.0,2026-04-15,186408511,459,Midas Stock Broking Company Private Limited,J.F. Securites (PVT) Ltd.,2026-04-15 12:52:53.304065,Kamana Sewa Bikas Bank Limited
2026041503003867,KSBBL,34,90,117,491.4,57493.8,2026-04-15,186412383,459,Vision Securities Pvt. Ltd,Sajilo Broker Limited,2026-04-15 12:56:42.988957,Kamana Sewa Bikas Bank Limited
2026041503003874,KSBBL,34,49,883,491.4,433906.2,2026-04-15,186412570,459,Vision Securities Pvt. Ltd,Online Securities Pvt. Ltd.,2026-04-15 12:56:53.640150,Kamana Sewa Bikas Bank Limited
2026041503003954,KSBBL,4,57,90,492.0,44280.0,2026-04-15,186414829,459,Opal Securities Investment (PVT) Ltd.,Aryatara Investment & Securities,2026-04-15 12:59:08.148221,Kamana Sewa Bikas Bank Limited
2026041503004116,KSBBL,47,51,72,492.1,35431.2,2026-04-15,186418001,459,Neev Securities Pvt. Ltd.,Oxford Securities Pvt. Ltd.,2026-04-15 13:02:47.129956,Kamana Sewa Bikas Bank Limited
2026041503004278,KSBBL,47,44,228,492.1,112198.8,2026-04-15,186421610,459,Neev Securities Pvt. Ltd.,Dynamic Money Managers Securities Pvt. Ltd.,2026-04-15 13:06:27.550275,Kamana Sewa Bikas Bank Limited
2026041503004279,KSBBL,4,44,410,492.0,201720.0,2026-04-15,186421612,459,Opal Securities Investment (PVT) Ltd.,Dynamic Money Managers Securities Pvt. Ltd.,2026-04-15 13:06:27.550400,Kamana Sewa Bikas Bank Limited
2026041503004354,KSBBL,14,44,50,492.0,24600.0,2026-04-15,186423050,459,Nepal Stock House (PVT) Ltd.,Dynamic Money Managers Securities Pvt. Ltd.,2026-04-15 13:07:58.791888,Kamana Sewa Bikas Bank Limited
2026041503004412,KSBBL,21,44,76,492.0,37392.0,2026-04-15,186424077,459,Midas Stock Broking Company Private Limited,Dynamic Money Managers Securities Pvt. Ltd.,2026-04-15 13:09:00.095705,Kamana Sewa Bikas Bank Limited
2026041503004413,KSBBL,21,49,724,493.0,356932.0,2026-04-15,186424080,459,Midas Stock Broking Company Private Limited,Online Securities Pvt. Ltd.,2026-04-15 13:09:00.095820,Kamana Sewa Bikas Bank Limited
2026041503004454,KSBBL,21,58,10,492.0,4920.0,2026-04-15,186425035,459,Midas Stock Broking Company Private Limited,Naasa Securities Co. Ltd.,2026-04-15 13:09:57.986467,Kamana Sewa Bikas Bank Limited
2026041503004455,KSBBL,21,49,316,493.0,155788.0,2026-04-15,186425037,459,Midas Stock Broking Company Private Limited,Online Securities Pvt. Ltd.,2026-04-15 13:09:57.986591,Kamana Sewa Bikas Bank Limited
2026041503004456,KSBBL,21,4,10,493.0,4930.0,2026-04-15,186425039,459,Midas Stock Broking Company Private Limited,Opal Securities Investment (PVT) Ltd.,2026-04-15 13:09:57.986641,Kamana Sewa Bikas Bank Limited
2026041503004457,KSBBL,21,32,164,493.0,80852.0,2026-04-15,186425042,459,Midas Stock Broking Company Private Limited,Premier Securities Company Ltd.,2026-04-15 13:09:57.986687,Kamana Sewa Bikas Bank Limited
2026041503004804,KSBBL,4,32,200,493.0,98600.0,2026-04-15,186431561,459,Opal Securities Investment (PVT) Ltd.,Premier Securities Company Ltd.,2026-04-15 13:17:09.853450,Kamana Sewa Bikas Bank Limited
2026041503004805,KSBBL,4,42,245,493.0,120785.0,2026-04-15,186431563,459,Opal Securities Investment (PVT) Ltd.,Sani Securities Company Ltd.,2026-04-15 13:17:09.853626,Kamana Sewa Bikas Bank Limited
2026041503004806,KSBBL,4,57,500,493.0,246500.0,2026-04-15,186431565,459,Opal Securities Investment (PVT) Ltd.,Aryatara Investment & Securities,2026-04-15 13:17:09.853679,Kamana Sewa Bikas Bank Limited
2026041503004981,KSBBL,4,10,57,493.0,28101.0,2026-04-15,186435752,459,Opal Securities Investment (PVT) Ltd.,Pragyan Securities (PVT) Ltd.,2026-04-15 13:22:28.555835,Kamana Sewa Bikas Bank Limited
2026041503004982,KSBBL,4,10,943,493.0,464899.0,2026-04-15,186435753,459,Opal Securities Investment (PVT) Ltd.,Pragyan Securities (PVT) Ltd.,2026-04-15 13:22:28.556127,Kamana Sewa Bikas Bank Limited
2026041503005056,KSBBL,4,7,40,493.0,19720.0,2026-04-15,186436851,459,Opal Securities Investment (PVT) Ltd.,J.F. Securites (PVT) Ltd.,2026-04-15 13:23:51.044519,Kamana Sewa Bikas Bank Limited
2026041503005110,KSBBL,4,42,17,493.0,8381.0,2026-04-15,186438028,459,Opal Securities Investment (PVT) Ltd.,Sani Securities Company Ltd.,2026-04-15 13:25:27.059109,Kamana Sewa Bikas Bank Limited
2026041503005117,KSBBL,21,48,300,492.0,147600.0,2026-04-15,186438249,459,Midas Stock Broking Company Private Limited,Trishakti Securities Public Limited,2026-04-15 13:25:44.967860,Kamana Sewa Bikas Bank Limited
2026041503005195,KSBBL,58,65,200,491.2,98240.0,2026-04-15,186440128,459,Naasa Securities Co. Ltd.,Sharepro Securities Private Limited,2026-04-15 13:27:59.188292,Kamana Sewa Bikas Bank Limited
2026041503005196,KSBBL,18,65,80,491.1,39288.0,2026-04-15,186440130,459,Sagarmatha Securities Private Limited,Sharepro Securities Private Limited,2026-04-15 13:27:59.188395,Kamana Sewa Bikas Bank Limited
2026041503005197,KSBBL,44,65,9720,491.0,4772520.0,2026-04-15,186440131,459,Dynamic Money Managers Securities Pvt. Ltd.,Sharepro Securities Private Limited,2026-04-15 13:27:59.188463,Kamana Sewa Bikas Bank Limited
2026041503005230,KSBBL,49,49,200,490.1,98020.0,2026-04-15,186440660,459,Online Securities Pvt. Ltd.,Online Securities Pvt. Ltd.,2026-04-15 13:28:29.285109,Kamana Sewa Bikas Bank Limited
2026041503005231,KSBBL,33,49,2422,490.0,1186780.0,2026-04-15,186440661,459,Dakshinkali Investment & Securities Pvt. Ltd.,Online Securities Pvt. Ltd.,2026-04-15 13:28:29.285260,Kamana Sewa Bikas Bank Limited
2026041503005835,KSBBL,14,5,100,490.1,49010.0,2026-04-15,186453780,459,Nepal Stock House (PVT) Ltd.,Market Securities & Exchange (PVT) Ltd.,2026-04-15 13:46:15.031200,Kamana Sewa Bikas Bank Limited
2026041503005836,KSBBL,33,5,200,490.0,98000.0,2026-04-15,186453781,459,Dakshinkali Investment & Securities Pvt. Ltd.,Market Securities & Exchange (PVT) Ltd.,2026-04-15 13:46:15.031271,Kamana Sewa Bikas Bank Limited
2026041503005853,KSBBL,33,57,122,490.0,59780.0,2026-04-15,186454295,459,Dakshinkali Investment & Securities Pvt. Ltd.,Aryatara Investment & Securities,2026-04-15 13:46:41.432974,Kamana Sewa Bikas Bank Limited
2026041503005877,KSBBL,33,88,350,490.0,171500.0,2026-04-15,186455057,459,Dakshinkali Investment & Securities Pvt. Ltd.,Blue Chip Securities Ltd,2026-04-15 13:47:43.188191,Kamana Sewa Bikas Bank Limited
2026041503005948,KSBBL,34,41,10,492.0,4920.0,2026-04-15,186455958,459,Vision Securities Pvt. Ltd,Linch Stock Market Ltd.,2026-04-15 13:48:52.286759,Kamana Sewa Bikas Bank Limited
2026041503006067,KSBBL,25,46,100,491.1,49110.0,2026-04-15,186458546,459,Sweta Securities Private Limited,Kalika Securities Pvt. Ltd.,2026-04-15 13:51:41.988995,Kamana Sewa Bikas Bank Limited
2026041503006133,KSBBL,45,46,128,491.1,62860.8,2026-04-15,186460288,459,Imperial Securities Company Pvt. Ltd.,Kalika Securities Pvt. Ltd.,2026-04-15 13:53:33.346893,Kamana Sewa Bikas Bank Limited
2026041503006240,KSBBL,16,65,21,491.1,10313.1,2026-04-15,186462600,459,Primo Securities (PVT) Ltd.,Sharepro Securities Private Limited,2026-04-15 13:56:42.109022,Kamana Sewa Bikas Bank Limited
2026041503006241,KSBBL,44,65,24979,491.0,12264689.0,2026-04-15,186462601,459,Dynamic Money Managers Securities Pvt. Ltd.,Sharepro Securities Private Limited,2026-04-15 13:56:42.109172,Kamana Sewa Bikas Bank Limited
2026041503006279,KSBBL,44,25,21,491.0,10311.0,2026-04-15,186463989,459,Dynamic Money Managers Securities Pvt. Ltd.,Sweta Securities Private Limited,2026-04-15 13:58:41.260808,Kamana Sewa Bikas Bank Limited
2026041503006286,KSBBL,33,44,2000,490.0,980000.0,2026-04-15,186464129,459,Dakshinkali Investment & Securities Pvt. Ltd.,Dynamic Money Managers Securities Pvt. Ltd.,2026-04-15 13:58:53.776086,Kamana Sewa Bikas Bank Limited
2026041503006324,KSBBL,56,58,40,490.1,19604.0,2026-04-15,186465011,459,Sri Hari Securities Pvt. Ltd.,Naasa Securities Co. Ltd.,2026-04-15 14:00:18.773547,Kamana Sewa Bikas Bank Limited
2026041503006400,KSBBL,3,41,370,492.0,182040.0,2026-04-15,186466578,459,Arun Securities (PVT) Ltd.,Linch Stock Market Ltd.,2026-04-15 14:02:59.888246,Kamana Sewa Bikas Bank Limited
2026041503006427,KSBBL,6,41,341,492.0,167772.0,2026-04-15,186467377,459,Agrawal Securities (PVT) Ltd.,Linch Stock Market Ltd.,2026-04-15 14:04:15.788009,Kamana Sewa Bikas Bank Limited
2026041503006428,KSBBL,6,5,159,492.0,78228.0,2026-04-15,186467380,459,Agrawal Securities (PVT) Ltd.,Market Securities & Exchange (PVT) Ltd.,2026-04-15 14:04:15.788215,Kamana Sewa Bikas Bank Limited
2026041503006613,KSBBL,11,5,135,492.0,66420.0,2026-04-15,186470012,459,Malla & Malla Stock Broking Company Pvt. Limited,Market Securities & Exchange (PVT) Ltd.,2026-04-15 14:08:44.059377,Kamana Sewa Bikas Bank Limited
2026041503006720,KSBBL,14,29,100,492.0,49200.0,2026-04-15,186471867,459,Nepal Stock House (PVT) Ltd.,Trisul Securities & Invt. Ltd.,2026-04-15 14:11:44.842757,Kamana Sewa Bikas Bank Limited
2026041503006721,KSBBL,14,14,56,493.0,27608.0,2026-04-15,186471869,459,Nepal Stock House (PVT) Ltd.,Nepal Stock House (PVT) Ltd.,2026-04-15 14:11:44.843020,Kamana Sewa Bikas Bank Limited
2026041503006722,KSBBL,14,42,15,493.6,7404.0,2026-04-15,186471871,459,Nepal Stock House (PVT) Ltd.,Sani Securities Company Ltd.,2026-04-15 14:11:44.843206,Kamana Sewa Bikas Bank Limited
2026041503006723,KSBBL,14,66,210,493.7,103677.0,2026-04-15,186471873,459,Nepal Stock House (PVT) Ltd.,Miyo Securities Pvt Ltd,2026-04-15 14:11:44.843368,Kamana Sewa Bikas Bank Limited
2026041503006724,KSBBL,14,17,319,493.9,157554.1,2026-04-15,186471876,459,Nepal Stock House (PVT) Ltd.,ABC Securities Private Limited,2026-04-15 14:11:44.843531,Kamana Sewa Bikas Bank Limited
2026041503007207,KSBBL,42,69,40,490.2,19608.0,2026-04-15,186482270,459,Sani Securities Company Ltd.,INDEX SECURITIES LIMITED,2026-04-15 14:24:10.749383,Kamana Sewa Bikas Bank Limited
2026041503007208,KSBBL,58,69,153,490.1,74985.3,2026-04-15,186482272,459,Naasa Securities Co. Ltd.,INDEX SECURITIES LIMITED,2026-04-15 14:24:10.749661,Kamana Sewa Bikas Bank Limited
2026041503007209,KSBBL,33,69,712,490.0,348880.0,2026-04-15,186482273,459,Dakshinkali Investment & Securities Pvt. Ltd.,INDEX SECURITIES LIMITED,2026-04-15 14:24:10.749844,Kamana Sewa Bikas Bank Limited
2026041503007313,KSBBL,33,16,500,490.0,245000.0,2026-04-15,186483763,459,Dakshinkali Investment & Securities Pvt. Ltd.,Primo Securities (PVT) Ltd.,2026-04-15 14:25:25.594659,Kamana Sewa Bikas Bank Limited
2026041503007687,KSBBL,62,4,150,490.1,73515.0,2026-04-15,186489552,459,Capital Max Securities Ltd,Opal Securities Investment (PVT) Ltd.,2026-04-15 14:30:20.293892,Kamana Sewa Bikas Bank Limited
2026041503007688,KSBBL,33,4,699,490.0,342510.0,2026-04-15,186489554,459,Dakshinkali Investment & Securities Pvt. Ltd.,Opal Securities Investment (PVT) Ltd.,2026-04-15 14:30:20.294078,Kamana Sewa Bikas Bank Limited
2026041503007689,KSBBL,34,4,14,490.0,6860.0,2026-04-15,186489556,459,Vision Securities Pvt. Ltd,Opal Securities Investment (PVT) Ltd.,2026-04-15 14:30:20.294144,Kamana Sewa Bikas Bank Limited
2026041503007690,KSBBL,58,4,10,490.0,4900.0,2026-04-15,186489558,459,Naasa Securities Co. Ltd.,Opal Securities Investment (PVT) Ltd.,2026-04-15 14:30:20.294236,Kamana Sewa Bikas Bank Limited
2026041503007691,KSBBL,58,4,14,490.0,6860.0,2026-04-15,186489560,459,Naasa Securities Co. Ltd.,Opal Securities Investment (PVT) Ltd.,2026-04-15 14:30:20.294294,Kamana Sewa Bikas Bank Limited
2026041503007732,KSBBL,32,4,113,489.2,55279.6,2026-04-15,186490641,459,Premier Securities Company Ltd.,Opal Securities Investment (PVT) Ltd.,2026-04-15 14:31:23.990614,Kamana Sewa Bikas Bank Limited
2026041503007748,KSBBL,21,49,1,480.0,480.0,2026-04-15,186491018,459,Midas Stock Broking Company Private Limited,Online Securities Pvt. Ltd.,2026-04-15 14:31:41.324111,Kamana Sewa Bikas Bank Limited
2026041503007899,KSBBL,42,22,3,491.0,1473.0,2026-04-15,186493805,459,Sani Securities Company Ltd.,Siprabi Securities Pvt. Ltd.,2026-04-15 14:34:17.230644,Kamana Sewa Bikas Bank Limited
2026041503007977,KSBBL,32,49,10,489.2,4892.0,2026-04-15,186495517,459,Premier Securities Company Ltd.,Online Securities Pvt. Ltd.,2026-04-15 14:35:44.781986,Kamana Sewa Bikas Bank Limited
2026041503008345,KSBBL,56,57,61,490.0,29890.0,2026-04-15,186502507,459,Sri Hari Securities Pvt. Ltd.,Aryatara Investment & Securities,2026-04-15 14:43:09.267879,Kamana Sewa Bikas Bank Limited
2026041503008392,KSBBL,56,1,39,490.0,19110.0,2026-04-15,186503968,459,Sri Hari Securities Pvt. Ltd.,Kumari Securities Private Limited,2026-04-15 14:44:19.750181,Kamana Sewa Bikas Bank Limited
2026041503008460,KSBBL,1,89,17,489.3,8318.1,2026-04-15,186506121,459,Kumari Securities Private Limited,Global IME Securities Limited,2026-04-15 14:46:17.474944,Kamana Sewa Bikas Bank Limited
2026041503008483,KSBBL,1,58,15,489.3,7339.5,2026-04-15,186506569,459,Kumari Securities Private Limited,Naasa Securities Co. Ltd.,2026-04-15 14:46:48.032226,Kamana Sewa Bikas Bank Limited
2026041503008577,KSBBL,26,1,211,490.0,103390.0,2026-04-15,186508656,459,Asian Securities Private Ltd.,Kumari Securities Private Limited,2026-04-15 14:48:35.200251,Kamana Sewa Bikas Bank Limited
2026041503008591,KSBBL,4,53,130,490.0,63700.0,2026-04-15,186509301,459,Opal Securities Investment (PVT) Ltd.,Investment Management Nepal Pvt. Ltd.,2026-04-15 14:48:54.770616,Kamana Sewa Bikas Bank Limited
2026041503008674,KSBBL,4,16,70,490.0,34300.0,2026-04-15,186512084,459,Opal Securities Investment (PVT) Ltd.,Primo Securities (PVT) Ltd.,2026-04-15 14:50:36.706390,Kamana Sewa Bikas Bank Limited
2026041503008892,KSBBL,22,33,500,490.0,245000.0,2026-04-15,186515905,459,Siprabi Securities Pvt. Ltd.,Dakshinkali Investment & Securities Pvt. Ltd.,2026-04-15 14:53:30.667655,Kamana Sewa Bikas Bank Limited
2026041503008907,KSBBL,58,33,500,490.0,245000.0,2026-04-15,186516102,459,Naasa Securities Co. Ltd.,Dakshinkali Investment & Securities Pvt. Ltd.,2026-04-15 14:53:42.414200,Kamana Sewa Bikas Bank Limited
2026041503008957,KSBBL,58,33,177,490.0,86730.0,2026-04-15,186516996,459,Naasa Securities Co. Ltd.,Dakshinkali Investment & Securities Pvt. Ltd.,2026-04-15 14:54:25.623394,Kamana Sewa Bikas Bank Limited
2026041503008979,KSBBL,6,17,150,491.0,73650.0,2026-04-15,186517257,459,Agrawal Securities (PVT) Ltd.,ABC Securities Private Limited,2026-04-15 14:54:34.027765,Kamana Sewa Bikas Bank Limited
2026041503008998,KSBBL,6,56,20,491.0,9820.0,2026-04-15,186517567,459,Agrawal Securities (PVT) Ltd.,Sri Hari Securities Pvt. Ltd.,2026-04-15 14:54:47.232661,Kamana Sewa Bikas Bank Limited
2026041503009008,KSBBL,6,21,14,491.0,6874.0,2026-04-15,186517661,459,Agrawal Securities (PVT) Ltd.,Midas Stock Broking Company Private Limited,2026-04-15 14:54:50.224758,Kamana Sewa Bikas Bank Limited
2026041503009058,KSBBL,6,38,136,491.0,66776.0,2026-04-15,186518646,459,Agrawal Securities (PVT) Ltd.,Dipshikha Dhitopatra Karobar Co. Pvt Ltd.,2026-04-15 14:55:21.098519,Kamana Sewa Bikas Bank Limited
2026041503009059,KSBBL,1,38,264,489.3,129175.2,2026-04-15,186518647,459,Kumari Securities Private Limited,Dipshikha Dhitopatra Karobar Co. Pvt Ltd.,2026-04-15 14:55:21.098781,Kamana Sewa Bikas Bank Limited
2026041503009163,KSBBL,46,25,10,490.0,4900.0,2026-04-15,186521300,459,Kalika Securities Pvt. Ltd.,Sweta Securities Private Limited,2026-04-15 14:56:48.607232,Kamana Sewa Bikas Bank Limited
2026041503009164,KSBBL,58,25,40,490.0,19600.0,2026-04-15,186521301,459,Naasa Securities Co. Ltd.,Sweta Securities Private Limited,2026-04-15 14:56:48.607418,Kamana Sewa Bikas Bank Limited
2026041503009274,KSBBL,58,19,460,490.0,225400.0,2026-04-15,186523354,459,Naasa Securities Co. Ltd.,Nepal Investment And Securities Trading Private Limited,2026-04-15 14:57:48.000092,Kamana Sewa Bikas Bank Limited
2026041503009275,KSBBL,45,19,40,490.0,19600.0,2026-04-15,186523355,459,Imperial Securities Company Pvt. Ltd.,Nepal Investment And Securities Trading Private Limited,2026-04-15 14:57:48.000293,Kamana Sewa Bikas Bank Limited
2026041503009288,KSBBL,45,25,43,490.0,21070.0,2026-04-15,186523587,459,Imperial Securities Company Pvt. Ltd.,Sweta Securities Private Limited,2026-04-15 14:57:54.753804,Kamana Sewa Bikas Bank Limited
2026041503009308,KSBBL,1,22,13,491.0,6383.0,2026-04-15,186523911,459,Kumari Securities Private Limited,Siprabi Securities Pvt. Ltd.,2026-04-15 14:58:03.440183,Kamana Sewa Bikas Bank Limited
2026041503009309,KSBBL,1,20,60,491.0,29460.0,2026-04-15,186523913,459,Kumari Securities Private Limited,Sipla Securities Private Limited,2026-04-15 14:58:03.440371,Kamana Sewa Bikas Bank Limited
2026041503009409,KSBBL,1,84,131,491.0,64321.0,2026-04-15,186525700,459,Kumari Securities Private Limited,MILKY WAY SHARE BROKER COMPANY LTD ,2026-04-15 14:58:49.036212,Kamana Sewa Bikas Bank Limited
2026041503009410,KSBBL,45,84,117,490.0,57330.0,2026-04-15,186525702,459,Imperial Securities Company Pvt. Ltd.,MILKY WAY SHARE BROKER COMPANY LTD ,2026-04-15 14:58:49.036376,Kamana Sewa Bikas Bank Limited
2026041503009411,KSBBL,58,84,100,490.0,49000.0,2026-04-15,186525704,459,Naasa Securities Co. Ltd.,MILKY WAY SHARE BROKER COMPANY LTD ,2026-04-15 14:58:49.036440,Kamana Sewa Bikas Bank Limited
2026041503009412,KSBBL,38,84,500,489.5,244750.0,2026-04-15,186525706,459,Dipshikha Dhitopatra Karobar Co. Pvt Ltd.,MILKY WAY SHARE BROKER COMPANY LTD ,2026-04-15 14:58:49.036499,Kamana Sewa Bikas Bank Limited
2026041503009413,KSBBL,32,84,377,489.2,184428.4,2026-04-15,186525708,459,Premier Securities Company Ltd.,MILKY WAY SHARE BROKER COMPANY LTD ,2026-04-15 14:58:49.036560,Kamana Sewa Bikas Bank Limited
2026041503009414,KSBBL,33,84,135,489.0,66015.0,2026-04-15,186525710,459,Dakshinkali Investment & Securities Pvt. Ltd.,MILKY WAY SHARE BROKER COMPANY LTD ,2026-04-15 14:58:49.036620,Kamana Sewa Bikas Bank Limited
2026041503009415,KSBBL,47,84,500,489.0,244500.0,2026-04-15,186525712,459,Neev Securities Pvt. Ltd.,MILKY WAY SHARE BROKER COMPANY LTD ,2026-04-15 14:58:49.036677,Kamana Sewa Bikas Bank Limited
2026041503009416,KSBBL,58,84,100,489.0,48900.0,2026-04-15,186525715,459,Naasa Securities Co. Ltd.,MILKY WAY SHARE BROKER COMPANY LTD ,2026-04-15 14:58:49.036736,Kamana Sewa Bikas Bank Limited
2026041503009520,KSBBL,25,84,40,489.0,19560.0,2026-04-15,186527002,459,Sweta Securities Private Limited,MILKY WAY SHARE BROKER COMPANY LTD ,2026-04-15 14:59:15.117216,Kamana Sewa Bikas Bank Limited
2026041503009543,KSBBL,1,41,200,490.0,98000.0,2026-04-15,186527385,459,Kumari Securities Private Limited,Linch Stock Market Ltd.,2026-04-15 14:59:20.311630,Kamana Sewa Bikas Bank Limited
2026041503009624,KSBBL,44,41,500,490.0,245000.0,2026-04-15,186529233,459,Dynamic Money Managers Securities Pvt. Ltd.,Linch Stock Market Ltd.,2026-04-15 14:59:43.343886,Kamana Sewa Bikas Bank Limited
2026041503009625,KSBBL,44,16,434,492.0,213528.0,2026-04-15,186529235,459,Dynamic Money Managers Securities Pvt. Ltd.,Primo Securities (PVT) Ltd.,2026-04-15 14:59:43.343920,Kamana Sewa Bikas Bank Limited
2026041503009626,KSBBL,44,48,250,493.0,123250.0,2026-04-15,186529237,459,Dynamic Money Managers Securities Pvt. Ltd.,Trishakti Securities Public Limited,2026-04-15 14:59:43.343943,Kamana Sewa Bikas Bank Limited
2026041503009627,KSBBL,44,33,240,493.0,118320.0,2026-04-15,186529239,459,Dynamic Money Managers Securities Pvt. Ltd.,Dakshinkali Investment & Securities Pvt. Ltd.,2026-04-15 14:59:43.343967,Kamana Sewa Bikas Bank Limited
2026041503009628,KSBBL,44,52,300,493.5,148050.0,2026-04-15,186529241,459,Dynamic Money Managers Securities Pvt. Ltd.,Sundhara Securities Limited,2026-04-15 14:59:43.343994,Kamana Sewa Bikas Bank Limited
2026041503009629,KSBBL,44,17,500,493.6,246800.0,2026-04-15,186529243,459,Dynamic Money Managers Securities Pvt. Ltd.,ABC Securities Private Limited,2026-04-15 14:59:43.344021,Kamana Sewa Bikas Bank Limited
2026041503009630,KSBBL,44,57,500,493.7,246850.0,2026-04-15,186529245,459,Dynamic Money Managers Securities Pvt. Ltd.,Aryatara Investment & Securities,2026-04-15 14:59:43.344053,Kamana Sewa Bikas Bank Limited
2026041503009631,KSBBL,44,38,276,493.7,136261.2,2026-04-15,186529248,459,Dynamic Money Managers Securities Pvt. Ltd.,Dipshikha Dhitopatra Karobar Co. Pvt Ltd.,2026-04-15 14:59:43.344077,Kamana Sewa Bikas Bank Limited
2026041503009657,KSBBL,39,84,500,489.5,244750.0,2026-04-15,186529635,459,Sumeru Securities Pvt. Ltd.,MILKY WAY SHARE BROKER COMPANY LTD ,2026-04-15 14:59:49.171245,Kamana Sewa Bikas Bank Limited
2026041503009658,KSBBL,25,84,900,489.0,440100.0,2026-04-15,186529636,459,Sweta Securities Private Limited,MILKY WAY SHARE BROKER COMPANY LTD ,2026-04-15 14:59:49.171374,Kamana Sewa Bikas Bank Limited
2026041503009727,KSBBL,44,38,77,493.7,38014.9,2026-04-15,186530699,459,Dynamic Money Managers Securities Pvt. Ltd.,Dipshikha Dhitopatra Karobar Co. Pvt Ltd.,2026-04-15 14:59:57.444700,Kamana Sewa Bikas Bank Limited
2026041503009728,KSBBL,44,90,100,493.8,49380.0,2026-04-15,186530701,459,Dynamic Money Managers Securities Pvt. Ltd.,Sajilo Broker Limited,2026-04-15 14:59:57.444756,Kamana Sewa Bikas Bank Limited
2026041503009729,KSBBL,44,57,500,493.8,246900.0,2026-04-15,186530703,459,Dynamic Money Managers Securities Pvt. Ltd.,Aryatara Investment & Securities,2026-04-15 14:59:57.444802,Kamana Sewa Bikas Bank Limited
2026041503009730,KSBBL,44,17,871,493.8,430099.8,2026-04-15,186530705,459,Dynamic Money Managers Securities Pvt. Ltd.,ABC Securities Private Limited,2026-04-15 14:59:57.444830,Kamana Sewa Bikas Bank Limited
2026041503009731,KSBBL,44,17,165,493.9,81493.5,2026-04-15,186530707,459,Dynamic Money Managers Securities Pvt. Ltd.,ABC Securities Private Limited,2026-04-15 14:59:57.444878,Kamana Sewa Bikas Bank Limited
2026041503009732,KSBBL,44,56,287,493.9,141749.3,2026-04-15,186530710,459,Dynamic Money Managers Securities Pvt. Ltd.,Sri Hari Securities Pvt. Ltd.,2026-04-15 14:59:57.444912,Kamana Sewa Bikas Bank Limited
