contractId,stockSymbol,buyerMemberId,sellerMemberId,quantity,rate,amount,businessDate,tradeBookId,stockId,buyerBrokerName,sellerBrokerName,transaction_time,securityName
2026041504000516,MEN,6,77,300,602.0,180600.0,2026-04-15,186289632,2913,Agrawal Securities (PVT) Ltd.,Nabil Stock Dealer Ltd.,2026-04-15 11:05:13.726511,Mountain Energy Nepal Limited
2026041504000806,MEN,56,77,10,602.0,6020.0,2026-04-15,186291430,2913,Sri Hari Securities Pvt. Ltd.,Nabil Stock Dealer Ltd.,2026-04-15 11:07:25.175738,Mountain Energy Nepal Limited
2026041504000896,MEN,62,77,24,602.0,14448.0,2026-04-15,186292143,2913,Capital Max Securities Ltd,Nabil Stock Dealer Ltd.,2026-04-15 11:08:06.278841,Mountain Energy Nepal Limited
2026041504000897,MEN,62,44,200,602.0,120400.0,2026-04-15,186292145,2913,Capital Max Securities Ltd,Dynamic Money Managers Securities Pvt. Ltd.,2026-04-15 11:08:06.278929,Mountain Energy Nepal Limited
2026041504000924,MEN,62,14,200,602.0,120400.0,2026-04-15,186292355,2913,Capital Max Securities Ltd,Nepal Stock House (PVT) Ltd.,2026-04-15 11:08:22.693268,Mountain Energy Nepal Limited
2026041504000926,MEN,62,14,276,602.0,166152.0,2026-04-15,186292380,2913,Capital Max Securities Ltd,Nepal Stock House (PVT) Ltd.,2026-04-15 11:08:24.648637,Mountain Energy Nepal Limited
2026041504000969,MEN,49,58,10,595.0,5950.0,2026-04-15,186292616,2913,Online Securities Pvt. Ltd.,Naasa Securities Co. Ltd.,2026-04-15 11:08:42.499429,Mountain Energy Nepal Limited
2026041504000970,MEN,57,58,50,591.2,29560.0,2026-04-15,186292618,2913,Aryatara Investment & Securities,Naasa Securities Co. Ltd.,2026-04-15 11:08:42.499486,Mountain Energy Nepal Limited
2026041504000971,MEN,28,58,36,591.2,21283.2,2026-04-15,186292619,2913,Shree Krishna Securities Ltd.,Naasa Securities Co. Ltd.,2026-04-15 11:08:42.499514,Mountain Energy Nepal Limited
2026041504001235,MEN,14,14,24,602.0,14448.0,2026-04-15,186294761,2913,Nepal Stock House (PVT) Ltd.,Nepal Stock House (PVT) Ltd.,2026-04-15 11:10:51.939357,Mountain Energy Nepal Limited
2026041504001402,MEN,14,1,276,602.0,166152.0,2026-04-15,186295772,2913,Nepal Stock House (PVT) Ltd.,Kumari Securities Private Limited,2026-04-15 11:12:03.956892,Mountain Energy Nepal Limited
2026041504001451,MEN,6,1,75,602.0,45150.0,2026-04-15,186296048,2913,Agrawal Securities (PVT) Ltd.,Kumari Securities Private Limited,2026-04-15 11:12:25.299094,Mountain Energy Nepal Limited
2026041504001536,MEN,45,57,44,601.9,26483.6,2026-04-15,186296707,2913,Imperial Securities Company Pvt. Ltd.,Aryatara Investment & Securities,2026-04-15 11:13:17.268646,Mountain Energy Nepal Limited
2026041504001538,MEN,45,58,16,601.9,9630.4,2026-04-15,186296728,2913,Imperial Securities Company Pvt. Ltd.,Naasa Securities Co. Ltd.,2026-04-15 11:13:19.356862,Mountain Energy Nepal Limited
2026041504001539,MEN,56,58,22,598.0,13156.0,2026-04-15,186296729,2913,Sri Hari Securities Pvt. Ltd.,Naasa Securities Co. Ltd.,2026-04-15 11:13:19.356998,Mountain Energy Nepal Limited
2026041504001844,MEN,65,59,10,601.0,6010.0,2026-04-15,186298666,2913,Sharepro Securities Private Limited,Deevyaa Securities & Stock House Pvt. Ltd,2026-04-15 11:15:51.721374,Mountain Energy Nepal Limited
2026041504001845,MEN,65,44,290,601.9,174551.0,2026-04-15,186298669,2913,Sharepro Securities Private Limited,Dynamic Money Managers Securities Pvt. Ltd.,2026-04-15 11:15:51.721485,Mountain Energy Nepal Limited
2026041504002266,MEN,54,60,50,599.0,29950.0,2026-04-15,186301768,2913,Sewa Securities Pvt. Ltd.,Nagarik Stock Dealer ,2026-04-15 11:19:44.569121,Mountain Energy Nepal Limited
2026041504002267,MEN,49,60,10,599.0,5990.0,2026-04-15,186301770,2913,Online Securities Pvt. Ltd.,Nagarik Stock Dealer ,2026-04-15 11:19:44.569365,Mountain Energy Nepal Limited
2026041504002268,MEN,14,60,72,599.0,43128.0,2026-04-15,186301772,2913,Nepal Stock House (PVT) Ltd.,Nagarik Stock Dealer ,2026-04-15 11:19:44.569510,Mountain Energy Nepal Limited
2026041504002269,MEN,65,60,200,598.4,119680.0,2026-04-15,186301774,2913,Sharepro Securities Private Limited,Nagarik Stock Dealer ,2026-04-15 11:19:44.569652,Mountain Energy Nepal Limited
2026041504002270,MEN,56,60,578,598.3,345817.4,2026-04-15,186301776,2913,Sri Hari Securities Pvt. Ltd.,Nagarik Stock Dealer ,2026-04-15 11:19:44.569811,Mountain Energy Nepal Limited
2026041504002271,MEN,88,60,68,598.0,40664.0,2026-04-15,186301778,2913,Blue Chip Securities Ltd,Nagarik Stock Dealer ,2026-04-15 11:19:44.569950,Mountain Energy Nepal Limited
2026041504002692,MEN,43,22,12,596.2,7154.4,2026-04-15,186305002,2913,South Asian Bulls Pvt. Ltd.,Siprabi Securities Pvt. Ltd.,2026-04-15 11:22:52.776622,Mountain Energy Nepal Limited
2026041504002747,MEN,33,5,15,596.1,8941.5,2026-04-15,186305443,2913,Dakshinkali Investment & Securities Pvt. Ltd.,Market Securities & Exchange (PVT) Ltd.,2026-04-15 11:23:29.401577,Mountain Energy Nepal Limited
2026041504002759,MEN,33,32,14,596.1,8345.4,2026-04-15,186305523,2913,Dakshinkali Investment & Securities Pvt. Ltd.,Premier Securities Company Ltd.,2026-04-15 11:23:35.204654,Mountain Energy Nepal Limited
2026041504002905,MEN,76,60,580,598.0,346840.0,2026-04-15,186306845,2913,Machhapuchchhre Securities Limited,Nagarik Stock Dealer ,2026-04-15 11:24:48.728756,Mountain Energy Nepal Limited
2026041504002974,MEN,76,22,18,598.0,10764.0,2026-04-15,186307625,2913,Machhapuchchhre Securities Limited,Siprabi Securities Pvt. Ltd.,2026-04-15 11:25:30.998640,Mountain Energy Nepal Limited
2026041504003290,MEN,14,7,150,601.5,90225.0,2026-04-15,186310870,2913,Nepal Stock House (PVT) Ltd.,J.F. Securites (PVT) Ltd.,2026-04-15 11:28:50.519926,Mountain Energy Nepal Limited
2026041504003333,MEN,47,22,90,599.0,53910.0,2026-04-15,186311165,2913,Neev Securities Pvt. Ltd.,Siprabi Securities Pvt. Ltd.,2026-04-15 11:29:11.646593,Mountain Energy Nepal Limited
2026041504003467,MEN,87,7,100,601.5,60150.0,2026-04-15,186312276,2913,S.P.S.A. Securities Limited,J.F. Securites (PVT) Ltd.,2026-04-15 11:30:24.637809,Mountain Energy Nepal Limited
2026041504003635,MEN,76,7,250,601.5,150375.0,2026-04-15,186313657,2913,Machhapuchchhre Securities Limited,J.F. Securites (PVT) Ltd.,2026-04-15 11:31:43.790643,Mountain Energy Nepal Limited
2026041504003636,MEN,76,34,100,601.5,60150.0,2026-04-15,186313659,2913,Machhapuchchhre Securities Limited,Vision Securities Pvt. Ltd,2026-04-15 11:31:43.790906,Mountain Energy Nepal Limited
2026041504003637,MEN,76,51,15,601.8,9027.0,2026-04-15,186313661,2913,Machhapuchchhre Securities Limited,Oxford Securities Pvt. Ltd.,2026-04-15 11:31:43.791077,Mountain Energy Nepal Limited
2026041504003638,MEN,76,57,20,601.9,12038.0,2026-04-15,186313663,2913,Machhapuchchhre Securities Limited,Aryatara Investment & Securities,2026-04-15 11:31:43.791240,Mountain Energy Nepal Limited
2026041504003639,MEN,76,38,17,601.9,10232.3,2026-04-15,186313666,2913,Machhapuchchhre Securities Limited,Dipshikha Dhitopatra Karobar Co. Pvt Ltd.,2026-04-15 11:31:43.791431,Mountain Energy Nepal Limited
2026041504003786,MEN,39,38,60,601.9,36114.0,2026-04-15,186315230,2913,Sumeru Securities Pvt. Ltd.,Dipshikha Dhitopatra Karobar Co. Pvt Ltd.,2026-04-15 11:33:14.145621,Mountain Energy Nepal Limited
2026041504004174,MEN,76,38,261,601.9,157095.9,2026-04-15,186317793,2913,Machhapuchchhre Securities Limited,Dipshikha Dhitopatra Karobar Co. Pvt Ltd.,2026-04-15 11:35:45.553239,Mountain Energy Nepal Limited
2026041504004175,MEN,76,1,649,602.0,390698.0,2026-04-15,186317795,2913,Machhapuchchhre Securities Limited,Kumari Securities Private Limited,2026-04-15 11:35:45.553400,Mountain Energy Nepal Limited
2026041504004176,MEN,76,58,20,602.0,12040.0,2026-04-15,186317797,2913,Machhapuchchhre Securities Limited,Naasa Securities Co. Ltd.,2026-04-15 11:35:45.553470,Mountain Energy Nepal Limited
2026041504004177,MEN,76,57,70,602.0,42140.0,2026-04-15,186317800,2913,Machhapuchchhre Securities Limited,Aryatara Investment & Securities,2026-04-15 11:35:45.553531,Mountain Energy Nepal Limited
2026041504004228,MEN,54,57,110,602.0,66220.0,2026-04-15,186318249,2913,Sewa Securities Pvt. Ltd.,Aryatara Investment & Securities,2026-04-15 11:36:11.115591,Mountain Energy Nepal Limited
2026041504004229,MEN,54,45,18,602.0,10836.0,2026-04-15,186318252,2913,Sewa Securities Pvt. Ltd.,Imperial Securities Company Pvt. Ltd.,2026-04-15 11:36:11.115856,Mountain Energy Nepal Limited
2026041504004232,MEN,45,45,15,602.0,9030.0,2026-04-15,186318278,2913,Imperial Securities Company Pvt. Ltd.,Imperial Securities Company Pvt. Ltd.,2026-04-15 11:36:12.364848,Mountain Energy Nepal Limited
2026041504004283,MEN,44,45,267,602.0,160734.0,2026-04-15,186318765,2913,Dynamic Money Managers Securities Pvt. Ltd.,Imperial Securities Company Pvt. Ltd.,2026-04-15 11:36:37.148709,Mountain Energy Nepal Limited
2026041504004284,MEN,44,91,21,602.0,12642.0,2026-04-15,186318767,2913,Dynamic Money Managers Securities Pvt. Ltd.,Citizens Share Broker Limited,2026-04-15 11:36:37.148961,Mountain Energy Nepal Limited
2026041504004285,MEN,44,47,212,602.0,127624.0,2026-04-15,186318770,2913,Dynamic Money Managers Securities Pvt. Ltd.,Neev Securities Pvt. Ltd.,2026-04-15 11:36:37.149136,Mountain Energy Nepal Limited
2026041504004498,MEN,6,62,10,600.1,6001.0,2026-04-15,186320433,2913,Agrawal Securities (PVT) Ltd.,Capital Max Securities Ltd,2026-04-15 11:38:36.209319,Mountain Energy Nepal Limited
2026041504005179,MEN,14,16,200,601.0,120200.0,2026-04-15,186325950,2913,Nepal Stock House (PVT) Ltd.,Primo Securities (PVT) Ltd.,2026-04-15 11:44:24.819622,Mountain Energy Nepal Limited
2026041504005378,MEN,51,42,10,600.2,6002.0,2026-04-15,186327148,2913,Oxford Securities Pvt. Ltd.,Sani Securities Company Ltd.,2026-04-15 11:45:39.446966,Mountain Energy Nepal Limited
2026041504005379,MEN,6,42,40,600.1,24004.0,2026-04-15,186327150,2913,Agrawal Securities (PVT) Ltd.,Sani Securities Company Ltd.,2026-04-15 11:45:39.447166,Mountain Energy Nepal Limited
2026041504005380,MEN,33,42,50,600.0,30000.0,2026-04-15,186327151,2913,Dakshinkali Investment & Securities Pvt. Ltd.,Sani Securities Company Ltd.,2026-04-15 11:45:39.447242,Mountain Energy Nepal Limited
2026041504005774,MEN,6,16,150,601.0,90150.0,2026-04-15,186329794,2913,Agrawal Securities (PVT) Ltd.,Primo Securities (PVT) Ltd.,2026-04-15 11:48:02.664532,Mountain Energy Nepal Limited
2026041504005780,MEN,14,16,50,601.0,30050.0,2026-04-15,186329858,2913,Nepal Stock House (PVT) Ltd.,Primo Securities (PVT) Ltd.,2026-04-15 11:48:04.118729,Mountain Energy Nepal Limited
2026041504006178,MEN,42,16,160,601.0,96160.0,2026-04-15,186332972,2913,Sani Securities Company Ltd.,Primo Securities (PVT) Ltd.,2026-04-15 11:50:13.956002,Mountain Energy Nepal Limited
2026041504006412,MEN,45,45,22,600.5,13211.0,2026-04-15,186335407,2913,Imperial Securities Company Pvt. Ltd.,Imperial Securities Company Pvt. Ltd.,2026-04-15 11:51:21.103960,Mountain Energy Nepal Limited
2026041504006516,MEN,45,16,28,601.0,16828.0,2026-04-15,186336478,2913,Imperial Securities Company Pvt. Ltd.,Primo Securities (PVT) Ltd.,2026-04-15 11:52:12.142826,Mountain Energy Nepal Limited
2026041504006723,MEN,58,16,28,601.0,16828.0,2026-04-15,186338044,2913,Naasa Securities Co. Ltd.,Primo Securities (PVT) Ltd.,2026-04-15 11:53:16.492155,Mountain Energy Nepal Limited
2026041504006811,MEN,53,29,79,600.1,47407.9,2026-04-15,186338603,2913,Investment Management Nepal Pvt. Ltd.,Trisul Securities & Invt. Ltd.,2026-04-15 11:53:46.701591,Mountain Energy Nepal Limited
2026041504006828,MEN,58,16,23,601.0,13823.0,2026-04-15,186338734,2913,Naasa Securities Co. Ltd.,Primo Securities (PVT) Ltd.,2026-04-15 11:53:52.301427,Mountain Energy Nepal Limited
2026041504006952,MEN,3,16,111,601.0,66711.0,2026-04-15,186340133,2913,Arun Securities (PVT) Ltd.,Primo Securities (PVT) Ltd.,2026-04-15 11:54:51.326033,Mountain Energy Nepal Limited
2026041504006953,MEN,3,16,424,601.0,254824.0,2026-04-15,186340136,2913,Arun Securities (PVT) Ltd.,Primo Securities (PVT) Ltd.,2026-04-15 11:54:51.326247,Mountain Energy Nepal Limited
2026041504007063,MEN,53,14,121,600.1,72612.1,2026-04-15,186340868,2913,Investment Management Nepal Pvt. Ltd.,Nepal Stock House (PVT) Ltd.,2026-04-15 11:55:30.285405,Mountain Energy Nepal Limited
2026041504007064,MEN,33,14,71,600.0,42600.0,2026-04-15,186340870,2913,Dakshinkali Investment & Securities Pvt. Ltd.,Nepal Stock House (PVT) Ltd.,2026-04-15 11:55:30.285641,Mountain Energy Nepal Limited
2026041504007065,MEN,49,14,500,600.0,300000.0,2026-04-15,186340872,2913,Online Securities Pvt. Ltd.,Nepal Stock House (PVT) Ltd.,2026-04-15 11:55:30.285717,Mountain Energy Nepal Limited
2026041504007066,MEN,76,14,1000,600.0,600000.0,2026-04-15,186340874,2913,Machhapuchchhre Securities Limited,Nepal Stock House (PVT) Ltd.,2026-04-15 11:55:30.285787,Mountain Energy Nepal Limited
2026041504007067,MEN,62,14,500,600.0,300000.0,2026-04-15,186340876,2913,Capital Max Securities Ltd,Nepal Stock House (PVT) Ltd.,2026-04-15 11:55:30.285865,Mountain Energy Nepal Limited
2026041504007068,MEN,58,14,70,600.0,42000.0,2026-04-15,186340877,2913,Naasa Securities Co. Ltd.,Nepal Stock House (PVT) Ltd.,2026-04-15 11:55:30.285934,Mountain Energy Nepal Limited
2026041504007300,MEN,4,16,326,601.0,195926.0,2026-04-15,186342607,2913,Opal Securities Investment (PVT) Ltd.,Primo Securities (PVT) Ltd.,2026-04-15 11:56:51.315863,Mountain Energy Nepal Limited
2026041504007301,MEN,4,16,171,601.0,102771.0,2026-04-15,186342610,2913,Opal Securities Investment (PVT) Ltd.,Primo Securities (PVT) Ltd.,2026-04-15 11:56:51.316056,Mountain Energy Nepal Limited
2026041504007418,MEN,65,16,50,601.0,30050.0,2026-04-15,186343096,2913,Sharepro Securities Private Limited,Primo Securities (PVT) Ltd.,2026-04-15 11:57:09.291944,Mountain Energy Nepal Limited
2026041504007780,MEN,32,3,15,600.1,9001.5,2026-04-15,186345515,2913,Premier Securities Company Ltd.,Arun Securities (PVT) Ltd.,2026-04-15 11:58:52.332876,Mountain Energy Nepal Limited
2026041504008017,MEN,58,16,300,601.0,180300.0,2026-04-15,186347382,2913,Naasa Securities Co. Ltd.,Primo Securities (PVT) Ltd.,2026-04-15 12:00:09.991337,Mountain Energy Nepal Limited
2026041504008068,MEN,57,16,90,601.0,54090.0,2026-04-15,186347770,2913,Aryatara Investment & Securities,Primo Securities (PVT) Ltd.,2026-04-15 12:00:32.951195,Mountain Energy Nepal Limited
2026041504008499,MEN,75,46,200,600.2,120040.0,2026-04-15,186350022,2913,N.I.M.B. Stock Markets Limited,Kalika Securities Pvt. Ltd.,2026-04-15 12:02:31.317310,Mountain Energy Nepal Limited
2026041504008500,MEN,32,46,51,600.1,30605.1,2026-04-15,186350025,2913,Premier Securities Company Ltd.,Kalika Securities Pvt. Ltd.,2026-04-15 12:02:31.317510,Mountain Energy Nepal Limited
2026041504008501,MEN,58,46,300,600.1,180030.0,2026-04-15,186350028,2913,Naasa Securities Co. Ltd.,Kalika Securities Pvt. Ltd.,2026-04-15 12:02:31.317588,Mountain Energy Nepal Limited
2026041504008502,MEN,58,46,249,600.0,149400.0,2026-04-15,186350029,2913,Naasa Securities Co. Ltd.,Kalika Securities Pvt. Ltd.,2026-04-15 12:02:31.317659,Mountain Energy Nepal Limited
2026041504008529,MEN,58,32,79,600.0,47400.0,2026-04-15,186350208,2913,Naasa Securities Co. Ltd.,Premier Securities Company Ltd.,2026-04-15 12:02:41.486022,Mountain Energy Nepal Limited
2026041504008651,MEN,38,66,2,588.1,1176.2,2026-04-15,186350985,2913,Dipshikha Dhitopatra Karobar Co. Pvt Ltd.,Miyo Securities Pvt Ltd,2026-04-15 12:03:15.777635,Mountain Energy Nepal Limited
2026041504009656,MEN,47,5,2410,599.0,1443590.0,2026-04-15,186357062,2913,Neev Securities Pvt. Ltd.,Market Securities & Exchange (PVT) Ltd.,2026-04-15 12:09:04.667772,Mountain Energy Nepal Limited
2026041504009657,MEN,82,5,100,599.0,59900.0,2026-04-15,186357064,2913,N.M.B. SECURITIES LIMITED,Market Securities & Exchange (PVT) Ltd.,2026-04-15 12:09:04.668122,Mountain Energy Nepal Limited
2026041504009658,MEN,82,5,100,599.0,59900.0,2026-04-15,186357066,2913,N.M.B. SECURITIES LIMITED,Market Securities & Exchange (PVT) Ltd.,2026-04-15 12:09:04.668390,Mountain Energy Nepal Limited
2026041504009659,MEN,33,5,2390,599.0,1431610.0,2026-04-15,186357067,2913,Dakshinkali Investment & Securities Pvt. Ltd.,Market Securities & Exchange (PVT) Ltd.,2026-04-15 12:09:04.668646,Mountain Energy Nepal Limited
2026041504009981,MEN,33,21,70,599.0,41930.0,2026-04-15,186358931,2913,Dakshinkali Investment & Securities Pvt. Ltd.,Midas Stock Broking Company Private Limited,2026-04-15 12:11:14.248229,Mountain Energy Nepal Limited
2026041504010222,MEN,58,38,15,599.0,8985.0,2026-04-15,186360607,2913,Naasa Securities Co. Ltd.,Dipshikha Dhitopatra Karobar Co. Pvt Ltd.,2026-04-15 12:13:09.271131,Mountain Energy Nepal Limited
2026041504010473,MEN,58,26,15,599.0,8985.0,2026-04-15,186362411,2913,Naasa Securities Co. Ltd.,Asian Securities Private Ltd.,2026-04-15 12:14:22.251751,Mountain Energy Nepal Limited
2026041504010581,MEN,1,32,73,600.0,43800.0,2026-04-15,186363171,2913,Kumari Securities Private Limited,Premier Securities Company Ltd.,2026-04-15 12:15:07.501539,Mountain Energy Nepal Limited
2026041504010582,MEN,1,6,92,600.0,55200.0,2026-04-15,186363173,2913,Kumari Securities Private Limited,Agrawal Securities (PVT) Ltd.,2026-04-15 12:15:07.501748,Mountain Energy Nepal Limited
2026041504010583,MEN,1,58,135,600.0,81000.0,2026-04-15,186363176,2913,Kumari Securities Private Limited,Naasa Securities Co. Ltd.,2026-04-15 12:15:07.501840,Mountain Energy Nepal Limited
2026041504010809,MEN,59,58,20,600.0,12000.0,2026-04-15,186365223,2913,Deevyaa Securities & Stock House Pvt. Ltd,Naasa Securities Co. Ltd.,2026-04-15 12:16:01.150898,Mountain Energy Nepal Limited
2026041504010810,MEN,59,16,139,601.0,83539.0,2026-04-15,186365225,2913,Deevyaa Securities & Stock House Pvt. Ltd,Primo Securities (PVT) Ltd.,2026-04-15 12:16:01.151080,Mountain Energy Nepal Limited
2026041504010811,MEN,59,16,750,601.0,450750.0,2026-04-15,186365227,2913,Deevyaa Securities & Stock House Pvt. Ltd,Primo Securities (PVT) Ltd.,2026-04-15 12:16:01.151171,Mountain Energy Nepal Limited
2026041504010812,MEN,59,58,20,601.0,12020.0,2026-04-15,186365229,2913,Deevyaa Securities & Stock House Pvt. Ltd,Naasa Securities Co. Ltd.,2026-04-15 12:16:01.151247,Mountain Energy Nepal Limited
2026041504010813,MEN,59,21,17,601.0,10217.0,2026-04-15,186365231,2913,Deevyaa Securities & Stock House Pvt. Ltd,Midas Stock Broking Company Private Limited,2026-04-15 12:16:01.151345,Mountain Energy Nepal Limited
2026041504010882,MEN,59,5,1000,601.0,601000.0,2026-04-15,186366227,2913,Deevyaa Securities & Stock House Pvt. Ltd,Market Securities & Exchange (PVT) Ltd.,2026-04-15 12:16:31.681011,Mountain Energy Nepal Limited
2026041504010944,MEN,36,47,13,602.0,7826.0,2026-04-15,186367375,2913,Secured Securities Ltd.,Neev Securities Pvt. Ltd.,2026-04-15 12:16:59.629121,Mountain Energy Nepal Limited
2026041504010945,MEN,36,49,272,602.0,163744.0,2026-04-15,186367378,2913,Secured Securities Ltd.,Online Securities Pvt. Ltd.,2026-04-15 12:16:59.629341,Mountain Energy Nepal Limited
2026041504011600,MEN,50,49,228,602.0,137256.0,2026-04-15,186372547,2913,Cristal Kanchanjanga Securites Pvt. Ltd.,Online Securities Pvt. Ltd.,2026-04-15 12:20:44.328381,Mountain Energy Nepal Limited
2026041504011601,MEN,50,59,272,602.0,163744.0,2026-04-15,186372550,2913,Cristal Kanchanjanga Securites Pvt. Ltd.,Deevyaa Securities & Stock House Pvt. Ltd,2026-04-15 12:20:44.328776,Mountain Energy Nepal Limited
2026041504012009,MEN,58,59,28,602.0,16856.0,2026-04-15,186375557,2913,Naasa Securities Co. Ltd.,Deevyaa Securities & Stock House Pvt. Ltd,2026-04-15 12:22:54.193278,Mountain Energy Nepal Limited
2026041504012010,MEN,58,45,10,602.0,6020.0,2026-04-15,186375559,2913,Naasa Securities Co. Ltd.,Imperial Securities Company Pvt. Ltd.,2026-04-15 12:22:54.193413,Mountain Energy Nepal Limited
2026041504012011,MEN,58,58,21,602.0,12642.0,2026-04-15,186375561,2913,Naasa Securities Co. Ltd.,Naasa Securities Co. Ltd.,2026-04-15 12:22:54.193488,Mountain Energy Nepal Limited
2026041504012012,MEN,58,49,500,602.5,301250.0,2026-04-15,186375563,2913,Naasa Securities Co. Ltd.,Online Securities Pvt. Ltd.,2026-04-15 12:22:54.193564,Mountain Energy Nepal Limited
2026041504012013,MEN,58,97,60,602.8,36168.0,2026-04-15,186375565,2913,Naasa Securities Co. Ltd.,R.B.B. Securities Company Ltd,2026-04-15 12:22:54.193636,Mountain Energy Nepal Limited
2026041504012014,MEN,58,50,15,602.8,9042.0,2026-04-15,186375567,2913,Naasa Securities Co. Ltd.,Cristal Kanchanjanga Securites Pvt. Ltd.,2026-04-15 12:22:54.193702,Mountain Energy Nepal Limited
2026041504012015,MEN,58,44,300,602.9,180870.0,2026-04-15,186375569,2913,Naasa Securities Co. Ltd.,Dynamic Money Managers Securities Pvt. Ltd.,2026-04-15 12:22:54.193771,Mountain Energy Nepal Limited
2026041504012016,MEN,58,57,13,603.0,7839.0,2026-04-15,186375571,2913,Naasa Securities Co. Ltd.,Aryatara Investment & Securities,2026-04-15 12:22:54.193839,Mountain Energy Nepal Limited
2026041504012017,MEN,58,42,53,603.0,31959.0,2026-04-15,186375574,2913,Naasa Securities Co. Ltd.,Sani Securities Company Ltd.,2026-04-15 12:22:54.193920,Mountain Energy Nepal Limited
2026041504012118,MEN,59,6,54,601.0,32454.0,2026-04-15,186376126,2913,Deevyaa Securities & Stock House Pvt. Ltd,Agrawal Securities (PVT) Ltd.,2026-04-15 12:23:22.790062,Mountain Energy Nepal Limited
2026041504012119,MEN,41,6,100,601.0,60100.0,2026-04-15,186376128,2913,Linch Stock Market Ltd.,Agrawal Securities (PVT) Ltd.,2026-04-15 12:23:22.790246,Mountain Energy Nepal Limited
2026041504012140,MEN,52,44,15,600.0,9000.0,2026-04-15,186376413,2913,Sundhara Securities Limited,Dynamic Money Managers Securities Pvt. Ltd.,2026-04-15 12:23:36.870092,Mountain Energy Nepal Limited
2026041504012506,MEN,52,69,20,600.0,12000.0,2026-04-15,186378814,2913,Sundhara Securities Limited,INDEX SECURITIES LIMITED,2026-04-15 12:25:23.127064,Mountain Energy Nepal Limited
2026041504012559,MEN,50,69,430,600.0,258000.0,2026-04-15,186379269,2913,Cristal Kanchanjanga Securites Pvt. Ltd.,INDEX SECURITIES LIMITED,2026-04-15 12:25:48.103565,Mountain Energy Nepal Limited
2026041504012685,MEN,41,6,446,601.0,268046.0,2026-04-15,186380185,2913,Linch Stock Market Ltd.,Agrawal Securities (PVT) Ltd.,2026-04-15 12:26:30.460545,Mountain Energy Nepal Limited
2026041504012720,MEN,41,45,54,601.0,32454.0,2026-04-15,186380476,2913,Linch Stock Market Ltd.,Imperial Securities Company Pvt. Ltd.,2026-04-15 12:26:43.630365,Mountain Energy Nepal Limited
2026041504012759,MEN,22,45,50,601.0,30050.0,2026-04-15,186380760,2913,Siprabi Securities Pvt. Ltd.,Imperial Securities Company Pvt. Ltd.,2026-04-15 12:27:00.466666,Mountain Energy Nepal Limited
2026041504013304,MEN,65,5,300,599.5,179850.0,2026-04-15,186383758,2913,Sharepro Securities Private Limited,Market Securities & Exchange (PVT) Ltd.,2026-04-15 12:29:45.681374,Mountain Energy Nepal Limited
2026041504013305,MEN,58,5,100,599.4,59940.0,2026-04-15,186383760,2913,Naasa Securities Co. Ltd.,Market Securities & Exchange (PVT) Ltd.,2026-04-15 12:29:45.681635,Mountain Energy Nepal Limited
2026041504013306,MEN,58,5,500,599.3,299650.0,2026-04-15,186383762,2913,Naasa Securities Co. Ltd.,Market Securities & Exchange (PVT) Ltd.,2026-04-15 12:29:45.681716,Mountain Energy Nepal Limited
2026041504013307,MEN,50,5,70,599.3,41951.0,2026-04-15,186383764,2913,Cristal Kanchanjanga Securites Pvt. Ltd.,Market Securities & Exchange (PVT) Ltd.,2026-04-15 12:29:45.681821,Mountain Energy Nepal Limited
2026041504013308,MEN,58,5,1111,599.2,665711.2,2026-04-15,186383766,2913,Naasa Securities Co. Ltd.,Market Securities & Exchange (PVT) Ltd.,2026-04-15 12:29:45.681903,Mountain Energy Nepal Limited
2026041504013309,MEN,60,5,266,599.1,159360.6,2026-04-15,186383767,2913,Nagarik Stock Dealer ,Market Securities & Exchange (PVT) Ltd.,2026-04-15 12:29:45.682023,Mountain Energy Nepal Limited
2026041504013705,MEN,58,45,10,600.0,6000.0,2026-04-15,186386251,2913,Naasa Securities Co. Ltd.,Imperial Securities Company Pvt. Ltd.,2026-04-15 12:31:58.216605,Mountain Energy Nepal Limited
2026041504013706,MEN,58,58,5,600.0,3000.0,2026-04-15,186386253,2913,Naasa Securities Co. Ltd.,Naasa Securities Co. Ltd.,2026-04-15 12:31:58.216873,Mountain Energy Nepal Limited
2026041504013917,MEN,41,22,25,600.0,15000.0,2026-04-15,186388019,2913,Linch Stock Market Ltd.,Siprabi Securities Pvt. Ltd.,2026-04-15 12:33:22.935427,Mountain Energy Nepal Limited
2026041504014365,MEN,65,17,15,601.0,9015.0,2026-04-15,186391229,2913,Sharepro Securities Private Limited,ABC Securities Private Limited,2026-04-15 12:36:08.325395,Mountain Energy Nepal Limited
2026041504014366,MEN,65,22,25,601.0,15025.0,2026-04-15,186391231,2913,Sharepro Securities Private Limited,Siprabi Securities Pvt. Ltd.,2026-04-15 12:36:08.325628,Mountain Energy Nepal Limited
2026041504014367,MEN,65,7,100,601.0,60100.0,2026-04-15,186391233,2913,Sharepro Securities Private Limited,J.F. Securites (PVT) Ltd.,2026-04-15 12:36:08.325708,Mountain Energy Nepal Limited
2026041504014368,MEN,65,36,50,602.0,30100.0,2026-04-15,186391236,2913,Sharepro Securities Private Limited,Secured Securities Ltd.,2026-04-15 12:36:08.325788,Mountain Energy Nepal Limited
2026041504014503,MEN,37,36,50,602.0,30100.0,2026-04-15,186392827,2913,Swarna Laxmi Securities Pvt. Ltd.,Secured Securities Ltd.,2026-04-15 12:37:11.419586,Mountain Energy Nepal Limited
2026041504014504,MEN,37,1,13,602.5,7832.5,2026-04-15,186392829,2913,Swarna Laxmi Securities Pvt. Ltd.,Kumari Securities Private Limited,2026-04-15 12:37:11.419818,Mountain Energy Nepal Limited
2026041504014505,MEN,37,44,300,602.9,180870.0,2026-04-15,186392831,2913,Swarna Laxmi Securities Pvt. Ltd.,Dynamic Money Managers Securities Pvt. Ltd.,2026-04-15 12:37:11.419904,Mountain Energy Nepal Limited
2026041504014506,MEN,37,22,600,602.9,361740.0,2026-04-15,186392833,2913,Swarna Laxmi Securities Pvt. Ltd.,Siprabi Securities Pvt. Ltd.,2026-04-15 12:37:11.419982,Mountain Energy Nepal Limited
2026041504014507,MEN,37,42,37,603.0,22311.0,2026-04-15,186392836,2913,Swarna Laxmi Securities Pvt. Ltd.,Sani Securities Company Ltd.,2026-04-15 12:37:11.420061,Mountain Energy Nepal Limited
2026041504014550,MEN,59,49,249,602.0,149898.0,2026-04-15,186393133,2913,Deevyaa Securities & Stock House Pvt. Ltd,Online Securities Pvt. Ltd.,2026-04-15 12:37:24.406182,Mountain Energy Nepal Limited
2026041504014564,MEN,59,22,25,602.0,15050.0,2026-04-15,186393243,2913,Deevyaa Securities & Stock House Pvt. Ltd,Siprabi Securities Pvt. Ltd.,2026-04-15 12:37:29.925943,Mountain Energy Nepal Limited
2026041504014771,MEN,54,41,2,594.0,1188.0,2026-04-15,186395297,2913,Sewa Securities Pvt. Ltd.,Linch Stock Market Ltd.,2026-04-15 12:39:28.802286,Mountain Energy Nepal Limited
2026041504014854,MEN,58,42,20,603.0,12060.0,2026-04-15,186396260,2913,Naasa Securities Co. Ltd.,Sani Securities Company Ltd.,2026-04-15 12:40:23.767672,Mountain Energy Nepal Limited
2026041504015234,MEN,54,17,3,595.0,1785.0,2026-04-15,186399201,2913,Sewa Securities Pvt. Ltd.,ABC Securities Private Limited,2026-04-15 12:42:57.535018,Mountain Energy Nepal Limited
2026041504015249,MEN,37,56,500,602.1,301050.0,2026-04-15,186399369,2913,Swarna Laxmi Securities Pvt. Ltd.,Sri Hari Securities Pvt. Ltd.,2026-04-15 12:43:07.529373,Mountain Energy Nepal Limited
2026041504015279,MEN,60,11,1000,602.9,602900.0,2026-04-15,186399545,2913,Nagarik Stock Dealer ,Malla & Malla Stock Broking Company Pvt. Limited,2026-04-15 12:43:18.917778,Mountain Energy Nepal Limited
2026041504015296,MEN,60,58,34,602.9,20498.6,2026-04-15,186399610,2913,Nagarik Stock Dealer ,Naasa Securities Co. Ltd.,2026-04-15 12:43:21.353348,Mountain Energy Nepal Limited
2026041504015317,MEN,17,58,116,602.1,69843.6,2026-04-15,186399799,2913,ABC Securities Private Limited,Naasa Securities Co. Ltd.,2026-04-15 12:43:33.091462,Mountain Energy Nepal Limited
2026041504015318,MEN,17,42,390,603.0,235170.0,2026-04-15,186399801,2913,ABC Securities Private Limited,Sani Securities Company Ltd.,2026-04-15 12:43:33.091674,Mountain Energy Nepal Limited
2026041504015319,MEN,17,49,500,603.0,301500.0,2026-04-15,186399803,2913,ABC Securities Private Limited,Online Securities Pvt. Ltd.,2026-04-15 12:43:33.091758,Mountain Energy Nepal Limited
2026041504015320,MEN,17,26,15,603.0,9045.0,2026-04-15,186399805,2913,ABC Securities Private Limited,Asian Securities Private Ltd.,2026-04-15 12:43:33.091834,Mountain Energy Nepal Limited
2026041504015321,MEN,17,5,1000,603.0,603000.0,2026-04-15,186399807,2913,ABC Securities Private Limited,Market Securities & Exchange (PVT) Ltd.,2026-04-15 12:43:33.091914,Mountain Energy Nepal Limited
2026041504015322,MEN,17,50,100,603.0,60300.0,2026-04-15,186399809,2913,ABC Securities Private Limited,Cristal Kanchanjanga Securites Pvt. Ltd.,2026-04-15 12:43:33.091995,Mountain Energy Nepal Limited
2026041504015323,MEN,17,48,200,604.0,120800.0,2026-04-15,186399811,2913,ABC Securities Private Limited,Trishakti Securities Public Limited,2026-04-15 12:43:33.092076,Mountain Energy Nepal Limited
2026041504015324,MEN,17,14,50,604.0,30200.0,2026-04-15,186399813,2913,ABC Securities Private Limited,Nepal Stock House (PVT) Ltd.,2026-04-15 12:43:33.092154,Mountain Energy Nepal Limited
2026041504015325,MEN,17,57,18,604.0,10872.0,2026-04-15,186399815,2913,ABC Securities Private Limited,Aryatara Investment & Securities,2026-04-15 12:43:33.092243,Mountain Energy Nepal Limited
2026041504015326,MEN,17,66,120,604.0,72480.0,2026-04-15,186399817,2913,ABC Securities Private Limited,Miyo Securities Pvt Ltd,2026-04-15 12:43:33.092329,Mountain Energy Nepal Limited
2026041504015327,MEN,17,4,300,604.0,181200.0,2026-04-15,186399819,2913,ABC Securities Private Limited,Opal Securities Investment (PVT) Ltd.,2026-04-15 12:43:33.092569,Mountain Energy Nepal Limited
2026041504015328,MEN,17,14,250,604.0,151000.0,2026-04-15,186399821,2913,ABC Securities Private Limited,Nepal Stock House (PVT) Ltd.,2026-04-15 12:43:33.092652,Mountain Energy Nepal Limited
2026041504015329,MEN,17,44,300,605.0,181500.0,2026-04-15,186399823,2913,ABC Securities Private Limited,Dynamic Money Managers Securities Pvt. Ltd.,2026-04-15 12:43:33.092729,Mountain Energy Nepal Limited
2026041504015330,MEN,17,48,444,605.0,268620.0,2026-04-15,186399825,2913,ABC Securities Private Limited,Trishakti Securities Public Limited,2026-04-15 12:43:33.092818,Mountain Energy Nepal Limited
2026041504015331,MEN,17,97,80,605.0,48400.0,2026-04-15,186399827,2913,ABC Securities Private Limited,R.B.B. Securities Company Ltd,2026-04-15 12:43:33.092894,Mountain Energy Nepal Limited
2026041504015332,MEN,17,16,750,605.0,453750.0,2026-04-15,186399829,2913,ABC Securities Private Limited,Primo Securities (PVT) Ltd.,2026-04-15 12:43:33.093005,Mountain Energy Nepal Limited
2026041504015333,MEN,17,28,80,605.0,48400.0,2026-04-15,186399831,2913,ABC Securities Private Limited,Shree Krishna Securities Ltd.,2026-04-15 12:43:33.093082,Mountain Energy Nepal Limited
2026041504015334,MEN,17,16,750,605.0,453750.0,2026-04-15,186399833,2913,ABC Securities Private Limited,Primo Securities (PVT) Ltd.,2026-04-15 12:43:33.093154,Mountain Energy Nepal Limited
2026041504015335,MEN,17,49,500,605.0,302500.0,2026-04-15,186399835,2913,ABC Securities Private Limited,Online Securities Pvt. Ltd.,2026-04-15 12:43:33.093224,Mountain Energy Nepal Limited
2026041504015336,MEN,17,16,750,605.0,453750.0,2026-04-15,186399837,2913,ABC Securities Private Limited,Primo Securities (PVT) Ltd.,2026-04-15 12:43:33.093309,Mountain Energy Nepal Limited
2026041504015337,MEN,17,58,100,605.0,60500.0,2026-04-15,186399839,2913,ABC Securities Private Limited,Naasa Securities Co. Ltd.,2026-04-15 12:43:33.093388,Mountain Energy Nepal Limited
2026041504015338,MEN,17,38,170,605.0,102850.0,2026-04-15,186399841,2913,ABC Securities Private Limited,Dipshikha Dhitopatra Karobar Co. Pvt Ltd.,2026-04-15 12:43:33.093472,Mountain Energy Nepal Limited
2026041504015339,MEN,17,64,100,605.0,60500.0,2026-04-15,186399843,2913,ABC Securities Private Limited,SUN SECURITIES PVT LTD,2026-04-15 12:43:33.093545,Mountain Energy Nepal Limited
2026041504015340,MEN,17,5,2000,605.0,1210000.0,2026-04-15,186399845,2913,ABC Securities Private Limited,Market Securities & Exchange (PVT) Ltd.,2026-04-15 12:43:33.093617,Mountain Energy Nepal Limited
2026041504015341,MEN,17,17,50,605.0,30250.0,2026-04-15,186399847,2913,ABC Securities Private Limited,ABC Securities Private Limited,2026-04-15 12:43:33.093690,Mountain Energy Nepal Limited
2026041504015342,MEN,17,49,15,605.0,9075.0,2026-04-15,186399849,2913,ABC Securities Private Limited,Online Securities Pvt. Ltd.,2026-04-15 12:43:33.093761,Mountain Energy Nepal Limited
2026041504015343,MEN,17,16,750,605.0,453750.0,2026-04-15,186399851,2913,ABC Securities Private Limited,Primo Securities (PVT) Ltd.,2026-04-15 12:43:33.093836,Mountain Energy Nepal Limited
2026041504015344,MEN,17,1,100,605.0,60500.0,2026-04-15,186399853,2913,ABC Securities Private Limited,Kumari Securities Private Limited,2026-04-15 12:43:33.093907,Mountain Energy Nepal Limited
2026041504015345,MEN,17,5,5000,605.0,3025000.0,2026-04-15,186399855,2913,ABC Securities Private Limited,Market Securities & Exchange (PVT) Ltd.,2026-04-15 12:43:33.093977,Mountain Energy Nepal Limited
2026041504015573,MEN,11,58,100,605.0,60500.0,2026-04-15,186401922,2913,Malla & Malla Stock Broking Company Pvt. Limited,Naasa Securities Co. Ltd.,2026-04-15 12:45:52.273448,Mountain Energy Nepal Limited
2026041504015713,MEN,63,46,432,603.0,260496.0,2026-04-15,186403315,2913,Himalayan Brokerage Company Limited,Kalika Securities Pvt. Ltd.,2026-04-15 12:47:21.195402,Mountain Energy Nepal Limited
2026041504015831,MEN,17,75,2,605.0,1210.0,2026-04-15,186404037,2913,ABC Securities Private Limited,N.I.M.B. Stock Markets Limited,2026-04-15 12:48:06.324424,Mountain Energy Nepal Limited
2026041504016046,MEN,58,49,2,598.0,1196.0,2026-04-15,186405429,2913,Naasa Securities Co. Ltd.,Online Securities Pvt. Ltd.,2026-04-15 12:49:41.727416,Mountain Energy Nepal Limited
2026041504016128,MEN,58,28,1,598.0,598.0,2026-04-15,186405791,2913,Naasa Securities Co. Ltd.,Shree Krishna Securities Ltd.,2026-04-15 12:50:03.263610,Mountain Energy Nepal Limited
2026041504016347,MEN,42,38,14,605.0,8470.0,2026-04-15,186407957,2913,Sani Securities Company Ltd.,Dipshikha Dhitopatra Karobar Co. Pvt Ltd.,2026-04-15 12:52:11.046167,Mountain Energy Nepal Limited
2026041504016348,MEN,42,47,15,605.0,9075.0,2026-04-15,186407959,2913,Sani Securities Company Ltd.,Neev Securities Pvt. Ltd.,2026-04-15 12:52:11.046575,Mountain Energy Nepal Limited
2026041504016349,MEN,42,72,30,605.0,18150.0,2026-04-15,186407961,2913,Sani Securities Company Ltd.,Hatemalo Financial Services Private Limited,2026-04-15 12:52:11.046835,Mountain Energy Nepal Limited
2026041504016350,MEN,42,57,941,605.0,569305.0,2026-04-15,186407964,2913,Sani Securities Company Ltd.,Aryatara Investment & Securities,2026-04-15 12:52:11.047086,Mountain Energy Nepal Limited
2026041504016485,MEN,63,64,80,603.0,48240.0,2026-04-15,186408971,2913,Himalayan Brokerage Company Limited,SUN SECURITIES PVT LTD,2026-04-15 12:53:23.360378,Mountain Energy Nepal Limited
2026041504016661,MEN,19,57,59,605.0,35695.0,2026-04-15,186410057,2913,Nepal Investment And Securities Trading Private Limited,Aryatara Investment & Securities,2026-04-15 12:54:26.398215,Mountain Energy Nepal Limited
2026041504016662,MEN,19,5,441,605.0,266805.0,2026-04-15,186410060,2913,Nepal Investment And Securities Trading Private Limited,Market Securities & Exchange (PVT) Ltd.,2026-04-15 12:54:26.398470,Mountain Energy Nepal Limited
2026041504017125,MEN,94,11,1000,604.9,604900.0,2026-04-15,186413799,2913,K.B.L. Securities Limited ,Malla & Malla Stock Broking Company Pvt. Limited,2026-04-15 12:57:54.949436,Mountain Energy Nepal Limited
2026041504017126,MEN,94,5,1000,605.0,605000.0,2026-04-15,186413802,2913,K.B.L. Securities Limited ,Market Securities & Exchange (PVT) Ltd.,2026-04-15 12:57:54.949834,Mountain Energy Nepal Limited
2026041504017310,MEN,35,44,50,604.9,30245.0,2026-04-15,186415302,2913,Kohinoor Investment & Securities Pvt. Ltd.,Dynamic Money Managers Securities Pvt. Ltd.,2026-04-15 12:59:48.164497,Mountain Energy Nepal Limited
2026041504017403,MEN,57,44,165,604.9,99808.5,2026-04-15,186416092,2913,Aryatara Investment & Securities,Dynamic Money Managers Securities Pvt. Ltd.,2026-04-15 13:00:41.504305,Mountain Energy Nepal Limited
2026041504017442,MEN,94,44,85,604.9,51416.5,2026-04-15,186416319,2913,K.B.L. Securities Limited ,Dynamic Money Managers Securities Pvt. Ltd.,2026-04-15 13:00:59.988978,Mountain Energy Nepal Limited
2026041504017443,MEN,94,5,559,605.0,338195.0,2026-04-15,186416321,2913,K.B.L. Securities Limited ,Market Securities & Exchange (PVT) Ltd.,2026-04-15 13:00:59.989238,Mountain Energy Nepal Limited
2026041504017444,MEN,94,45,118,605.0,71390.0,2026-04-15,186416323,2913,K.B.L. Securities Limited ,Imperial Securities Company Pvt. Ltd.,2026-04-15 13:00:59.989332,Mountain Energy Nepal Limited
2026041504017445,MEN,94,16,750,605.0,453750.0,2026-04-15,186416325,2913,K.B.L. Securities Limited ,Primo Securities (PVT) Ltd.,2026-04-15 13:00:59.989442,Mountain Energy Nepal Limited
2026041504017446,MEN,94,16,750,605.0,453750.0,2026-04-15,186416327,2913,K.B.L. Securities Limited ,Primo Securities (PVT) Ltd.,2026-04-15 13:00:59.989523,Mountain Energy Nepal Limited
2026041504017447,MEN,94,16,738,605.0,446490.0,2026-04-15,186416330,2913,K.B.L. Securities Limited ,Primo Securities (PVT) Ltd.,2026-04-15 13:00:59.989602,Mountain Energy Nepal Limited
2026041504017486,MEN,94,16,12,605.0,7260.0,2026-04-15,186416585,2913,K.B.L. Securities Limited ,Primo Securities (PVT) Ltd.,2026-04-15 13:01:17.396904,Mountain Energy Nepal Limited
2026041504017647,MEN,94,44,288,605.0,174240.0,2026-04-15,186417525,2913,K.B.L. Securities Limited ,Dynamic Money Managers Securities Pvt. Ltd.,2026-04-15 13:02:22.921917,Mountain Energy Nepal Limited
2026041504017871,MEN,58,41,16,604.2,9667.2,2026-04-15,186419300,2913,Naasa Securities Co. Ltd.,Linch Stock Market Ltd.,2026-04-15 13:04:16.597551,Mountain Energy Nepal Limited
2026041504017872,MEN,58,41,17,604.2,10271.4,2026-04-15,186419302,2913,Naasa Securities Co. Ltd.,Linch Stock Market Ltd.,2026-04-15 13:04:16.597960,Mountain Energy Nepal Limited
2026041504018300,MEN,38,1,100,603.2,60320.0,2026-04-15,186422388,2913,Dipshikha Dhitopatra Karobar Co. Pvt Ltd.,Kumari Securities Private Limited,2026-04-15 13:07:25.217092,Mountain Energy Nepal Limited
2026041504018349,MEN,5,1,160,603.2,96512.0,2026-04-15,186422747,2913,Market Securities & Exchange (PVT) Ltd.,Kumari Securities Private Limited,2026-04-15 13:07:40.837839,Mountain Energy Nepal Limited
2026041504018350,MEN,5,41,17,604.0,10268.0,2026-04-15,186422749,2913,Market Securities & Exchange (PVT) Ltd.,Linch Stock Market Ltd.,2026-04-15 13:07:40.838264,Mountain Energy Nepal Limited
2026041504018420,MEN,5,34,15,604.0,9060.0,2026-04-15,186423423,2913,Market Securities & Exchange (PVT) Ltd.,Vision Securities Pvt. Ltd,2026-04-15 13:08:24.840495,Mountain Energy Nepal Limited
2026041504018476,MEN,5,34,120,604.0,72480.0,2026-04-15,186423653,2913,Market Securities & Exchange (PVT) Ltd.,Vision Securities Pvt. Ltd,2026-04-15 13:08:34.062140,Mountain Energy Nepal Limited
2026041504018556,MEN,49,58,20,605.6,12112.0,2026-04-15,186424358,2913,Online Securities Pvt. Ltd.,Naasa Securities Co. Ltd.,2026-04-15 13:09:17.457838,Mountain Energy Nepal Limited
2026041504019014,MEN,43,58,146,605.6,88417.6,2026-04-15,186427322,2913,South Asian Bulls Pvt. Ltd.,Naasa Securities Co. Ltd.,2026-04-15 13:12:34.138376,Mountain Energy Nepal Limited
2026041504019099,MEN,3,5,100,605.0,60500.0,2026-04-15,186427842,2913,Arun Securities (PVT) Ltd.,Market Securities & Exchange (PVT) Ltd.,2026-04-15 13:13:01.116700,Mountain Energy Nepal Limited
2026041504019100,MEN,62,5,400,605.0,242000.0,2026-04-15,186427843,2913,Capital Max Securities Ltd,Market Securities & Exchange (PVT) Ltd.,2026-04-15 13:13:01.117096,Mountain Energy Nepal Limited
2026041504019114,MEN,62,35,50,605.0,30250.0,2026-04-15,186427899,2913,Capital Max Securities Ltd,Kohinoor Investment & Securities Pvt. Ltd.,2026-04-15 13:13:04.515764,Mountain Energy Nepal Limited
2026041504019195,MEN,62,44,14,605.0,8470.0,2026-04-15,186428411,2913,Capital Max Securities Ltd,Dynamic Money Managers Securities Pvt. Ltd.,2026-04-15 13:13:35.174778,Mountain Energy Nepal Limited
2026041504019217,MEN,43,16,26,605.7,15748.2,2026-04-15,186428547,2913,South Asian Bulls Pvt. Ltd.,Primo Securities (PVT) Ltd.,2026-04-15 13:13:42.060031,Mountain Energy Nepal Limited
2026041504019218,MEN,43,44,300,605.7,181710.0,2026-04-15,186428550,2913,South Asian Bulls Pvt. Ltd.,Dynamic Money Managers Securities Pvt. Ltd.,2026-04-15 13:13:42.060458,Mountain Energy Nepal Limited
2026041504019342,MEN,17,44,50,605.8,30290.0,2026-04-15,186429386,2913,ABC Securities Private Limited,Dynamic Money Managers Securities Pvt. Ltd.,2026-04-15 13:14:43.035996,Mountain Energy Nepal Limited
2026041504019365,MEN,17,44,50,605.8,30290.0,2026-04-15,186429582,2913,ABC Securities Private Limited,Dynamic Money Managers Securities Pvt. Ltd.,2026-04-15 13:14:55.887591,Mountain Energy Nepal Limited
2026041504019395,MEN,62,46,36,605.0,21780.0,2026-04-15,186429802,2913,Capital Max Securities Ltd,Kalika Securities Pvt. Ltd.,2026-04-15 13:15:09.511472,Mountain Energy Nepal Limited
2026041504019396,MEN,61,46,64,605.0,38720.0,2026-04-15,186429803,2913,BHOLE GANESH SECURITIES LTD,Kalika Securities Pvt. Ltd.,2026-04-15 13:15:09.511847,Mountain Energy Nepal Limited
2026041504019717,MEN,61,46,36,605.0,21780.0,2026-04-15,186432082,2913,BHOLE GANESH SECURITIES LTD,Kalika Securities Pvt. Ltd.,2026-04-15 13:17:48.402915,Mountain Energy Nepal Limited
2026041504019718,MEN,45,46,50,604.1,30205.0,2026-04-15,186432084,2913,Imperial Securities Company Pvt. Ltd.,Kalika Securities Pvt. Ltd.,2026-04-15 13:17:48.403176,Mountain Energy Nepal Limited
2026041504019719,MEN,7,46,14,604.1,8457.4,2026-04-15,186432085,2913,J.F. Securites (PVT) Ltd.,Kalika Securities Pvt. Ltd.,2026-04-15 13:17:48.403275,Mountain Energy Nepal Limited
2026041504020016,MEN,40,42,15,604.2,9063.0,2026-04-15,186434273,2913,Creative Securities Pvt Ltd,Sani Securities Company Ltd.,2026-04-15 13:20:40.764938,Mountain Energy Nepal Limited
2026041504020074,MEN,40,58,30,604.2,18126.0,2026-04-15,186434543,2913,Creative Securities Pvt Ltd,Naasa Securities Co. Ltd.,2026-04-15 13:21:02.049674,Mountain Energy Nepal Limited
2026041504020081,MEN,40,40,18,604.2,10875.6,2026-04-15,186434585,2913,Creative Securities Pvt Ltd,Creative Securities Pvt Ltd,2026-04-15 13:21:06.177170,Mountain Energy Nepal Limited
2026041504020271,MEN,40,46,400,604.2,241680.0,2026-04-15,186435873,2913,Creative Securities Pvt Ltd,Kalika Securities Pvt. Ltd.,2026-04-15 13:22:40.583779,Mountain Energy Nepal Limited
2026041504020290,MEN,40,14,12,604.2,7250.4,2026-04-15,186436085,2913,Creative Securities Pvt Ltd,Nepal Stock House (PVT) Ltd.,2026-04-15 13:22:57.376288,Mountain Energy Nepal Limited
2026041504020298,MEN,40,58,17,604.2,10271.4,2026-04-15,186436172,2913,Creative Securities Pvt Ltd,Naasa Securities Co. Ltd.,2026-04-15 13:23:03.565575,Mountain Energy Nepal Limited
2026041504020516,MEN,7,46,486,604.1,293592.6,2026-04-15,186437768,2913,J.F. Securites (PVT) Ltd.,Kalika Securities Pvt. Ltd.,2026-04-15 13:25:07.530881,Mountain Energy Nepal Limited
2026041504020517,MEN,58,46,114,604.1,68867.4,2026-04-15,186437769,2913,Naasa Securities Co. Ltd.,Kalika Securities Pvt. Ltd.,2026-04-15 13:25:07.531306,Mountain Energy Nepal Limited
2026041504020558,MEN,58,58,33,604.1,19935.3,2026-04-15,186438143,2913,Naasa Securities Co. Ltd.,Naasa Securities Co. Ltd.,2026-04-15 13:25:35.104720,Mountain Energy Nepal Limited
2026041504020763,MEN,58,36,153,604.1,92427.3,2026-04-15,186439504,2913,Naasa Securities Co. Ltd.,Secured Securities Ltd.,2026-04-15 13:27:13.398895,Mountain Energy Nepal Limited
2026041504020764,MEN,3,36,50,604.1,30205.0,2026-04-15,186439506,2913,Arun Securities (PVT) Ltd.,Secured Securities Ltd.,2026-04-15 13:27:13.399123,Mountain Energy Nepal Limited
2026041504020765,MEN,58,36,200,604.0,120800.0,2026-04-15,186439508,2913,Naasa Securities Co. Ltd.,Secured Securities Ltd.,2026-04-15 13:27:13.399239,Mountain Energy Nepal Limited
2026041504020766,MEN,58,36,197,604.0,118988.0,2026-04-15,186439509,2913,Naasa Securities Co. Ltd.,Secured Securities Ltd.,2026-04-15 13:27:13.399355,Mountain Energy Nepal Limited
2026041504020794,MEN,45,47,100,605.0,60500.0,2026-04-15,186439745,2913,Imperial Securities Company Pvt. Ltd.,Neev Securities Pvt. Ltd.,2026-04-15 13:27:33.990808,Mountain Energy Nepal Limited
2026041504020795,MEN,45,57,100,605.0,60500.0,2026-04-15,186439748,2913,Imperial Securities Company Pvt. Ltd.,Aryatara Investment & Securities,2026-04-15 13:27:33.991028,Mountain Energy Nepal Limited
2026041504020848,MEN,58,57,186,604.0,112344.0,2026-04-15,186440109,2913,Naasa Securities Co. Ltd.,Aryatara Investment & Securities,2026-04-15 13:27:58.207895,Mountain Energy Nepal Limited
2026041504020857,MEN,58,57,354,604.0,213816.0,2026-04-15,186440191,2913,Naasa Securities Co. Ltd.,Aryatara Investment & Securities,2026-04-15 13:28:02.123971,Mountain Energy Nepal Limited
2026041504020904,MEN,58,42,177,604.0,106908.0,2026-04-15,186440517,2913,Naasa Securities Co. Ltd.,Sani Securities Company Ltd.,2026-04-15 13:28:20.688485,Mountain Energy Nepal Limited
2026041504021011,MEN,94,53,60,604.8,36288.0,2026-04-15,186441467,2913,K.B.L. Securities Limited ,Investment Management Nepal Pvt. Ltd.,2026-04-15 13:29:22.594432,Mountain Energy Nepal Limited
2026041504021012,MEN,94,25,20,604.8,12096.0,2026-04-15,186441469,2913,K.B.L. Securities Limited ,Sweta Securities Private Limited,2026-04-15 13:29:22.594687,Mountain Energy Nepal Limited
2026041504021013,MEN,94,57,400,605.0,242000.0,2026-04-15,186441471,2913,K.B.L. Securities Limited ,Aryatara Investment & Securities,2026-04-15 13:29:22.594797,Mountain Energy Nepal Limited
2026041504021106,MEN,94,29,20,605.0,12100.0,2026-04-15,186442176,2913,K.B.L. Securities Limited ,Trisul Securities & Invt. Ltd.,2026-04-15 13:30:13.540252,Mountain Energy Nepal Limited
2026041504021150,MEN,94,29,180,605.0,108900.0,2026-04-15,186442673,2913,K.B.L. Securities Limited ,Trisul Securities & Invt. Ltd.,2026-04-15 13:30:59.675821,Mountain Energy Nepal Limited
2026041504021188,MEN,94,39,820,605.0,496100.0,2026-04-15,186443005,2913,K.B.L. Securities Limited ,Sumeru Securities Pvt. Ltd.,2026-04-15 13:31:18.842800,Mountain Energy Nepal Limited
2026041504021336,MEN,58,44,400,605.8,242320.0,2026-04-15,186444277,2913,Naasa Securities Co. Ltd.,Dynamic Money Managers Securities Pvt. Ltd.,2026-04-15 13:32:51.389333,Mountain Energy Nepal Limited
2026041504021337,MEN,58,57,600,605.9,363540.0,2026-04-15,186444280,2913,Naasa Securities Co. Ltd.,Aryatara Investment & Securities,2026-04-15 13:32:51.389563,Mountain Energy Nepal Limited
2026041504021369,MEN,94,5,1000,605.0,605000.0,2026-04-15,186444514,2913,K.B.L. Securities Limited ,Market Securities & Exchange (PVT) Ltd.,2026-04-15 13:33:08.739887,Mountain Energy Nepal Limited
2026041504021370,MEN,94,5,1100,605.0,665500.0,2026-04-15,186444515,2913,K.B.L. Securities Limited ,Market Securities & Exchange (PVT) Ltd.,2026-04-15 13:33:08.740182,Mountain Energy Nepal Limited
2026041504021576,MEN,94,41,400,605.0,242000.0,2026-04-15,186445968,2913,K.B.L. Securities Limited ,Linch Stock Market Ltd.,2026-04-15 13:34:59.465999,Mountain Energy Nepal Limited
2026041504021577,MEN,58,41,86,604.0,51944.0,2026-04-15,186445970,2913,Naasa Securities Co. Ltd.,Linch Stock Market Ltd.,2026-04-15 13:34:59.466329,Mountain Energy Nepal Limited
2026041504021578,MEN,58,41,174,604.0,105096.0,2026-04-15,186445971,2913,Naasa Securities Co. Ltd.,Linch Stock Market Ltd.,2026-04-15 13:34:59.466420,Mountain Energy Nepal Limited
2026041504021742,MEN,58,38,15,604.0,9060.0,2026-04-15,186447579,2913,Naasa Securities Co. Ltd.,Dipshikha Dhitopatra Karobar Co. Pvt Ltd.,2026-04-15 13:37:22.566978,Mountain Energy Nepal Limited
2026041504021864,MEN,41,49,100,605.0,60500.0,2026-04-15,186448608,2913,Linch Stock Market Ltd.,Online Securities Pvt. Ltd.,2026-04-15 13:39:05.047583,Mountain Energy Nepal Limited
2026041504021877,MEN,94,59,100,604.9,60490.0,2026-04-15,186448723,2913,K.B.L. Securities Limited ,Deevyaa Securities & Stock House Pvt. Ltd,2026-04-15 13:39:17.211881,Mountain Energy Nepal Limited
2026041504021878,MEN,94,49,400,605.0,242000.0,2026-04-15,186448726,2913,K.B.L. Securities Limited ,Online Securities Pvt. Ltd.,2026-04-15 13:39:17.212146,Mountain Energy Nepal Limited
2026041504021959,MEN,94,49,100,605.0,60500.0,2026-04-15,186449119,2913,K.B.L. Securities Limited ,Online Securities Pvt. Ltd.,2026-04-15 13:39:55.627037,Mountain Energy Nepal Limited
2026041504022047,MEN,94,97,10,605.0,6050.0,2026-04-15,186449795,2913,K.B.L. Securities Limited ,R.B.B. Securities Company Ltd,2026-04-15 13:40:48.468948,Mountain Energy Nepal Limited
2026041504022133,MEN,94,36,142,605.0,85910.0,2026-04-15,186450549,2913,K.B.L. Securities Limited ,Secured Securities Ltd.,2026-04-15 13:41:41.898247,Mountain Energy Nepal Limited
2026041504022146,MEN,94,5,1200,605.0,726000.0,2026-04-15,186450623,2913,K.B.L. Securities Limited ,Market Securities & Exchange (PVT) Ltd.,2026-04-15 13:41:51.426367,Mountain Energy Nepal Limited
2026041504022208,MEN,94,39,48,605.0,29040.0,2026-04-15,186451083,2913,K.B.L. Securities Limited ,Sumeru Securities Pvt. Ltd.,2026-04-15 13:42:38.640498,Mountain Energy Nepal Limited
2026041504022220,MEN,94,76,1000,605.0,605000.0,2026-04-15,186451151,2913,K.B.L. Securities Limited ,Machhapuchchhre Securities Limited,2026-04-15 13:42:46.127793,Mountain Energy Nepal Limited
2026041504022360,MEN,29,39,50,605.0,30250.0,2026-04-15,186452241,2913,Trisul Securities & Invt. Ltd.,Sumeru Securities Pvt. Ltd.,2026-04-15 13:44:15.681297,Mountain Energy Nepal Limited
2026041504022582,MEN,91,42,24,604.1,14498.4,2026-04-15,186453767,2913,Citizens Share Broker Limited,Sani Securities Company Ltd.,2026-04-15 13:46:14.584798,Mountain Energy Nepal Limited
2026041504022802,MEN,38,49,1,594.0,594.0,2026-04-15,186455291,2913,Dipshikha Dhitopatra Karobar Co. Pvt Ltd.,Online Securities Pvt. Ltd.,2026-04-15 13:48:05.538362,Mountain Energy Nepal Limited
2026041504022870,MEN,91,45,15,604.1,9061.5,2026-04-15,186455801,2913,Citizens Share Broker Limited,Imperial Securities Company Pvt. Ltd.,2026-04-15 13:48:40.552998,Mountain Energy Nepal Limited
2026041504022960,MEN,91,53,100,604.1,60410.0,2026-04-15,186456351,2913,Citizens Share Broker Limited,Investment Management Nepal Pvt. Ltd.,2026-04-15 13:49:24.012346,Mountain Energy Nepal Limited
2026041504023135,MEN,53,39,789,605.0,477345.0,2026-04-15,186457535,2913,Investment Management Nepal Pvt. Ltd.,Sumeru Securities Pvt. Ltd.,2026-04-15 13:50:45.528551,Mountain Energy Nepal Limited
2026041504023460,MEN,42,58,27,605.8,16356.6,2026-04-15,186459771,2913,Sani Securities Company Ltd.,Naasa Securities Co. Ltd.,2026-04-15 13:52:58.787884,Mountain Energy Nepal Limited
2026041504023461,MEN,42,1,273,605.8,165383.4,2026-04-15,186459774,2913,Sani Securities Company Ltd.,Kumari Securities Private Limited,2026-04-15 13:52:58.788155,Mountain Energy Nepal Limited
2026041504023816,MEN,58,1,12,605.8,7269.6,2026-04-15,186461620,2913,Naasa Securities Co. Ltd.,Kumari Securities Private Limited,2026-04-15 13:55:12.327723,Mountain Energy Nepal Limited
2026041504023819,MEN,53,47,15,605.0,9075.0,2026-04-15,186461641,2913,Investment Management Nepal Pvt. Ltd.,Neev Securities Pvt. Ltd.,2026-04-15 13:55:14.087741,Mountain Energy Nepal Limited
2026041504023854,MEN,41,1,15,605.8,9087.0,2026-04-15,186461893,2913,Linch Stock Market Ltd.,Kumari Securities Private Limited,2026-04-15 13:55:38.339518,Mountain Energy Nepal Limited
2026041504023855,MEN,41,57,207,605.9,125421.3,2026-04-15,186461895,2913,Linch Stock Market Ltd.,Aryatara Investment & Securities,2026-04-15 13:55:38.339946,Mountain Energy Nepal Limited
2026041504023856,MEN,41,32,180,605.9,109062.0,2026-04-15,186461897,2913,Linch Stock Market Ltd.,Premier Securities Company Ltd.,2026-04-15 13:55:38.340236,Mountain Energy Nepal Limited
2026041504023857,MEN,41,49,10,605.9,6059.0,2026-04-15,186461899,2913,Linch Stock Market Ltd.,Online Securities Pvt. Ltd.,2026-04-15 13:55:38.340536,Mountain Energy Nepal Limited
2026041504023858,MEN,41,32,20,606.0,12120.0,2026-04-15,186461901,2913,Linch Stock Market Ltd.,Premier Securities Company Ltd.,2026-04-15 13:55:38.340801,Mountain Energy Nepal Limited
2026041504023859,MEN,41,81,13,606.0,7878.0,2026-04-15,186461903,2913,Linch Stock Market Ltd.,Aakashbhairab Securities Ltd.,2026-04-15 13:55:38.341080,Mountain Energy Nepal Limited
2026041504023860,MEN,41,58,15,606.0,9090.0,2026-04-15,186461905,2913,Linch Stock Market Ltd.,Naasa Securities Co. Ltd.,2026-04-15 13:55:38.341387,Mountain Energy Nepal Limited
2026041504023861,MEN,41,21,10,606.0,6060.0,2026-04-15,186461907,2913,Linch Stock Market Ltd.,Midas Stock Broking Company Private Limited,2026-04-15 13:55:38.341674,Mountain Energy Nepal Limited
2026041504023862,MEN,41,49,50,606.0,30300.0,2026-04-15,186461909,2913,Linch Stock Market Ltd.,Online Securities Pvt. Ltd.,2026-04-15 13:55:38.341959,Mountain Energy Nepal Limited
2026041504023863,MEN,41,22,25,606.0,15150.0,2026-04-15,186461911,2913,Linch Stock Market Ltd.,Siprabi Securities Pvt. Ltd.,2026-04-15 13:55:38.342247,Mountain Energy Nepal Limited
2026041504023864,MEN,41,25,79,606.0,47874.0,2026-04-15,186461914,2913,Linch Stock Market Ltd.,Sweta Securities Private Limited,2026-04-15 13:55:38.342538,Mountain Energy Nepal Limited
2026041504023941,MEN,74,25,21,606.0,12726.0,2026-04-15,186462565,2913,KALASH STOCK MARKET PVT. LTD.,Sweta Securities Private Limited,2026-04-15 13:56:40.462163,Mountain Energy Nepal Limited
2026041504023942,MEN,74,4,579,606.0,350874.0,2026-04-15,186462568,2913,KALASH STOCK MARKET PVT. LTD.,Opal Securities Investment (PVT) Ltd.,2026-04-15 13:56:40.462431,Mountain Energy Nepal Limited
2026041504024076,MEN,25,44,15,605.1,9076.5,2026-04-15,186463571,2913,Sweta Securities Private Limited,Dynamic Money Managers Securities Pvt. Ltd.,2026-04-15 13:58:02.224793,Mountain Energy Nepal Limited
2026041504024516,MEN,49,34,20,605.9,12118.0,2026-04-15,186467625,2913,Online Securities Pvt. Ltd.,Vision Securities Pvt. Ltd,2026-04-15 14:04:43.566804,Mountain Energy Nepal Limited
2026041504024517,MEN,49,4,18,606.0,10908.0,2026-04-15,186467628,2913,Online Securities Pvt. Ltd.,Opal Securities Investment (PVT) Ltd.,2026-04-15 14:04:43.567289,Mountain Energy Nepal Limited
2026041504024609,MEN,56,44,15,605.2,9078.0,2026-04-15,186468433,2913,Sri Hari Securities Pvt. Ltd.,Dynamic Money Managers Securities Pvt. Ltd.,2026-04-15 14:05:56.454503,Mountain Energy Nepal Limited
2026041504024788,MEN,56,46,45,605.2,27234.0,2026-04-15,186469974,2913,Sri Hari Securities Pvt. Ltd.,Kalika Securities Pvt. Ltd.,2026-04-15 14:08:41.235289,Mountain Energy Nepal Limited
2026041504024790,MEN,22,71,50,605.1,30255.0,2026-04-15,186469988,2913,Siprabi Securities Pvt. Ltd.,SHUBHAKAMANA SECURITIES PVT. LTD,2026-04-15 14:08:42.683790,Mountain Energy Nepal Limited
2026041504024791,MEN,53,71,196,605.0,118580.0,2026-04-15,186469990,2913,Investment Management Nepal Pvt. Ltd.,SHUBHAKAMANA SECURITIES PVT. LTD,2026-04-15 14:08:42.684079,Mountain Energy Nepal Limited
2026041504024792,MEN,5,71,2044,605.0,1236620.0,2026-04-15,186469991,2913,Market Securities & Exchange (PVT) Ltd.,SHUBHAKAMANA SECURITIES PVT. LTD,2026-04-15 14:08:42.684182,Mountain Energy Nepal Limited
2026041504024834,MEN,5,71,10,605.0,6050.0,2026-04-15,186470313,2913,Market Securities & Exchange (PVT) Ltd.,SHUBHAKAMANA SECURITIES PVT. LTD,2026-04-15 14:09:08.167970,Mountain Energy Nepal Limited
2026041504024841,MEN,5,46,955,605.0,577775.0,2026-04-15,186470361,2913,Market Securities & Exchange (PVT) Ltd.,Kalika Securities Pvt. Ltd.,2026-04-15 14:09:12.409600,Mountain Energy Nepal Limited
2026041504024862,MEN,38,50,1000,606.0,606000.0,2026-04-15,186470590,2913,Dipshikha Dhitopatra Karobar Co. Pvt Ltd.,Cristal Kanchanjanga Securites Pvt. Ltd.,2026-04-15 14:09:37.184459,Mountain Energy Nepal Limited
2026041504024871,MEN,41,17,50,605.0,30250.0,2026-04-15,186470672,2913,Linch Stock Market Ltd.,ABC Securities Private Limited,2026-04-15 14:09:45.116937,Mountain Energy Nepal Limited
2026041504024872,MEN,25,17,50,605.0,30250.0,2026-04-15,186470673,2913,Sweta Securities Private Limited,ABC Securities Private Limited,2026-04-15 14:09:45.117438,Mountain Energy Nepal Limited
2026041504024943,MEN,38,96,2,601.0,1202.0,2026-04-15,186471113,2913,Dipshikha Dhitopatra Karobar Co. Pvt Ltd.,Himalayan Securities Limited,2026-04-15 14:10:31.045837,Mountain Energy Nepal Limited
2026041504024960,MEN,38,45,4,601.0,2404.0,2026-04-15,186471245,2913,Dipshikha Dhitopatra Karobar Co. Pvt Ltd.,Imperial Securities Company Pvt. Ltd.,2026-04-15 14:10:43.595963,Mountain Energy Nepal Limited
2026041504024961,MEN,42,25,15,606.0,9090.0,2026-04-15,186471255,2913,Sani Securities Company Ltd.,Sweta Securities Private Limited,2026-04-15 14:10:45.344337,Mountain Energy Nepal Limited
2026041504024962,MEN,42,17,15,606.0,9090.0,2026-04-15,186471257,2913,Sani Securities Company Ltd.,ABC Securities Private Limited,2026-04-15 14:10:45.344596,Mountain Energy Nepal Limited
2026041504024963,MEN,42,16,10,606.0,6060.0,2026-04-15,186471259,2913,Sani Securities Company Ltd.,Primo Securities (PVT) Ltd.,2026-04-15 14:10:45.344704,Mountain Energy Nepal Limited
2026041504024964,MEN,42,19,140,606.0,84840.0,2026-04-15,186471262,2913,Sani Securities Company Ltd.,Nepal Investment And Securities Trading Private Limited,2026-04-15 14:10:45.344801,Mountain Energy Nepal Limited
2026041504024968,MEN,38,38,2,602.0,1204.0,2026-04-15,186471387,2913,Dipshikha Dhitopatra Karobar Co. Pvt Ltd.,Dipshikha Dhitopatra Karobar Co. Pvt Ltd.,2026-04-15 14:10:56.802649,Mountain Energy Nepal Limited
2026041504024975,MEN,65,58,100,605.9,60590.0,2026-04-15,186471454,2913,Sharepro Securities Private Limited,Naasa Securities Co. Ltd.,2026-04-15 14:11:05.106827,Mountain Energy Nepal Limited
2026041504025117,MEN,25,75,15,605.0,9075.0,2026-04-15,186472441,2913,Sweta Securities Private Limited,N.I.M.B. Stock Markets Limited,2026-04-15 14:12:42.429090,Mountain Energy Nepal Limited
2026041504025506,MEN,25,16,20,605.0,12100.0,2026-04-15,186475092,2913,Sweta Securities Private Limited,Primo Securities (PVT) Ltd.,2026-04-15 14:16:43.195572,Mountain Energy Nepal Limited
2026041504025507,MEN,3,16,50,605.0,30250.0,2026-04-15,186475094,2913,Arun Securities (PVT) Ltd.,Primo Securities (PVT) Ltd.,2026-04-15 14:16:43.196051,Mountain Energy Nepal Limited
2026041504025508,MEN,49,16,10,605.0,6050.0,2026-04-15,186475095,2913,Online Securities Pvt. Ltd.,Primo Securities (PVT) Ltd.,2026-04-15 14:16:43.196413,Mountain Energy Nepal Limited
2026041504025545,MEN,1,58,10,605.9,6059.0,2026-04-15,186475542,2913,Kumari Securities Private Limited,Naasa Securities Co. Ltd.,2026-04-15 14:17:23.145239,Mountain Energy Nepal Limited
2026041504025792,MEN,58,58,20,605.9,12118.0,2026-04-15,186476760,2913,Naasa Securities Co. Ltd.,Naasa Securities Co. Ltd.,2026-04-15 14:18:47.559403,Mountain Energy Nepal Limited
2026041504025911,MEN,49,45,15,605.0,9075.0,2026-04-15,186477455,2913,Online Securities Pvt. Ltd.,Imperial Securities Company Pvt. Ltd.,2026-04-15 14:19:30.567531,Mountain Energy Nepal Limited
2026041504025970,MEN,49,45,15,605.0,9075.0,2026-04-15,186477983,2913,Online Securities Pvt. Ltd.,Imperial Securities Company Pvt. Ltd.,2026-04-15 14:20:08.853508,Mountain Energy Nepal Limited
2026041504026085,MEN,49,17,115,605.0,69575.0,2026-04-15,186478604,2913,Online Securities Pvt. Ltd.,ABC Securities Private Limited,2026-04-15 14:20:47.888738,Mountain Energy Nepal Limited
2026041504026086,MEN,44,17,145,604.2,87609.0,2026-04-15,186478605,2913,Dynamic Money Managers Securities Pvt. Ltd.,ABC Securities Private Limited,2026-04-15 14:20:47.889245,Mountain Energy Nepal Limited
2026041504026272,MEN,56,21,100,605.0,60500.0,2026-04-15,186479797,2913,Sri Hari Securities Pvt. Ltd.,Midas Stock Broking Company Private Limited,2026-04-15 14:22:03.822677,Mountain Energy Nepal Limited
2026041504026273,MEN,56,58,54,605.9,32718.6,2026-04-15,186479800,2913,Sri Hari Securities Pvt. Ltd.,Naasa Securities Co. Ltd.,2026-04-15 14:22:03.823021,Mountain Energy Nepal Limited
2026041504026457,MEN,44,46,20,604.2,12084.0,2026-04-15,186481450,2913,Dynamic Money Managers Securities Pvt. Ltd.,Kalika Securities Pvt. Ltd.,2026-04-15 14:23:33.335814,Mountain Energy Nepal Limited
2026041504026458,MEN,91,46,100,604.1,60410.0,2026-04-15,186481451,2913,Citizens Share Broker Limited,Kalika Securities Pvt. Ltd.,2026-04-15 14:23:33.336285,Mountain Energy Nepal Limited
2026041504026657,MEN,91,54,61,604.1,36850.1,2026-04-15,186482414,2913,Citizens Share Broker Limited,Sewa Securities Pvt. Ltd.,2026-04-15 14:24:21.402426,Mountain Energy Nepal Limited
2026041504026658,MEN,58,54,89,604.0,53756.0,2026-04-15,186482415,2913,Naasa Securities Co. Ltd.,Sewa Securities Pvt. Ltd.,2026-04-15 14:24:21.402949,Mountain Energy Nepal Limited
2026041504026840,MEN,58,59,100,604.0,60400.0,2026-04-15,186483429,2913,Naasa Securities Co. Ltd.,Deevyaa Securities & Stock House Pvt. Ltd,2026-04-15 14:25:08.431004,Mountain Energy Nepal Limited
2026041504027321,MEN,36,3,20,605.0,12100.0,2026-04-15,186486668,2913,Secured Securities Ltd.,Arun Securities (PVT) Ltd.,2026-04-15 14:27:55.329128,Mountain Energy Nepal Limited
2026041504027570,MEN,58,50,622,604.0,375688.0,2026-04-15,186487890,2913,Naasa Securities Co. Ltd.,Cristal Kanchanjanga Securites Pvt. Ltd.,2026-04-15 14:28:57.245673,Mountain Energy Nepal Limited
2026041504027571,MEN,50,50,10,604.0,6040.0,2026-04-15,186487892,2913,Cristal Kanchanjanga Securites Pvt. Ltd.,Cristal Kanchanjanga Securites Pvt. Ltd.,2026-04-15 14:28:57.245972,Mountain Energy Nepal Limited
2026041504027572,MEN,32,50,10,604.0,6040.0,2026-04-15,186487894,2913,Premier Securities Company Ltd.,Cristal Kanchanjanga Securites Pvt. Ltd.,2026-04-15 14:28:57.246081,Mountain Energy Nepal Limited
2026041504027573,MEN,42,50,100,604.0,60400.0,2026-04-15,186487896,2913,Sani Securities Company Ltd.,Cristal Kanchanjanga Securites Pvt. Ltd.,2026-04-15 14:28:57.246187,Mountain Energy Nepal Limited
2026041504027574,MEN,42,50,133,604.0,80332.0,2026-04-15,186487897,2913,Sani Securities Company Ltd.,Cristal Kanchanjanga Securites Pvt. Ltd.,2026-04-15 14:28:57.246292,Mountain Energy Nepal Limited
2026041504027727,MEN,35,48,100,603.1,60310.0,2026-04-15,186488988,2913,Kohinoor Investment & Securities Pvt. Ltd.,Trishakti Securities Public Limited,2026-04-15 14:29:47.425325,Mountain Energy Nepal Limited
2026041504027728,MEN,63,48,120,603.0,72360.0,2026-04-15,186488989,2913,Himalayan Brokerage Company Limited,Trishakti Securities Public Limited,2026-04-15 14:29:47.425613,Mountain Energy Nepal Limited
2026041504027781,MEN,63,72,750,603.0,452250.0,2026-04-15,186489357,2913,Himalayan Brokerage Company Limited,Hatemalo Financial Services Private Limited,2026-04-15 14:30:09.010556,Mountain Energy Nepal Limited
2026041504028002,MEN,57,22,25,603.1,15077.5,2026-04-15,186491059,2913,Aryatara Investment & Securities,Siprabi Securities Pvt. Ltd.,2026-04-15 14:31:44.384585,Mountain Energy Nepal Limited
2026041504028083,MEN,57,38,140,603.1,84434.0,2026-04-15,186491508,2913,Aryatara Investment & Securities,Dipshikha Dhitopatra Karobar Co. Pvt Ltd.,2026-04-15 14:32:09.135435,Mountain Energy Nepal Limited
2026041504028084,MEN,63,38,50,603.0,30150.0,2026-04-15,186491509,2913,Himalayan Brokerage Company Limited,Dipshikha Dhitopatra Karobar Co. Pvt Ltd.,2026-04-15 14:32:09.136027,Mountain Energy Nepal Limited
2026041504028224,MEN,63,58,100,603.0,60300.0,2026-04-15,186492533,2913,Himalayan Brokerage Company Limited,Naasa Securities Co. Ltd.,2026-04-15 14:32:59.101564,Mountain Energy Nepal Limited
2026041504028325,MEN,63,51,82,603.0,49446.0,2026-04-15,186493297,2913,Himalayan Brokerage Company Limited,Oxford Securities Pvt. Ltd.,2026-04-15 14:33:42.202935,Mountain Energy Nepal Limited
2026041504028381,MEN,63,8,1000,603.0,603000.0,2026-04-15,186493733,2913,Himalayan Brokerage Company Limited,Brilliant Securities Pvt. Ltd.,2026-04-15 14:34:12.391469,Mountain Energy Nepal Limited
2026041504028454,MEN,63,84,2386,603.0,1438758.0,2026-04-15,186494294,2913,Himalayan Brokerage Company Limited,MILKY WAY SHARE BROKER COMPANY LTD ,2026-04-15 14:34:41.695015,Mountain Energy Nepal Limited
2026041504028455,MEN,58,84,12,603.0,7236.0,2026-04-15,186494296,2913,Naasa Securities Co. Ltd.,MILKY WAY SHARE BROKER COMPANY LTD ,2026-04-15 14:34:41.695292,Mountain Energy Nepal Limited
2026041504028456,MEN,42,84,450,603.0,271350.0,2026-04-15,186494298,2913,Sani Securities Company Ltd.,MILKY WAY SHARE BROKER COMPANY LTD ,2026-04-15 14:34:41.695408,Mountain Energy Nepal Limited
2026041504028457,MEN,58,84,52,603.0,31356.0,2026-04-15,186494299,2913,Naasa Securities Co. Ltd.,MILKY WAY SHARE BROKER COMPANY LTD ,2026-04-15 14:34:41.695512,Mountain Energy Nepal Limited
2026041504028612,MEN,58,8,48,603.0,28944.0,2026-04-15,186495464,2913,Naasa Securities Co. Ltd.,Brilliant Securities Pvt. Ltd.,2026-04-15 14:35:40.988355,Mountain Energy Nepal Limited
2026041504028613,MEN,58,8,19,603.0,11457.0,2026-04-15,186495466,2913,Naasa Securities Co. Ltd.,Brilliant Securities Pvt. Ltd.,2026-04-15 14:35:40.988807,Mountain Energy Nepal Limited
2026041504029020,MEN,45,8,22,603.0,13266.0,2026-04-15,186498378,2913,Imperial Securities Company Pvt. Ltd.,Brilliant Securities Pvt. Ltd.,2026-04-15 14:38:46.211986,Mountain Energy Nepal Limited
2026041504029109,MEN,36,46,127,601.2,76352.4,2026-04-15,186499047,2913,Secured Securities Ltd.,Kalika Securities Pvt. Ltd.,2026-04-15 14:39:33.458246,Mountain Energy Nepal Limited
2026041504029111,MEN,36,52,73,601.2,43887.6,2026-04-15,186499052,2913,Secured Securities Ltd.,Sundhara Securities Limited,2026-04-15 14:39:35.044203,Mountain Energy Nepal Limited
2026041504029112,MEN,42,52,200,601.1,120220.0,2026-04-15,186499054,2913,Sani Securities Company Ltd.,Sundhara Securities Limited,2026-04-15 14:39:35.044269,Mountain Energy Nepal Limited
2026041504029113,MEN,53,52,10,601.0,6010.0,2026-04-15,186499056,2913,Investment Management Nepal Pvt. Ltd.,Sundhara Securities Limited,2026-04-15 14:39:35.044296,Mountain Energy Nepal Limited
2026041504029114,MEN,19,52,500,601.0,300500.0,2026-04-15,186499058,2913,Nepal Investment And Securities Trading Private Limited,Sundhara Securities Limited,2026-04-15 14:39:35.044328,Mountain Energy Nepal Limited
2026041504029115,MEN,8,52,400,600.2,240080.0,2026-04-15,186499060,2913,Brilliant Securities Pvt. Ltd.,Sundhara Securities Limited,2026-04-15 14:39:35.044348,Mountain Energy Nepal Limited
2026041504029116,MEN,45,52,32,600.2,19206.4,2026-04-15,186499062,2913,Imperial Securities Company Pvt. Ltd.,Sundhara Securities Limited,2026-04-15 14:39:35.044389,Mountain Energy Nepal Limited
2026041504029117,MEN,1,52,945,600.1,567094.5,2026-04-15,186499063,2913,Kumari Securities Private Limited,Sundhara Securities Limited,2026-04-15 14:39:35.044417,Mountain Energy Nepal Limited
2026041504029181,MEN,65,8,10,603.0,6030.0,2026-04-15,186499540,2913,Sharepro Securities Private Limited,Brilliant Securities Pvt. Ltd.,2026-04-15 14:40:01.686817,Mountain Energy Nepal Limited
2026041504029440,MEN,36,67,15,600.2,9003.0,2026-04-15,186501319,2913,Secured Securities Ltd.,Property Wiard Limited,2026-04-15 14:42:02.447104,Mountain Energy Nepal Limited
2026041504029447,MEN,65,8,34,603.0,20502.0,2026-04-15,186501364,2913,Sharepro Securities Private Limited,Brilliant Securities Pvt. Ltd.,2026-04-15 14:42:05.690533,Mountain Energy Nepal Limited
2026041504029776,MEN,17,80,20,602.0,12040.0,2026-04-15,186504229,2913,ABC Securities Private Limited,Indira securities pvt. ltd,2026-04-15 14:44:32.609691,Mountain Energy Nepal Limited
2026041504029777,MEN,17,58,50,602.5,30125.0,2026-04-15,186504231,2913,ABC Securities Private Limited,Naasa Securities Co. Ltd.,2026-04-15 14:44:32.609999,Mountain Energy Nepal Limited
2026041504029778,MEN,17,8,10,603.0,6030.0,2026-04-15,186504234,2913,ABC Securities Private Limited,Brilliant Securities Pvt. Ltd.,2026-04-15 14:44:32.610113,Mountain Energy Nepal Limited
2026041504029807,MEN,36,46,200,600.5,120100.0,2026-04-15,186504522,2913,Secured Securities Ltd.,Kalika Securities Pvt. Ltd.,2026-04-15 14:44:49.214995,Mountain Energy Nepal Limited
2026041504029808,MEN,42,46,200,600.4,120080.0,2026-04-15,186504524,2913,Sani Securities Company Ltd.,Kalika Securities Pvt. Ltd.,2026-04-15 14:44:49.215499,Mountain Energy Nepal Limited
2026041504029809,MEN,44,46,100,600.3,60030.0,2026-04-15,186504525,2913,Dynamic Money Managers Securities Pvt. Ltd.,Kalika Securities Pvt. Ltd.,2026-04-15 14:44:49.215822,Mountain Energy Nepal Limited
2026041504029986,MEN,65,8,25,603.0,15075.0,2026-04-15,186505918,2913,Sharepro Securities Private Limited,Brilliant Securities Pvt. Ltd.,2026-04-15 14:46:09.516537,Mountain Energy Nepal Limited
2026041504030095,MEN,65,8,17,603.0,10251.0,2026-04-15,186506844,2913,Sharepro Securities Private Limited,Brilliant Securities Pvt. Ltd.,2026-04-15 14:47:03.653232,Mountain Energy Nepal Limited
2026041504031062,MEN,65,8,40,602.0,24080.0,2026-04-15,186514837,2913,Sharepro Securities Private Limited,Brilliant Securities Pvt. Ltd.,2026-04-15 14:52:35.052782,Mountain Energy Nepal Limited
2026041504031063,MEN,65,26,10,602.5,6025.0,2026-04-15,186514840,2913,Sharepro Securities Private Limited,Asian Securities Private Ltd.,2026-04-15 14:52:35.053042,Mountain Energy Nepal Limited
2026041504031129,MEN,1,26,115,602.5,69287.5,2026-04-15,186515382,2913,Kumari Securities Private Limited,Asian Securities Private Ltd.,2026-04-15 14:52:58.249922,Mountain Energy Nepal Limited
2026041504031157,MEN,65,8,10,603.0,6030.0,2026-04-15,186515532,2913,Sharepro Securities Private Limited,Brilliant Securities Pvt. Ltd.,2026-04-15 14:53:05.915797,Mountain Energy Nepal Limited
2026041504031215,MEN,65,8,10,603.0,6030.0,2026-04-15,186515874,2913,Sharepro Securities Private Limited,Brilliant Securities Pvt. Ltd.,2026-04-15 14:53:27.987131,Mountain Energy Nepal Limited
2026041504031327,MEN,65,54,10,602.5,6025.0,2026-04-15,186516650,2913,Sharepro Securities Private Limited,Sewa Securities Pvt. Ltd.,2026-04-15 14:54:09.315413,Mountain Energy Nepal Limited
2026041504031519,MEN,35,26,50,602.0,30100.0,2026-04-15,186518262,2913,Kohinoor Investment & Securities Pvt. Ltd.,Asian Securities Private Ltd.,2026-04-15 14:55:07.565877,Mountain Energy Nepal Limited
2026041504031628,MEN,1,58,90,601.0,54090.0,2026-04-15,186519069,2913,Kumari Securities Private Limited,Naasa Securities Co. Ltd.,2026-04-15 14:55:36.439564,Mountain Energy Nepal Limited
2026041504031835,MEN,25,26,50,602.0,30100.0,2026-04-15,186520216,2913,Sweta Securities Private Limited,Asian Securities Private Ltd.,2026-04-15 14:56:16.721579,Mountain Energy Nepal Limited
2026041504032167,MEN,1,19,95,601.0,57095.0,2026-04-15,186522186,2913,Kumari Securities Private Limited,Nepal Investment And Securities Trading Private Limited,2026-04-15 14:57:14.426771,Mountain Energy Nepal Limited
2026041504032237,MEN,32,26,100,600.6,60060.0,2026-04-15,186522667,2913,Premier Securities Company Ltd.,Asian Securities Private Ltd.,2026-04-15 14:57:29.788991,Mountain Energy Nepal Limited
2026041504032450,MEN,36,95,100,600.6,60060.0,2026-04-15,186523654,2913,Secured Securities Ltd.,Magnet Securities and Investment Company Private Limited,2026-04-15 14:57:56.219660,Mountain Energy Nepal Limited
2026041504032451,MEN,48,95,100,600.5,60050.0,2026-04-15,186523655,2913,Trishakti Securities Public Limited,Magnet Securities and Investment Company Private Limited,2026-04-15 14:57:56.220168,Mountain Energy Nepal Limited
2026041504032601,MEN,58,19,40,602.0,24080.0,2026-04-15,186524732,2913,Naasa Securities Co. Ltd.,Nepal Investment And Securities Trading Private Limited,2026-04-15 14:58:26.959471,Mountain Energy Nepal Limited
2026041504032887,MEN,41,26,75,600.6,45045.0,2026-04-15,186526492,2913,Linch Stock Market Ltd.,Asian Securities Private Ltd.,2026-04-15 14:59:06.295752,Mountain Energy Nepal Limited
2026041504032888,MEN,48,26,25,600.5,15012.5,2026-04-15,186526493,2913,Trishakti Securities Public Limited,Asian Securities Private Ltd.,2026-04-15 14:59:06.296286,Mountain Energy Nepal Limited
2026041504033252,MEN,48,26,25,600.5,15012.5,2026-04-15,186528806,2913,Trishakti Securities Public Limited,Asian Securities Private Ltd.,2026-04-15 14:59:39.562729,Mountain Energy Nepal Limited
2026041504033253,MEN,44,26,75,600.5,45037.5,2026-04-15,186528807,2913,Dynamic Money Managers Securities Pvt. Ltd.,Asian Securities Private Ltd.,2026-04-15 14:59:39.562969,Mountain Energy Nepal Limited
