contractId,stockSymbol,buyerMemberId,sellerMemberId,quantity,rate,amount,businessDate,tradeBookId,stockId,buyerBrokerName,sellerBrokerName,transaction_time,securityName
2026041503000017,NABBC,35,37,16,1196.0,19136.0,2026-04-15,186286006,172,Kohinoor Investment & Securities Pvt. Ltd.,Swarna Laxmi Securities Pvt. Ltd.,2026-04-15 11:01:45.667589,Narayani Development Bank Limited
2026041503000018,NABBC,42,42,100,1219.0,121900.0,2026-04-15,186286112,172,Sani Securities Company Ltd.,Sani Securities Company Ltd.,2026-04-15 11:01:54.791210,Narayani Development Bank Limited
2026041503000022,NABBC,35,38,14,1218.0,17052.0,2026-04-15,186286642,172,Kohinoor Investment & Securities Pvt. Ltd.,Dipshikha Dhitopatra Karobar Co. Pvt Ltd.,2026-04-15 11:02:18.664256,Narayani Development Bank Limited
2026041503000078,NABBC,63,28,15,1203.0,18045.0,2026-04-15,186292114,172,Himalayan Brokerage Company Limited,Shree Krishna Securities Ltd.,2026-04-15 11:08:04.451120,Narayani Development Bank Limited
2026041503000116,NABBC,57,69,10,1194.0,11940.0,2026-04-15,186293105,172,Aryatara Investment & Securities,INDEX SECURITIES LIMITED,2026-04-15 11:09:16.242078,Narayani Development Bank Limited
2026041503000123,NABBC,57,42,20,1194.0,23880.0,2026-04-15,186293636,172,Aryatara Investment & Securities,Sani Securities Company Ltd.,2026-04-15 11:09:56.432692,Narayani Development Bank Limited
2026041503000546,NABBC,39,45,10,1194.0,11940.0,2026-04-15,186310896,172,Sumeru Securities Pvt. Ltd.,Imperial Securities Company Pvt. Ltd.,2026-04-15 11:28:53.243749,Narayani Development Bank Limited
2026041503001015,NABBC,17,42,10,1180.0,11800.0,2026-04-15,186327598,172,ABC Securities Private Limited,Sani Securities Company Ltd.,2026-04-15 11:46:01.342313,Narayani Development Bank Limited
2026041503001034,NABBC,39,58,20,1175.0,23500.0,2026-04-15,186328481,172,Sumeru Securities Pvt. Ltd.,Naasa Securities Co. Ltd.,2026-04-15 11:46:47.393767,Narayani Development Bank Limited
2026041503001086,NABBC,35,61,20,1176.0,23520.0,2026-04-15,186330254,172,Kohinoor Investment & Securities Pvt. Ltd.,BHOLE GANESH SECURITIES LTD,2026-04-15 11:48:29.600449,Narayani Development Bank Limited
2026041503001087,NABBC,16,61,20,1175.0,23500.0,2026-04-15,186330255,172,Primo Securities (PVT) Ltd.,BHOLE GANESH SECURITIES LTD,2026-04-15 11:48:29.600658,Narayani Development Bank Limited
2026041503001092,NABBC,17,61,10,1174.0,11740.0,2026-04-15,186330614,172,ABC Securities Private Limited,BHOLE GANESH SECURITIES LTD,2026-04-15 11:48:47.338690,Narayani Development Bank Limited
2026041503001093,NABBC,4,61,190,1173.2,222908.0,2026-04-15,186330615,172,Opal Securities Investment (PVT) Ltd.,BHOLE GANESH SECURITIES LTD,2026-04-15 11:48:47.338897,Narayani Development Bank Limited
2026041503001129,NABBC,4,38,407,1173.2,477492.4,2026-04-15,186332263,172,Opal Securities Investment (PVT) Ltd.,Dipshikha Dhitopatra Karobar Co. Pvt Ltd.,2026-04-15 11:49:51.703839,Narayani Development Bank Limited
2026041503001479,NABBC,26,41,30,1175.0,35250.0,2026-04-15,186343526,172,Asian Securities Private Ltd.,Linch Stock Market Ltd.,2026-04-15 11:57:30.432879,Narayani Development Bank Limited
2026041503001480,NABBC,7,41,20,1174.1,23482.0,2026-04-15,186343527,172,J.F. Securites (PVT) Ltd.,Linch Stock Market Ltd.,2026-04-15 11:57:30.433084,Narayani Development Bank Limited
2026041503001910,NABBC,45,42,20,1176.0,23520.0,2026-04-15,186358157,172,Imperial Securities Company Pvt. Ltd.,Sani Securities Company Ltd.,2026-04-15 12:10:19.465838,Narayani Development Bank Limited
2026041503002902,NABBC,46,44,55,1179.0,64845.0,2026-04-15,186388606,172,Kalika Securities Pvt. Ltd.,Dynamic Money Managers Securities Pvt. Ltd.,2026-04-15 12:33:54.113326,Narayani Development Bank Limited
2026041503003108,NABBC,17,44,10,1179.0,11790.0,2026-04-15,186392984,172,ABC Securities Private Limited,Dynamic Money Managers Securities Pvt. Ltd.,2026-04-15 12:37:18.079441,Narayani Development Bank Limited
2026041503003148,NABBC,16,44,35,1179.0,41265.0,2026-04-15,186393583,172,Primo Securities (PVT) Ltd.,Dynamic Money Managers Securities Pvt. Ltd.,2026-04-15 12:37:49.548770,Narayani Development Bank Limited
2026041503003215,NABBC,16,57,10,1179.0,11790.0,2026-04-15,186395284,172,Primo Securities (PVT) Ltd.,Aryatara Investment & Securities,2026-04-15 12:39:28.672384,Narayani Development Bank Limited
2026041503003216,NABBC,34,57,25,1177.1,29427.5,2026-04-15,186395286,172,Vision Securities Pvt. Ltd,Aryatara Investment & Securities,2026-04-15 12:39:28.672485,Narayani Development Bank Limited
2026041503003217,NABBC,17,57,10,1177.0,11770.0,2026-04-15,186395288,172,ABC Securities Private Limited,Aryatara Investment & Securities,2026-04-15 12:39:28.672562,Narayani Development Bank Limited
2026041503003218,NABBC,17,57,10,1176.4,11764.0,2026-04-15,186395290,172,ABC Securities Private Limited,Aryatara Investment & Securities,2026-04-15 12:39:28.672639,Narayani Development Bank Limited
2026041503003219,NABBC,7,57,10,1176.3,11763.0,2026-04-15,186395292,172,J.F. Securites (PVT) Ltd.,Aryatara Investment & Securities,2026-04-15 12:39:28.672714,Narayani Development Bank Limited
2026041503003220,NABBC,7,57,20,1176.3,23526.0,2026-04-15,186395294,172,J.F. Securites (PVT) Ltd.,Aryatara Investment & Securities,2026-04-15 12:39:28.672787,Narayani Development Bank Limited
2026041503003221,NABBC,26,57,15,1176.0,17640.0,2026-04-15,186395295,172,Asian Securities Private Ltd.,Aryatara Investment & Securities,2026-04-15 12:39:28.672861,Narayani Development Bank Limited
2026041503003225,NABBC,16,58,20,1180.0,23600.0,2026-04-15,186395411,172,Primo Securities (PVT) Ltd.,Naasa Securities Co. Ltd.,2026-04-15 12:39:34.891237,Narayani Development Bank Limited
2026041503003236,NABBC,16,57,30,1180.0,35400.0,2026-04-15,186395790,172,Primo Securities (PVT) Ltd.,Aryatara Investment & Securities,2026-04-15 12:39:58.898360,Narayani Development Bank Limited
2026041503003237,NABBC,26,57,45,1176.0,52920.0,2026-04-15,186395792,172,Asian Securities Private Ltd.,Aryatara Investment & Securities,2026-04-15 12:39:58.898456,Narayani Development Bank Limited
2026041503003238,NABBC,6,57,25,1176.0,29400.0,2026-04-15,186395793,172,Agrawal Securities (PVT) Ltd.,Aryatara Investment & Securities,2026-04-15 12:39:58.898530,Narayani Development Bank Limited
2026041503003590,NABBC,7,53,30,1176.1,35283.0,2026-04-15,186403374,172,J.F. Securites (PVT) Ltd.,Investment Management Nepal Pvt. Ltd.,2026-04-15 12:47:24.174373,Narayani Development Bank Limited
2026041503003591,NABBC,6,53,125,1176.0,147000.0,2026-04-15,186403376,172,Agrawal Securities (PVT) Ltd.,Investment Management Nepal Pvt. Ltd.,2026-04-15 12:47:24.174467,Narayani Development Bank Limited
2026041503003592,NABBC,22,53,107,1176.0,125832.0,2026-04-15,186403377,172,Siprabi Securities Pvt. Ltd.,Investment Management Nepal Pvt. Ltd.,2026-04-15 12:47:24.174510,Narayani Development Bank Limited
2026041503003843,NABBC,22,38,73,1176.0,85848.0,2026-04-15,186411758,172,Siprabi Securities Pvt. Ltd.,Dipshikha Dhitopatra Karobar Co. Pvt Ltd.,2026-04-15 12:56:06.929263,Narayani Development Bank Limited
2026041503003844,NABBC,59,38,67,1176.0,78792.0,2026-04-15,186411759,172,Deevyaa Securities & Stock House Pvt. Ltd,Dipshikha Dhitopatra Karobar Co. Pvt Ltd.,2026-04-15 12:56:06.929366,Narayani Development Bank Limited
2026041503003969,NABBC,58,38,30,1176.0,35280.0,2026-04-15,186415195,172,Naasa Securities Co. Ltd.,Dipshikha Dhitopatra Karobar Co. Pvt Ltd.,2026-04-15 12:59:38.626691,Narayani Development Bank Limited
2026041503003998,NABBC,58,43,20,1176.0,23520.0,2026-04-15,186415706,172,Naasa Securities Co. Ltd.,South Asian Bulls Pvt. Ltd.,2026-04-15 13:00:20.597989,Narayani Development Bank Limited
2026041503003999,NABBC,17,43,10,1175.0,11750.0,2026-04-15,186415708,172,ABC Securities Private Limited,South Asian Bulls Pvt. Ltd.,2026-04-15 13:00:20.598106,Narayani Development Bank Limited
2026041503004000,NABBC,58,43,10,1175.0,11750.0,2026-04-15,186415710,172,Naasa Securities Co. Ltd.,South Asian Bulls Pvt. Ltd.,2026-04-15 13:00:20.598195,Narayani Development Bank Limited
2026041503004001,NABBC,49,43,10,1175.0,11750.0,2026-04-15,186415712,172,Online Securities Pvt. Ltd.,South Asian Bulls Pvt. Ltd.,2026-04-15 13:00:20.598257,Narayani Development Bank Limited
2026041503004002,NABBC,17,43,10,1175.0,11750.0,2026-04-15,186415714,172,ABC Securities Private Limited,South Asian Bulls Pvt. Ltd.,2026-04-15 13:00:20.598313,Narayani Development Bank Limited
2026041503004003,NABBC,22,43,65,1174.0,76310.0,2026-04-15,186415715,172,Siprabi Securities Pvt. Ltd.,South Asian Bulls Pvt. Ltd.,2026-04-15 13:00:20.598375,Narayani Development Bank Limited
2026041503004201,NABBC,22,6,35,1174.0,41090.0,2026-04-15,186419882,172,Siprabi Securities Pvt. Ltd.,Agrawal Securities (PVT) Ltd.,2026-04-15 13:04:45.295179,Narayani Development Bank Limited
2026041503004255,NABBC,58,42,50,1173.1,58655.0,2026-04-15,186420959,172,Naasa Securities Co. Ltd.,Sani Securities Company Ltd.,2026-04-15 13:05:49.238283,Narayani Development Bank Limited
2026041503004460,NABBC,58,6,10,1173.1,11731.0,2026-04-15,186425136,172,Naasa Securities Co. Ltd.,Agrawal Securities (PVT) Ltd.,2026-04-15 13:10:04.358970,Narayani Development Bank Limited
2026041503004566,NABBC,17,56,10,1172.0,11720.0,2026-04-15,186427070,172,ABC Securities Private Limited,Sri Hari Securities Pvt. Ltd.,2026-04-15 13:12:17.761657,Narayani Development Bank Limited
2026041503004567,NABBC,40,56,30,1172.0,35160.0,2026-04-15,186427072,172,Creative Securities Pvt Ltd,Sri Hari Securities Pvt. Ltd.,2026-04-15 13:12:17.761747,Narayani Development Bank Limited
2026041503004568,NABBC,58,56,20,1172.0,23440.0,2026-04-15,186427073,172,Naasa Securities Co. Ltd.,Sri Hari Securities Pvt. Ltd.,2026-04-15 13:12:17.761787,Narayani Development Bank Limited
2026041503004687,NABBC,54,6,50,1170.3,58515.0,2026-04-15,186428808,172,Sewa Securities Pvt. Ltd.,Agrawal Securities (PVT) Ltd.,2026-04-15 13:14:02.258482,Narayani Development Bank Limited
2026041503004688,NABBC,22,6,20,1170.2,23404.0,2026-04-15,186428810,172,Siprabi Securities Pvt. Ltd.,Agrawal Securities (PVT) Ltd.,2026-04-15 13:14:02.258676,Narayani Development Bank Limited
2026041503004689,NABBC,57,6,10,1170.2,11702.0,2026-04-15,186428812,172,Aryatara Investment & Securities,Agrawal Securities (PVT) Ltd.,2026-04-15 13:14:02.258799,Narayani Development Bank Limited
2026041503004690,NABBC,58,6,15,1170.2,17553.0,2026-04-15,186428814,172,Naasa Securities Co. Ltd.,Agrawal Securities (PVT) Ltd.,2026-04-15 13:14:02.258914,Narayani Development Bank Limited
2026041503004691,NABBC,38,6,40,1170.0,46800.0,2026-04-15,186428816,172,Dipshikha Dhitopatra Karobar Co. Pvt Ltd.,Agrawal Securities (PVT) Ltd.,2026-04-15 13:14:02.259066,Narayani Development Bank Limited
2026041503005129,NABBC,58,14,10,1162.0,11620.0,2026-04-15,186438513,172,Naasa Securities Co. Ltd.,Nepal Stock House (PVT) Ltd.,2026-04-15 13:25:58.717291,Narayani Development Bank Limited
2026041503005136,NABBC,17,22,10,1163.0,11630.0,2026-04-15,186438774,172,ABC Securities Private Limited,Siprabi Securities Pvt. Ltd.,2026-04-15 13:26:18.725461,Narayani Development Bank Limited
2026041503005227,NABBC,58,45,10,1162.0,11620.0,2026-04-15,186440431,172,Naasa Securities Co. Ltd.,Imperial Securities Company Pvt. Ltd.,2026-04-15 13:28:16.180579,Narayani Development Bank Limited
2026041503005232,NABBC,58,56,25,1162.0,29050.0,2026-04-15,186440680,172,Naasa Securities Co. Ltd.,Sri Hari Securities Pvt. Ltd.,2026-04-15 13:28:29.896947,Narayani Development Bank Limited
2026041503005233,NABBC,49,56,15,1162.0,17430.0,2026-04-15,186440681,172,Online Securities Pvt. Ltd.,Sri Hari Securities Pvt. Ltd.,2026-04-15 13:28:29.897149,Narayani Development Bank Limited
2026041503005264,NABBC,49,53,32,1162.0,37184.0,2026-04-15,186441210,172,Online Securities Pvt. Ltd.,Investment Management Nepal Pvt. Ltd.,2026-04-15 13:29:03.804169,Narayani Development Bank Limited
2026041503005265,NABBC,39,53,168,1161.0,195048.0,2026-04-15,186441211,172,Sumeru Securities Pvt. Ltd.,Investment Management Nepal Pvt. Ltd.,2026-04-15 13:29:03.804357,Narayani Development Bank Limited
2026041503005281,NABBC,39,22,32,1163.0,37216.0,2026-04-15,186441558,172,Sumeru Securities Pvt. Ltd.,Siprabi Securities Pvt. Ltd.,2026-04-15 13:29:25.794899,Narayani Development Bank Limited
2026041503005758,NABBC,33,58,100,1164.0,116400.0,2026-04-15,186452224,172,Dakshinkali Investment & Securities Pvt. Ltd.,Naasa Securities Co. Ltd.,2026-04-15 13:44:14.253069,Narayani Development Bank Limited
2026041503005834,NABBC,58,58,100,1164.0,116400.0,2026-04-15,186453642,172,Naasa Securities Co. Ltd.,Naasa Securities Co. Ltd.,2026-04-15 13:46:09.261327,Narayani Development Bank Limited
2026041503005865,NABBC,11,50,100,1161.0,116100.0,2026-04-15,186454781,172,Malla & Malla Stock Broking Company Pvt. Limited,Cristal Kanchanjanga Securites Pvt. Ltd.,2026-04-15 13:47:23.113851,Narayani Development Bank Limited
2026041503005878,NABBC,35,58,50,1164.0,58200.0,2026-04-15,186455102,172,Kohinoor Investment & Securities Pvt. Ltd.,Naasa Securities Co. Ltd.,2026-04-15 13:47:46.294432,Narayani Development Bank Limited
2026041503006018,NABBC,58,45,10,1160.0,11600.0,2026-04-15,186457425,172,Naasa Securities Co. Ltd.,Imperial Securities Company Pvt. Ltd.,2026-04-15 13:50:38.886759,Narayani Development Bank Limited
2026041503006051,NABBC,58,6,36,1160.0,41760.0,2026-04-15,186458366,172,Naasa Securities Co. Ltd.,Agrawal Securities (PVT) Ltd.,2026-04-15 13:51:30.227020,Narayani Development Bank Limited
2026041503006052,NABBC,17,6,10,1160.0,11600.0,2026-04-15,186458368,172,ABC Securities Private Limited,Agrawal Securities (PVT) Ltd.,2026-04-15 13:51:30.227166,Narayani Development Bank Limited
2026041503006053,NABBC,40,6,20,1160.0,23200.0,2026-04-15,186458370,172,Creative Securities Pvt Ltd,Agrawal Securities (PVT) Ltd.,2026-04-15 13:51:30.227214,Narayani Development Bank Limited
2026041503006054,NABBC,49,6,10,1160.0,11600.0,2026-04-15,186458372,172,Online Securities Pvt. Ltd.,Agrawal Securities (PVT) Ltd.,2026-04-15 13:51:30.227268,Narayani Development Bank Limited
2026041503006127,NABBC,51,6,86,1160.0,99760.0,2026-04-15,186459862,172,Oxford Securities Pvt. Ltd.,Agrawal Securities (PVT) Ltd.,2026-04-15 13:53:02.409814,Narayani Development Bank Limited
2026041503006163,NABBC,49,38,10,1156.3,11563.0,2026-04-15,186460710,172,Online Securities Pvt. Ltd.,Dipshikha Dhitopatra Karobar Co. Pvt Ltd.,2026-04-15 13:54:04.035423,Narayani Development Bank Limited
2026041503006164,NABBC,56,38,40,1156.3,46252.0,2026-04-15,186460711,172,Sri Hari Securities Pvt. Ltd.,Dipshikha Dhitopatra Karobar Co. Pvt Ltd.,2026-04-15 13:54:04.035511,Narayani Development Bank Limited
2026041503006242,NABBC,58,45,10,1156.6,11566.0,2026-04-15,186462615,172,Naasa Securities Co. Ltd.,Imperial Securities Company Pvt. Ltd.,2026-04-15 13:56:44.557852,Narayani Development Bank Limited
2026041503006254,NABBC,45,45,10,1157.0,11570.0,2026-04-15,186462959,172,Imperial Securities Company Pvt. Ltd.,Imperial Securities Company Pvt. Ltd.,2026-04-15 13:57:20.960925,Narayani Development Bank Limited
2026041503006258,NABBC,58,6,70,1160.0,81200.0,2026-04-15,186463036,172,Naasa Securities Co. Ltd.,Agrawal Securities (PVT) Ltd.,2026-04-15 13:57:31.356334,Narayani Development Bank Limited
2026041503006307,NABBC,62,6,18,1160.0,20880.0,2026-04-15,186464656,172,Capital Max Securities Ltd,Agrawal Securities (PVT) Ltd.,2026-04-15 13:59:45.963098,Narayani Development Bank Limited
2026041503006341,NABBC,62,6,195,1160.0,226200.0,2026-04-15,186465399,172,Capital Max Securities Ltd,Agrawal Securities (PVT) Ltd.,2026-04-15 14:00:59.449047,Narayani Development Bank Limited
2026041503006342,NABBC,62,58,105,1164.0,122220.0,2026-04-15,186465402,172,Capital Max Securities Ltd,Naasa Securities Co. Ltd.,2026-04-15 14:00:59.449149,Narayani Development Bank Limited
2026041503006357,NABBC,40,58,40,1164.0,46560.0,2026-04-15,186465808,172,Creative Securities Pvt Ltd,Naasa Securities Co. Ltd.,2026-04-15 14:01:47.131585,Narayani Development Bank Limited
2026041503006541,NABBC,58,58,10,1156.7,11567.0,2026-04-15,186468783,172,Naasa Securities Co. Ltd.,Naasa Securities Co. Ltd.,2026-04-15 14:06:27.161370,Narayani Development Bank Limited
2026041503006556,NABBC,56,58,36,1156.6,41637.6,2026-04-15,186469135,172,Sri Hari Securities Pvt. Ltd.,Naasa Securities Co. Ltd.,2026-04-15 14:07:05.219667,Narayani Development Bank Limited
2026041503006582,NABBC,56,42,24,1156.6,27758.4,2026-04-15,186469502,172,Sri Hari Securities Pvt. Ltd.,Sani Securities Company Ltd.,2026-04-15 14:07:49.109300,Narayani Development Bank Limited
2026041503006583,NABBC,48,42,26,1156.5,30069.0,2026-04-15,186469503,172,Trishakti Securities Public Limited,Sani Securities Company Ltd.,2026-04-15 14:07:49.109511,Narayani Development Bank Limited
2026041503006667,NABBC,33,66,10,1156.5,11565.0,2026-04-15,186471056,172,Dakshinkali Investment & Securities Pvt. Ltd.,Miyo Securities Pvt Ltd,2026-04-15 14:10:22.157793,Narayani Development Bank Limited
2026041503006668,NABBC,33,66,10,1156.4,11564.0,2026-04-15,186471058,172,Dakshinkali Investment & Securities Pvt. Ltd.,Miyo Securities Pvt Ltd,2026-04-15 14:10:22.157988,Narayani Development Bank Limited
2026041503006669,NABBC,49,66,26,1156.3,30063.8,2026-04-15,186471060,172,Online Securities Pvt. Ltd.,Miyo Securities Pvt Ltd,2026-04-15 14:10:22.158129,Narayani Development Bank Limited
2026041503006670,NABBC,33,66,10,1156.2,11562.0,2026-04-15,186471062,172,Dakshinkali Investment & Securities Pvt. Ltd.,Miyo Securities Pvt Ltd,2026-04-15 14:10:22.158251,Narayani Development Bank Limited
2026041503006671,NABBC,47,66,44,1156.1,50868.4,2026-04-15,186471063,172,Neev Securities Pvt. Ltd.,Miyo Securities Pvt Ltd,2026-04-15 14:10:22.158413,Narayani Development Bank Limited
2026041503006725,NABBC,25,58,50,1160.0,58000.0,2026-04-15,186471901,172,Sweta Securities Private Limited,Naasa Securities Co. Ltd.,2026-04-15 14:11:47.569339,Narayani Development Bank Limited
2026041503006768,NABBC,39,58,197,1164.0,229308.0,2026-04-15,186473027,172,Sumeru Securities Pvt. Ltd.,Naasa Securities Co. Ltd.,2026-04-15 14:13:38.673754,Narayani Development Bank Limited
2026041503006769,NABBC,39,22,23,1164.0,26772.0,2026-04-15,186473030,172,Sumeru Securities Pvt. Ltd.,Siprabi Securities Pvt. Ltd.,2026-04-15 14:13:38.673842,Narayani Development Bank Limited
2026041503006805,NABBC,39,42,10,1185.0,11850.0,2026-04-15,186473786,172,Sumeru Securities Pvt. Ltd.,Sani Securities Company Ltd.,2026-04-15 14:14:45.572398,Narayani Development Bank Limited
2026041503007177,NABBC,74,42,40,1180.0,47200.0,2026-04-15,186481967,172,KALASH STOCK MARKET PVT. LTD.,Sani Securities Company Ltd.,2026-04-15 14:24:00.303221,Narayani Development Bank Limited
2026041503007178,NABBC,74,50,100,1182.0,118200.0,2026-04-15,186481969,172,KALASH STOCK MARKET PVT. LTD.,Cristal Kanchanjanga Securites Pvt. Ltd.,2026-04-15 14:24:00.303259,Narayani Development Bank Limited
2026041503007179,NABBC,74,36,10,1183.0,11830.0,2026-04-15,186481971,172,KALASH STOCK MARKET PVT. LTD.,Secured Securities Ltd.,2026-04-15 14:24:00.303283,Narayani Development Bank Limited
2026041503007180,NABBC,74,14,100,1184.0,118400.0,2026-04-15,186481973,172,KALASH STOCK MARKET PVT. LTD.,Nepal Stock House (PVT) Ltd.,2026-04-15 14:24:00.303323,Narayani Development Bank Limited
2026041503007181,NABBC,74,17,250,1185.9,296475.0,2026-04-15,186481976,172,KALASH STOCK MARKET PVT. LTD.,ABC Securities Private Limited,2026-04-15 14:24:00.303355,Narayani Development Bank Limited
2026041503007210,NABBC,45,17,100,1185.9,118590.0,2026-04-15,186482358,172,Imperial Securities Company Pvt. Ltd.,ABC Securities Private Limited,2026-04-15 14:24:16.459513,Narayani Development Bank Limited
2026041503007220,NABBC,50,17,23,1185.9,27275.7,2026-04-15,186482581,172,Cristal Kanchanjanga Securites Pvt. Ltd.,ABC Securities Private Limited,2026-04-15 14:24:27.795987,Narayani Development Bank Limited
2026041503007221,NABBC,50,44,73,1186.0,86578.0,2026-04-15,186482583,172,Cristal Kanchanjanga Securites Pvt. Ltd.,Dynamic Money Managers Securities Pvt. Ltd.,2026-04-15 14:24:27.796116,Narayani Development Bank Limited
2026041503007222,NABBC,50,4,100,1187.0,118700.0,2026-04-15,186482585,172,Cristal Kanchanjanga Securites Pvt. Ltd.,Opal Securities Investment (PVT) Ltd.,2026-04-15 14:24:27.796172,Narayani Development Bank Limited
2026041503007236,NABBC,34,40,20,1190.0,23800.0,2026-04-15,186482897,172,Vision Securities Pvt. Ltd,Creative Securities Pvt Ltd,2026-04-15 14:24:43.696701,Narayani Development Bank Limited
2026041503007237,NABBC,34,22,80,1190.0,95200.0,2026-04-15,186482900,172,Vision Securities Pvt. Ltd,Siprabi Securities Pvt. Ltd.,2026-04-15 14:24:43.696902,Narayani Development Bank Limited
2026041503007242,NABBC,4,22,20,1190.0,23800.0,2026-04-15,186482993,172,Opal Securities Investment (PVT) Ltd.,Siprabi Securities Pvt. Ltd.,2026-04-15 14:24:49.477412,Narayani Development Bank Limited
2026041503007279,NABBC,47,80,30,1193.0,35790.0,2026-04-15,186483529,172,Neev Securities Pvt. Ltd.,Indira securities pvt. ltd,2026-04-15 14:25:13.603999,Narayani Development Bank Limited
2026041503007280,NABBC,47,53,20,1196.0,23920.0,2026-04-15,186483531,172,Neev Securities Pvt. Ltd.,Investment Management Nepal Pvt. Ltd.,2026-04-15 14:25:13.604224,Narayani Development Bank Limited
2026041503007281,NABBC,47,21,30,1197.0,35910.0,2026-04-15,186483533,172,Neev Securities Pvt. Ltd.,Midas Stock Broking Company Private Limited,2026-04-15 14:25:13.604358,Narayani Development Bank Limited
2026041503007282,NABBC,47,17,300,1198.9,359670.0,2026-04-15,186483535,172,Neev Securities Pvt. Ltd.,ABC Securities Private Limited,2026-04-15 14:25:13.604489,Narayani Development Bank Limited
2026041503007283,NABBC,47,57,20,1199.0,23980.0,2026-04-15,186483537,172,Neev Securities Pvt. Ltd.,Aryatara Investment & Securities,2026-04-15 14:25:13.604617,Narayani Development Bank Limited
2026041503007284,NABBC,47,69,200,1199.5,239900.0,2026-04-15,186483539,172,Neev Securities Pvt. Ltd.,INDEX SECURITIES LIMITED,2026-04-15 14:25:13.604742,Narayani Development Bank Limited
2026041503007309,NABBC,57,28,35,1203.0,42105.0,2026-04-15,186483677,172,Aryatara Investment & Securities,Shree Krishna Securities Ltd.,2026-04-15 14:25:22.067210,Narayani Development Bank Limited
2026041503007310,NABBC,57,57,65,1203.0,78195.0,2026-04-15,186483680,172,Aryatara Investment & Securities,Aryatara Investment & Securities,2026-04-15 14:25:22.067251,Narayani Development Bank Limited
2026041503007325,NABBC,4,57,100,1203.0,120300.0,2026-04-15,186483884,172,Opal Securities Investment (PVT) Ltd.,Aryatara Investment & Securities,2026-04-15 14:25:32.899665,Narayani Development Bank Limited
2026041503007332,NABBC,47,57,35,1203.0,42105.0,2026-04-15,186483959,172,Neev Securities Pvt. Ltd.,Aryatara Investment & Securities,2026-04-15 14:25:36.468093,Narayani Development Bank Limited
2026041503007333,NABBC,47,57,40,1205.0,48200.0,2026-04-15,186483961,172,Neev Securities Pvt. Ltd.,Aryatara Investment & Securities,2026-04-15 14:25:36.468179,Narayani Development Bank Limited
2026041503007334,NABBC,47,49,500,1205.0,602500.0,2026-04-15,186483963,172,Neev Securities Pvt. Ltd.,Online Securities Pvt. Ltd.,2026-04-15 14:25:36.468235,Narayani Development Bank Limited
2026041503007335,NABBC,47,37,15,1208.0,18120.0,2026-04-15,186483965,172,Neev Securities Pvt. Ltd.,Swarna Laxmi Securities Pvt. Ltd.,2026-04-15 14:25:36.468275,Narayani Development Bank Limited
2026041503007336,NABBC,47,42,50,1208.0,60400.0,2026-04-15,186483967,172,Neev Securities Pvt. Ltd.,Sani Securities Company Ltd.,2026-04-15 14:25:36.468312,Narayani Development Bank Limited
2026041503007337,NABBC,47,28,200,1209.0,241800.0,2026-04-15,186483969,172,Neev Securities Pvt. Ltd.,Shree Krishna Securities Ltd.,2026-04-15 14:25:36.468348,Narayani Development Bank Limited
2026041503007345,NABBC,43,5,10,1215.0,12150.0,2026-04-15,186484139,172,South Asian Bulls Pvt. Ltd.,Market Securities & Exchange (PVT) Ltd.,2026-04-15 14:25:49.378709,Narayani Development Bank Limited
2026041503007346,NABBC,43,14,50,1215.0,60750.0,2026-04-15,186484141,172,South Asian Bulls Pvt. Ltd.,Nepal Stock House (PVT) Ltd.,2026-04-15 14:25:49.378792,Narayani Development Bank Limited
2026041503007347,NABBC,43,95,250,1217.0,304250.0,2026-04-15,186484143,172,South Asian Bulls Pvt. Ltd.,Magnet Securities and Investment Company Private Limited,2026-04-15 14:25:49.378822,Narayani Development Bank Limited
2026041503007348,NABBC,43,6,25,1217.0,30425.0,2026-04-15,186484145,172,South Asian Bulls Pvt. Ltd.,Agrawal Securities (PVT) Ltd.,2026-04-15 14:25:49.378843,Narayani Development Bank Limited
2026041503007349,NABBC,43,95,15,1217.0,18255.0,2026-04-15,186484148,172,South Asian Bulls Pvt. Ltd.,Magnet Securities and Investment Company Private Limited,2026-04-15 14:25:49.378864,Narayani Development Bank Limited
2026041503007354,NABBC,62,95,295,1217.0,359015.0,2026-04-15,186484269,172,Capital Max Securities Ltd,Magnet Securities and Investment Company Private Limited,2026-04-15 14:25:53.937222,Narayani Development Bank Limited
2026041503007355,NABBC,62,71,200,1217.0,243400.0,2026-04-15,186484271,172,Capital Max Securities Ltd,SHUBHAKAMANA SECURITIES PVT. LTD,2026-04-15 14:25:53.937366,Narayani Development Bank Limited
2026041503007356,NABBC,62,53,50,1217.8,60890.0,2026-04-15,186484273,172,Capital Max Securities Ltd,Investment Management Nepal Pvt. Ltd.,2026-04-15 14:25:53.937437,Narayani Development Bank Limited
2026041503007357,NABBC,62,7,25,1217.8,30445.0,2026-04-15,186484275,172,Capital Max Securities Ltd,J.F. Securites (PVT) Ltd.,2026-04-15 14:25:53.937480,Narayani Development Bank Limited
2026041503007358,NABBC,62,38,86,1218.0,104748.0,2026-04-15,186484277,172,Capital Max Securities Ltd,Dipshikha Dhitopatra Karobar Co. Pvt Ltd.,2026-04-15 14:25:53.937526,Narayani Development Bank Limited
2026041503007359,NABBC,62,21,25,1218.0,30450.0,2026-04-15,186484279,172,Capital Max Securities Ltd,Midas Stock Broking Company Private Limited,2026-04-15 14:25:53.937566,Narayani Development Bank Limited
2026041503007360,NABBC,62,4,20,1218.0,24360.0,2026-04-15,186484281,172,Capital Max Securities Ltd,Opal Securities Investment (PVT) Ltd.,2026-04-15 14:25:53.937603,Narayani Development Bank Limited
2026041503007361,NABBC,62,58,100,1218.0,121800.0,2026-04-15,186484283,172,Capital Max Securities Ltd,Naasa Securities Co. Ltd.,2026-04-15 14:25:53.937638,Narayani Development Bank Limited
2026041503007365,NABBC,47,21,10,1227.0,12270.0,2026-04-15,186484301,172,Neev Securities Pvt. Ltd.,Midas Stock Broking Company Private Limited,2026-04-15 14:25:55.287153,Narayani Development Bank Limited
2026041503007366,NABBC,47,45,50,1227.0,61350.0,2026-04-15,186484303,172,Neev Securities Pvt. Ltd.,Imperial Securities Company Pvt. Ltd.,2026-04-15 14:25:55.287249,Narayani Development Bank Limited
2026041503007367,NABBC,47,49,50,1240.0,62000.0,2026-04-15,186484305,172,Neev Securities Pvt. Ltd.,Online Securities Pvt. Ltd.,2026-04-15 14:25:55.287324,Narayani Development Bank Limited
2026041503007368,NABBC,47,42,150,1242.0,186300.0,2026-04-15,186484307,172,Neev Securities Pvt. Ltd.,Sani Securities Company Ltd.,2026-04-15 14:25:55.287396,Narayani Development Bank Limited
2026041503007369,NABBC,47,57,50,1242.0,62100.0,2026-04-15,186484309,172,Neev Securities Pvt. Ltd.,Aryatara Investment & Securities,2026-04-15 14:25:55.287468,Narayani Development Bank Limited
2026041503007370,NABBC,47,39,250,1242.0,310500.0,2026-04-15,186484312,172,Neev Securities Pvt. Ltd.,Sumeru Securities Pvt. Ltd.,2026-04-15 14:25:55.287549,Narayani Development Bank Limited
2026041503007405,NABBC,43,39,50,1242.0,62100.0,2026-04-15,186484587,172,South Asian Bulls Pvt. Ltd.,Sumeru Securities Pvt. Ltd.,2026-04-15 14:26:08.399050,Narayani Development Bank Limited
2026041503007406,NABBC,43,39,240,1242.0,298080.0,2026-04-15,186484589,172,South Asian Bulls Pvt. Ltd.,Sumeru Securities Pvt. Ltd.,2026-04-15 14:26:08.399092,Narayani Development Bank Limited
2026041503007407,NABBC,43,49,60,1242.0,74520.0,2026-04-15,186484592,172,South Asian Bulls Pvt. Ltd.,Online Securities Pvt. Ltd.,2026-04-15 14:26:08.399118,Narayani Development Bank Limited
2026041503007415,NABBC,49,17,10,1241.9,12419.0,2026-04-15,186484786,172,Online Securities Pvt. Ltd.,ABC Securities Private Limited,2026-04-15 14:26:20.195582,Narayani Development Bank Limited
2026041503007440,NABBC,88,42,100,1240.0,124000.0,2026-04-15,186485157,172,Blue Chip Securities Ltd,Sani Securities Company Ltd.,2026-04-15 14:26:41.954700,Narayani Development Bank Limited
2026041503007441,NABBC,88,17,290,1241.9,360151.0,2026-04-15,186485159,172,Blue Chip Securities Ltd,ABC Securities Private Limited,2026-04-15 14:26:41.954865,Narayani Development Bank Limited
2026041503007442,NABBC,88,49,10,1242.0,12420.0,2026-04-15,186485161,172,Blue Chip Securities Ltd,Online Securities Pvt. Ltd.,2026-04-15 14:26:41.954960,Narayani Development Bank Limited
2026041503007443,NABBC,88,74,400,1242.0,496800.0,2026-04-15,186485163,172,Blue Chip Securities Ltd,KALASH STOCK MARKET PVT. LTD.,2026-04-15 14:26:41.955080,Narayani Development Bank Limited
2026041503007444,NABBC,88,49,50,1242.0,62100.0,2026-04-15,186485165,172,Blue Chip Securities Ltd,Online Securities Pvt. Ltd.,2026-04-15 14:26:41.955174,Narayani Development Bank Limited
2026041503007445,NABBC,88,50,10,1242.0,12420.0,2026-04-15,186485167,172,Blue Chip Securities Ltd,Cristal Kanchanjanga Securites Pvt. Ltd.,2026-04-15 14:26:41.955268,Narayani Development Bank Limited
2026041503007446,NABBC,88,82,640,1242.0,794880.0,2026-04-15,186485170,172,Blue Chip Securities Ltd,N.M.B. SECURITIES LIMITED,2026-04-15 14:26:41.955357,Narayani Development Bank Limited
2026041503007450,NABBC,41,82,74,1242.0,91908.0,2026-04-15,186485226,172,Linch Stock Market Ltd.,N.M.B. SECURITIES LIMITED,2026-04-15 14:26:45.770656,Narayani Development Bank Limited
2026041503007468,NABBC,43,82,100,1242.0,124200.0,2026-04-15,186485550,172,South Asian Bulls Pvt. Ltd.,N.M.B. SECURITIES LIMITED,2026-04-15 14:27:01.108083,Narayani Development Bank Limited
2026041503007472,NABBC,88,69,300,1221.0,366300.0,2026-04-15,186485578,172,Blue Chip Securities Ltd,INDEX SECURITIES LIMITED,2026-04-15 14:27:03.137373,Narayani Development Bank Limited
2026041503007473,NABBC,62,69,199,1220.0,242780.0,2026-04-15,186485580,172,Capital Max Securities Ltd,INDEX SECURITIES LIMITED,2026-04-15 14:27:03.137558,Narayani Development Bank Limited
2026041503007474,NABBC,58,69,25,1220.0,30500.0,2026-04-15,186485581,172,Naasa Securities Co. Ltd.,INDEX SECURITIES LIMITED,2026-04-15 14:27:03.137670,Narayani Development Bank Limited
2026041503007499,NABBC,6,42,50,1240.0,62000.0,2026-04-15,186486139,172,Agrawal Securities (PVT) Ltd.,Sani Securities Company Ltd.,2026-04-15 14:27:30.368269,Narayani Development Bank Limited
2026041503007514,NABBC,6,69,50,1240.0,62000.0,2026-04-15,186486200,172,Agrawal Securities (PVT) Ltd.,INDEX SECURITIES LIMITED,2026-04-15 14:27:32.095609,Narayani Development Bank Limited
2026041503007515,NABBC,58,69,300,1220.0,366000.0,2026-04-15,186486202,172,Naasa Securities Co. Ltd.,INDEX SECURITIES LIMITED,2026-04-15 14:27:32.095792,Narayani Development Bank Limited
2026041503007516,NABBC,32,69,30,1220.0,36600.0,2026-04-15,186486203,172,Premier Securities Company Ltd.,INDEX SECURITIES LIMITED,2026-04-15 14:27:32.095910,Narayani Development Bank Limited
2026041503007518,NABBC,88,71,100,1222.0,122200.0,2026-04-15,186486224,172,Blue Chip Securities Ltd,SHUBHAKAMANA SECURITIES PVT. LTD,2026-04-15 14:27:33.944642,Narayani Development Bank Limited
2026041503007519,NABBC,49,71,10,1221.0,12210.0,2026-04-15,186486226,172,Online Securities Pvt. Ltd.,SHUBHAKAMANA SECURITIES PVT. LTD,2026-04-15 14:27:33.944741,Narayani Development Bank Limited
2026041503007520,NABBC,32,71,50,1220.0,61000.0,2026-04-15,186486228,172,Premier Securities Company Ltd.,SHUBHAKAMANA SECURITIES PVT. LTD,2026-04-15 14:27:33.944826,Narayani Development Bank Limited
2026041503007521,NABBC,51,71,40,1217.2,48688.0,2026-04-15,186486229,172,Oxford Securities Pvt. Ltd.,SHUBHAKAMANA SECURITIES PVT. LTD,2026-04-15 14:27:33.944906,Narayani Development Bank Limited
2026041503007614,NABBC,64,45,10,1221.0,12210.0,2026-04-15,186488410,172,SUN SECURITIES PVT LTD,Imperial Securities Company Pvt. Ltd.,2026-04-15 14:29:25.282751,Narayani Development Bank Limited
2026041503007615,NABBC,6,45,40,1220.0,48800.0,2026-04-15,186488411,172,Agrawal Securities (PVT) Ltd.,Imperial Securities Company Pvt. Ltd.,2026-04-15 14:29:25.282837,Narayani Development Bank Limited
2026041503007639,NABBC,6,58,19,1220.0,23180.0,2026-04-15,186488957,172,Agrawal Securities (PVT) Ltd.,Naasa Securities Co. Ltd.,2026-04-15 14:29:46.557741,Narayani Development Bank Limited
2026041503007676,NABBC,6,28,41,1220.0,50020.0,2026-04-15,186489498,172,Agrawal Securities (PVT) Ltd.,Shree Krishna Securities Ltd.,2026-04-15 14:30:18.336425,Narayani Development Bank Limited
2026041503007677,NABBC,51,28,10,1217.2,12172.0,2026-04-15,186489500,172,Oxford Securities Pvt. Ltd.,Shree Krishna Securities Ltd.,2026-04-15 14:30:18.336533,Narayani Development Bank Limited
2026041503007678,NABBC,58,28,155,1203.0,186465.0,2026-04-15,186489502,172,Naasa Securities Co. Ltd.,Shree Krishna Securities Ltd.,2026-04-15 14:30:18.336589,Narayani Development Bank Limited
2026041503007679,NABBC,88,28,200,1202.0,240400.0,2026-04-15,186489504,172,Blue Chip Securities Ltd,Shree Krishna Securities Ltd.,2026-04-15 14:30:18.336650,Narayani Development Bank Limited
2026041503007680,NABBC,49,28,10,1201.0,12010.0,2026-04-15,186489506,172,Online Securities Pvt. Ltd.,Shree Krishna Securities Ltd.,2026-04-15 14:30:18.336708,Narayani Development Bank Limited
2026041503007681,NABBC,88,28,200,1201.0,240200.0,2026-04-15,186489508,172,Blue Chip Securities Ltd,Shree Krishna Securities Ltd.,2026-04-15 14:30:18.336765,Narayani Development Bank Limited
2026041503007682,NABBC,88,28,200,1200.0,240000.0,2026-04-15,186489510,172,Blue Chip Securities Ltd,Shree Krishna Securities Ltd.,2026-04-15 14:30:18.336821,Narayani Development Bank Limited
2026041503007683,NABBC,6,28,100,1200.0,120000.0,2026-04-15,186489512,172,Agrawal Securities (PVT) Ltd.,Shree Krishna Securities Ltd.,2026-04-15 14:30:18.336862,Narayani Development Bank Limited
2026041503007714,NABBC,35,71,50,1200.0,60000.0,2026-04-15,186490223,172,Kohinoor Investment & Securities Pvt. Ltd.,SHUBHAKAMANA SECURITIES PVT. LTD,2026-04-15 14:31:01.725719,Narayani Development Bank Limited
2026041503007752,NABBC,4,71,50,1205.0,60250.0,2026-04-15,186491055,172,Opal Securities Investment (PVT) Ltd.,SHUBHAKAMANA SECURITIES PVT. LTD,2026-04-15 14:31:43.557100,Narayani Development Bank Limited
2026041503007765,NABBC,39,33,10,1224.0,12240.0,2026-04-15,186491324,172,Sumeru Securities Pvt. Ltd.,Dakshinkali Investment & Securities Pvt. Ltd.,2026-04-15 14:31:56.514903,Narayani Development Bank Limited
2026041503007770,NABBC,53,71,50,1206.0,60300.0,2026-04-15,186491377,172,Investment Management Nepal Pvt. Ltd.,SHUBHAKAMANA SECURITIES PVT. LTD,2026-04-15 14:32:01.092856,Narayani Development Bank Limited
2026041503007796,NABBC,39,33,10,1224.0,12240.0,2026-04-15,186491732,172,Sumeru Securities Pvt. Ltd.,Dakshinkali Investment & Securities Pvt. Ltd.,2026-04-15 14:32:21.913816,Narayani Development Bank Limited
2026041503007845,NABBC,88,71,50,1206.1,60305.0,2026-04-15,186492661,172,Blue Chip Securities Ltd,SHUBHAKAMANA SECURITIES PVT. LTD,2026-04-15 14:33:07.706851,Narayani Development Bank Limited
2026041503007850,NABBC,44,33,50,1224.0,61200.0,2026-04-15,186492820,172,Dynamic Money Managers Securities Pvt. Ltd.,Dakshinkali Investment & Securities Pvt. Ltd.,2026-04-15 14:33:17.590379,Narayani Development Bank Limited
2026041503007851,NABBC,88,71,50,1207.1,60355.0,2026-04-15,186492835,172,Blue Chip Securities Ltd,SHUBHAKAMANA SECURITIES PVT. LTD,2026-04-15 14:33:17.875705,Narayani Development Bank Limited
2026041503007852,NABBC,44,33,100,1224.0,122400.0,2026-04-15,186492856,172,Dynamic Money Managers Securities Pvt. Ltd.,Dakshinkali Investment & Securities Pvt. Ltd.,2026-04-15 14:33:19.028948,Narayani Development Bank Limited
2026041503007856,NABBC,34,33,50,1224.0,61200.0,2026-04-15,186492879,172,Vision Securities Pvt. Ltd,Dakshinkali Investment & Securities Pvt. Ltd.,2026-04-15 14:33:20.481664,Narayani Development Bank Limited
2026041503007857,NABBC,34,32,10,1224.0,12240.0,2026-04-15,186492881,172,Vision Securities Pvt. Ltd,Premier Securities Company Ltd.,2026-04-15 14:33:20.481873,Narayani Development Bank Limited
2026041503007862,NABBC,34,71,200,1224.0,244800.0,2026-04-15,186493087,172,Vision Securities Pvt. Ltd,SHUBHAKAMANA SECURITIES PVT. LTD,2026-04-15 14:33:29.220682,Narayani Development Bank Limited
2026041503007882,NABBC,34,71,187,1224.0,228888.0,2026-04-15,186493461,172,Vision Securities Pvt. Ltd,SHUBHAKAMANA SECURITIES PVT. LTD,2026-04-15 14:33:52.244932,Narayani Development Bank Limited
2026041503007889,NABBC,34,71,10,1224.0,12240.0,2026-04-15,186493589,172,Vision Securities Pvt. Ltd,SHUBHAKAMANA SECURITIES PVT. LTD,2026-04-15 14:34:03.031101,Narayani Development Bank Limited
2026041503007897,NABBC,54,22,40,1225.0,49000.0,2026-04-15,186493782,172,Sewa Securities Pvt. Ltd.,Siprabi Securities Pvt. Ltd.,2026-04-15 14:34:15.126309,Narayani Development Bank Limited
2026041503007919,NABBC,58,37,10,1229.0,12290.0,2026-04-15,186494246,172,Naasa Securities Co. Ltd.,Swarna Laxmi Securities Pvt. Ltd.,2026-04-15 14:34:37.082910,Narayani Development Bank Limited
2026041503007920,NABBC,58,14,70,1230.0,86100.0,2026-04-15,186494248,172,Naasa Securities Co. Ltd.,Nepal Stock House (PVT) Ltd.,2026-04-15 14:34:37.083015,Narayani Development Bank Limited
2026041503007930,NABBC,58,32,20,1230.0,24600.0,2026-04-15,186494391,172,Naasa Securities Co. Ltd.,Premier Securities Company Ltd.,2026-04-15 14:34:47.424432,Narayani Development Bank Limited
2026041503007987,NABBC,88,34,100,1237.0,123700.0,2026-04-15,186495652,172,Blue Chip Securities Ltd,Vision Securities Pvt. Ltd,2026-04-15 14:35:52.786176,Narayani Development Bank Limited
2026041503008116,NABBC,22,32,50,1234.0,61700.0,2026-04-15,186497578,172,Siprabi Securities Pvt. Ltd.,Premier Securities Company Ltd.,2026-04-15 14:37:58.963530,Narayani Development Bank Limited
2026041503008119,NABBC,42,53,100,1235.0,123500.0,2026-04-15,186497782,172,Sani Securities Company Ltd.,Investment Management Nepal Pvt. Ltd.,2026-04-15 14:38:11.790964,Narayani Development Bank Limited
2026041503008120,NABBC,54,53,10,1235.0,12350.0,2026-04-15,186497900,172,Sewa Securities Pvt. Ltd.,Investment Management Nepal Pvt. Ltd.,2026-04-15 14:38:18.728753,Narayani Development Bank Limited
2026041503008208,NABBC,58,69,145,1227.0,177915.0,2026-04-15,186499766,172,Naasa Securities Co. Ltd.,INDEX SECURITIES LIMITED,2026-04-15 14:40:17.644344,Narayani Development Bank Limited
2026041503008209,NABBC,42,69,100,1226.0,122600.0,2026-04-15,186499768,172,Sani Securities Company Ltd.,INDEX SECURITIES LIMITED,2026-04-15 14:40:17.644572,Narayani Development Bank Limited
2026041503008210,NABBC,91,69,20,1225.1,24502.0,2026-04-15,186499770,172,Citizens Share Broker Limited,INDEX SECURITIES LIMITED,2026-04-15 14:40:17.644720,Narayani Development Bank Limited
2026041503008211,NABBC,42,69,100,1225.1,122510.0,2026-04-15,186499772,172,Sani Securities Company Ltd.,INDEX SECURITIES LIMITED,2026-04-15 14:40:17.644861,Narayani Development Bank Limited
2026041503008212,NABBC,58,69,100,1225.0,122500.0,2026-04-15,186499774,172,Naasa Securities Co. Ltd.,INDEX SECURITIES LIMITED,2026-04-15 14:40:17.644996,Narayani Development Bank Limited
2026041503008213,NABBC,34,69,35,1225.0,42875.0,2026-04-15,186499775,172,Vision Securities Pvt. Ltd,INDEX SECURITIES LIMITED,2026-04-15 14:40:17.645247,Narayani Development Bank Limited
2026041503008226,NABBC,14,32,40,1233.0,49320.0,2026-04-15,186500266,172,Nepal Stock House (PVT) Ltd.,Premier Securities Company Ltd.,2026-04-15 14:40:52.156335,Narayani Development Bank Limited
2026041503008318,NABBC,53,37,10,1233.5,12335.0,2026-04-15,186501947,172,Investment Management Nepal Pvt. Ltd.,Swarna Laxmi Securities Pvt. Ltd.,2026-04-15 14:42:38.398158,Narayani Development Bank Limited
2026041503008319,NABBC,53,63,15,1233.5,18502.5,2026-04-15,186501949,172,Investment Management Nepal Pvt. Ltd.,Himalayan Brokerage Company Limited,2026-04-15 14:42:38.398380,Narayani Development Bank Limited
2026041503008320,NABBC,53,46,50,1233.6,61680.0,2026-04-15,186501952,172,Investment Management Nepal Pvt. Ltd.,Kalika Securities Pvt. Ltd.,2026-04-15 14:42:38.398534,Narayani Development Bank Limited
2026041503008349,NABBC,42,29,20,1233.0,24660.0,2026-04-15,186502651,172,Sani Securities Company Ltd.,Trisul Securities & Invt. Ltd.,2026-04-15 14:43:16.227665,Narayani Development Bank Limited
2026041503008350,NABBC,42,40,20,1233.5,24670.0,2026-04-15,186502653,172,Sani Securities Company Ltd.,Creative Securities Pvt Ltd,2026-04-15 14:43:16.227769,Narayani Development Bank Limited
2026041503008351,NABBC,42,44,60,1234.0,74040.0,2026-04-15,186502656,172,Sani Securities Company Ltd.,Dynamic Money Managers Securities Pvt. Ltd.,2026-04-15 14:43:16.227839,Narayani Development Bank Limited
2026041503008424,NABBC,22,59,50,1233.0,61650.0,2026-04-15,186504962,172,Siprabi Securities Pvt. Ltd.,Deevyaa Securities & Stock House Pvt. Ltd,2026-04-15 14:45:18.136963,Narayani Development Bank Limited
2026041503008458,NABBC,53,21,30,1233.9,37017.0,2026-04-15,186506023,172,Investment Management Nepal Pvt. Ltd.,Midas Stock Broking Company Private Limited,2026-04-15 14:46:15.733719,Narayani Development Bank Limited
2026041503008459,NABBC,53,49,45,1233.9,55525.5,2026-04-15,186506026,172,Investment Management Nepal Pvt. Ltd.,Online Securities Pvt. Ltd.,2026-04-15 14:46:15.733945,Narayani Development Bank Limited
2026041503008474,NABBC,54,44,17,1234.0,20978.0,2026-04-15,186506346,172,Sewa Securities Pvt. Ltd.,Dynamic Money Managers Securities Pvt. Ltd.,2026-04-15 14:46:34.537675,Narayani Development Bank Limited
2026041503008481,NABBC,6,44,23,1234.0,28382.0,2026-04-15,186506527,172,Agrawal Securities (PVT) Ltd.,Dynamic Money Managers Securities Pvt. Ltd.,2026-04-15 14:46:44.833616,Narayani Development Bank Limited
2026041503008482,NABBC,6,33,17,1234.0,20978.0,2026-04-15,186506530,172,Agrawal Securities (PVT) Ltd.,Dakshinkali Investment & Securities Pvt. Ltd.,2026-04-15 14:46:44.833759,Narayani Development Bank Limited
2026041503008492,NABBC,53,33,13,1234.0,16042.0,2026-04-15,186506863,172,Investment Management Nepal Pvt. Ltd.,Dakshinkali Investment & Securities Pvt. Ltd.,2026-04-15 14:47:05.405140,Narayani Development Bank Limited
2026041503008495,NABBC,42,53,140,1235.0,172900.0,2026-04-15,186506961,172,Sani Securities Company Ltd.,Investment Management Nepal Pvt. Ltd.,2026-04-15 14:47:14.997773,Narayani Development Bank Limited
2026041503008496,NABBC,42,58,10,1235.0,12350.0,2026-04-15,186506964,172,Sani Securities Company Ltd.,Naasa Securities Co. Ltd.,2026-04-15 14:47:14.998016,Narayani Development Bank Limited
2026041503008498,NABBC,38,58,90,1235.0,111150.0,2026-04-15,186506985,172,Dipshikha Dhitopatra Karobar Co. Pvt Ltd.,Naasa Securities Co. Ltd.,2026-04-15 14:47:16.206559,Narayani Development Bank Limited
2026041503008499,NABBC,38,45,10,1235.0,12350.0,2026-04-15,186506988,172,Dipshikha Dhitopatra Karobar Co. Pvt Ltd.,Imperial Securities Company Pvt. Ltd.,2026-04-15 14:47:16.206787,Narayani Development Bank Limited
2026041503008500,NABBC,34,45,40,1235.0,49400.0,2026-04-15,186507007,172,Vision Securities Pvt. Ltd,Imperial Securities Company Pvt. Ltd.,2026-04-15 14:47:17.283910,Narayani Development Bank Limited
2026041503008501,NABBC,34,38,22,1235.0,27170.0,2026-04-15,186507009,172,Vision Securities Pvt. Ltd,Dipshikha Dhitopatra Karobar Co. Pvt Ltd.,2026-04-15 14:47:17.284188,Narayani Development Bank Limited
2026041503008530,NABBC,58,32,40,1237.9,49516.0,2026-04-15,186507714,172,Naasa Securities Co. Ltd.,Premier Securities Company Ltd.,2026-04-15 14:47:54.806382,Narayani Development Bank Limited
2026041503008532,NABBC,53,28,87,1237.9,107697.3,2026-04-15,186507738,172,Investment Management Nepal Pvt. Ltd.,Shree Krishna Securities Ltd.,2026-04-15 14:47:57.198358,Narayani Development Bank Limited
2026041503008550,NABBC,26,28,23,1237.9,28471.7,2026-04-15,186508119,172,Asian Securities Private Ltd.,Shree Krishna Securities Ltd.,2026-04-15 14:48:14.090820,Narayani Development Bank Limited
2026041503008551,NABBC,89,58,49,1239.5,60735.5,2026-04-15,186508217,172,Global IME Securities Limited,Naasa Securities Co. Ltd.,2026-04-15 14:48:16.617327,Narayani Development Bank Limited
2026041503008552,NABBC,89,71,200,1240.0,248000.0,2026-04-15,186508219,172,Global IME Securities Limited,SHUBHAKAMANA SECURITIES PVT. LTD,2026-04-15 14:48:16.617553,Narayani Development Bank Limited
2026041503008553,NABBC,89,45,51,1240.0,63240.0,2026-04-15,186508222,172,Global IME Securities Limited,Imperial Securities Company Pvt. Ltd.,2026-04-15 14:48:16.617699,Narayani Development Bank Limited
2026041503008573,NABBC,34,45,49,1240.0,60760.0,2026-04-15,186508545,172,Vision Securities Pvt. Ltd,Imperial Securities Company Pvt. Ltd.,2026-04-15 14:48:27.263435,Narayani Development Bank Limited
2026041503008574,NABBC,34,14,10,1240.0,12400.0,2026-04-15,186508547,172,Vision Securities Pvt. Ltd,Nepal Stock House (PVT) Ltd.,2026-04-15 14:48:27.263676,Narayani Development Bank Limited
2026041503008578,NABBC,42,44,50,1241.0,62050.0,2026-04-15,186508751,172,Sani Securities Company Ltd.,Dynamic Money Managers Securities Pvt. Ltd.,2026-04-15 14:48:40.505835,Narayani Development Bank Limited
2026041503008579,NABBC,42,5,10,1241.0,12410.0,2026-04-15,186508753,172,Sani Securities Company Ltd.,Market Securities & Exchange (PVT) Ltd.,2026-04-15 14:48:40.505954,Narayani Development Bank Limited
2026041503008580,NABBC,42,49,20,1241.0,24820.0,2026-04-15,186508755,172,Sani Securities Company Ltd.,Online Securities Pvt. Ltd.,2026-04-15 14:48:40.506004,Narayani Development Bank Limited
2026041503008588,NABBC,26,82,127,1242.0,157734.0,2026-04-15,186509244,172,Asian Securities Private Ltd.,N.M.B. SECURITIES LIMITED,2026-04-15 14:48:50.790790,Narayani Development Bank Limited
2026041503008589,NABBC,53,82,59,1242.0,73278.0,2026-04-15,186509257,172,Investment Management Nepal Pvt. Ltd.,N.M.B. SECURITIES LIMITED,2026-04-15 14:48:51.595696,Narayani Development Bank Limited
2026041503008618,NABBC,42,36,50,1243.0,62150.0,2026-04-15,186510302,172,Sani Securities Company Ltd.,Secured Securities Ltd.,2026-04-15 14:49:40.782052,Narayani Development Bank Limited
2026041503008619,NABBC,53,36,16,1242.0,19872.0,2026-04-15,186510304,172,Investment Management Nepal Pvt. Ltd.,Secured Securities Ltd.,2026-04-15 14:49:40.782258,Narayani Development Bank Limited
2026041503008620,NABBC,42,36,20,1242.0,24840.0,2026-04-15,186510306,172,Sani Securities Company Ltd.,Secured Securities Ltd.,2026-04-15 14:49:40.782408,Narayani Development Bank Limited
2026041503008621,NABBC,14,36,50,1236.0,61800.0,2026-04-15,186510308,172,Nepal Stock House (PVT) Ltd.,Secured Securities Ltd.,2026-04-15 14:49:40.782550,Narayani Development Bank Limited
2026041503008622,NABBC,35,36,264,1235.1,326066.4,2026-04-15,186510309,172,Kohinoor Investment & Securities Pvt. Ltd.,Secured Securities Ltd.,2026-04-15 14:49:40.782682,Narayani Development Bank Limited
2026041503008637,NABBC,7,37,10,1247.9,12479.0,2026-04-15,186510633,172,J.F. Securites (PVT) Ltd.,Swarna Laxmi Securities Pvt. Ltd.,2026-04-15 14:49:58.058760,Narayani Development Bank Limited
2026041503008638,NABBC,7,6,50,1248.0,62400.0,2026-04-15,186510635,172,J.F. Securites (PVT) Ltd.,Agrawal Securities (PVT) Ltd.,2026-04-15 14:49:58.059011,Narayani Development Bank Limited
2026041503008639,NABBC,7,57,240,1248.0,299520.0,2026-04-15,186510638,172,J.F. Securites (PVT) Ltd.,Aryatara Investment & Securities,2026-04-15 14:49:58.059218,Narayani Development Bank Limited
2026041503008661,NABBC,7,32,85,1247.0,105995.0,2026-04-15,186511309,172,J.F. Securites (PVT) Ltd.,Premier Securities Company Ltd.,2026-04-15 14:50:21.475263,Narayani Development Bank Limited
2026041503008662,NABBC,7,57,15,1248.0,18720.0,2026-04-15,186511312,172,J.F. Securites (PVT) Ltd.,Aryatara Investment & Securities,2026-04-15 14:50:21.475376,Narayani Development Bank Limited
2026041503008741,NABBC,34,33,20,1237.0,24740.0,2026-04-15,186513685,172,Vision Securities Pvt. Ltd,Dakshinkali Investment & Securities Pvt. Ltd.,2026-04-15 14:51:35.504686,Narayani Development Bank Limited
2026041503008801,NABBC,91,71,10,1237.2,12372.0,2026-04-15,186514494,172,Citizens Share Broker Limited,SHUBHAKAMANA SECURITIES PVT. LTD,2026-04-15 14:52:15.702537,Narayani Development Bank Limited
2026041503008802,NABBC,44,71,30,1237.0,37110.0,2026-04-15,186514495,172,Dynamic Money Managers Securities Pvt. Ltd.,SHUBHAKAMANA SECURITIES PVT. LTD,2026-04-15 14:52:15.702804,Narayani Development Bank Limited
2026041503008879,NABBC,49,14,100,1241.0,124100.0,2026-04-15,186515607,172,Online Securities Pvt. Ltd.,Nepal Stock House (PVT) Ltd.,2026-04-15 14:53:09.814993,Narayani Development Bank Limited
2026041503008937,NABBC,58,82,50,1237.5,61875.0,2026-04-15,186516814,172,Naasa Securities Co. Ltd.,N.M.B. SECURITIES LIMITED,2026-04-15 14:54:18.333960,Narayani Development Bank Limited
2026041503008938,NABBC,34,82,100,1237.5,123750.0,2026-04-15,186516816,172,Vision Securities Pvt. Ltd,N.M.B. SECURITIES LIMITED,2026-04-15 14:54:18.334103,Narayani Development Bank Limited
2026041503008939,NABBC,47,82,20,1237.1,24742.0,2026-04-15,186516818,172,Neev Securities Pvt. Ltd.,N.M.B. SECURITIES LIMITED,2026-04-15 14:54:18.334170,Narayani Development Bank Limited
2026041503008940,NABBC,44,82,70,1237.0,86590.0,2026-04-15,186516820,172,Dynamic Money Managers Securities Pvt. Ltd.,N.M.B. SECURITIES LIMITED,2026-04-15 14:54:18.334222,Narayani Development Bank Limited
2026041503008941,NABBC,21,82,200,1237.0,247400.0,2026-04-15,186516822,172,Midas Stock Broking Company Private Limited,N.M.B. SECURITIES LIMITED,2026-04-15 14:54:18.334273,Narayani Development Bank Limited
2026041503008942,NABBC,58,82,100,1236.0,123600.0,2026-04-15,186516824,172,Naasa Securities Co. Ltd.,N.M.B. SECURITIES LIMITED,2026-04-15 14:54:18.334322,Narayani Development Bank Limited
2026041503008943,NABBC,4,82,20,1236.0,24720.0,2026-04-15,186516826,172,Opal Securities Investment (PVT) Ltd.,N.M.B. SECURITIES LIMITED,2026-04-15 14:54:18.334370,Narayani Development Bank Limited
2026041503008944,NABBC,14,82,50,1236.0,61800.0,2026-04-15,186516828,172,Nepal Stock House (PVT) Ltd.,N.M.B. SECURITIES LIMITED,2026-04-15 14:54:18.334420,Narayani Development Bank Limited
2026041503008945,NABBC,4,82,100,1235.6,123560.0,2026-04-15,186516830,172,Opal Securities Investment (PVT) Ltd.,N.M.B. SECURITIES LIMITED,2026-04-15 14:54:18.334468,Narayani Development Bank Limited
2026041503008946,NABBC,35,82,136,1235.1,167973.6,2026-04-15,186516832,172,Kohinoor Investment & Securities Pvt. Ltd.,N.M.B. SECURITIES LIMITED,2026-04-15 14:54:18.334520,Narayani Development Bank Limited
2026041503008947,NABBC,26,82,50,1235.0,61750.0,2026-04-15,186516834,172,Asian Securities Private Ltd.,N.M.B. SECURITIES LIMITED,2026-04-15 14:54:18.334570,Narayani Development Bank Limited
2026041503008975,NABBC,34,82,104,1235.0,128440.0,2026-04-15,186517189,172,Vision Securities Pvt. Ltd,N.M.B. SECURITIES LIMITED,2026-04-15 14:54:31.640969,Narayani Development Bank Limited
2026041503009032,NABBC,34,14,155,1235.0,191425.0,2026-04-15,186518288,172,Vision Securities Pvt. Ltd,Nepal Stock House (PVT) Ltd.,2026-04-15 14:55:08.325239,Narayani Development Bank Limited
2026041503009033,NABBC,34,14,95,1235.0,117325.0,2026-04-15,186518289,172,Vision Securities Pvt. Ltd,Nepal Stock House (PVT) Ltd.,2026-04-15 14:55:08.325362,Narayani Development Bank Limited
2026041503009070,NABBC,32,20,30,1235.0,37050.0,2026-04-15,186518889,172,Premier Securities Company Ltd.,Sipla Securities Private Limited,2026-04-15 14:55:30.325873,Narayani Development Bank Limited
2026041503009156,NABBC,3,69,30,1235.5,37065.0,2026-04-15,186521245,172,Arun Securities (PVT) Ltd.,INDEX SECURITIES LIMITED,2026-04-15 14:56:45.867181,Narayani Development Bank Limited
2026041503009252,NABBC,58,50,18,1240.0,22320.0,2026-04-15,186522989,172,Naasa Securities Co. Ltd.,Cristal Kanchanjanga Securites Pvt. Ltd.,2026-04-15 14:57:39.382259,Narayani Development Bank Limited
2026041503009307,NABBC,49,50,30,1240.0,37200.0,2026-04-15,186523890,172,Online Securities Pvt. Ltd.,Cristal Kanchanjanga Securites Pvt. Ltd.,2026-04-15 14:58:02.836124,Narayani Development Bank Limited
2026041503009363,NABBC,48,66,100,1240.0,124000.0,2026-04-15,186524722,172,Trishakti Securities Public Limited,Miyo Securities Pvt Ltd,2026-04-15 14:58:26.790142,Narayani Development Bank Limited
2026041503009378,NABBC,58,64,30,1238.0,37140.0,2026-04-15,186524996,172,Naasa Securities Co. Ltd.,SUN SECURITIES PVT LTD,2026-04-15 14:58:33.428996,Narayani Development Bank Limited
2026041503009379,NABBC,17,64,70,1237.0,86590.0,2026-04-15,186524997,172,ABC Securities Private Limited,SUN SECURITIES PVT LTD,2026-04-15 14:58:33.429130,Narayani Development Bank Limited
2026041503009406,NABBC,17,17,30,1237.0,37110.0,2026-04-15,186525639,172,ABC Securities Private Limited,ABC Securities Private Limited,2026-04-15 14:58:47.933540,Narayani Development Bank Limited
2026041503009525,NABBC,3,64,70,1235.5,86485.0,2026-04-15,186527078,172,Arun Securities (PVT) Ltd.,SUN SECURITIES PVT LTD,2026-04-15 14:59:16.677224,Narayani Development Bank Limited
2026041503009526,NABBC,6,64,500,1235.1,617550.0,2026-04-15,186527080,172,Agrawal Securities (PVT) Ltd.,SUN SECURITIES PVT LTD,2026-04-15 14:59:16.677344,Narayani Development Bank Limited
2026041503009527,NABBC,32,64,20,1235.0,24700.0,2026-04-15,186527082,172,Premier Securities Company Ltd.,SUN SECURITIES PVT LTD,2026-04-15 14:59:16.677400,Narayani Development Bank Limited
2026041503009528,NABBC,36,64,10,1235.0,12350.0,2026-04-15,186527083,172,Secured Securities Ltd.,SUN SECURITIES PVT LTD,2026-04-15 14:59:16.677458,Narayani Development Bank Limited
2026041503009619,NABBC,74,33,20,1238.0,24760.0,2026-04-15,186529171,172,KALASH STOCK MARKET PVT. LTD.,Dakshinkali Investment & Securities Pvt. Ltd.,2026-04-15 14:59:42.188789,Narayani Development Bank Limited
2026041503009620,NABBC,74,34,100,1239.0,123900.0,2026-04-15,186529173,172,KALASH STOCK MARKET PVT. LTD.,Vision Securities Pvt. Ltd,2026-04-15 14:59:42.188916,Narayani Development Bank Limited
2026041503009621,NABBC,74,66,150,1240.0,186000.0,2026-04-15,186529175,172,KALASH STOCK MARKET PVT. LTD.,Miyo Securities Pvt Ltd,2026-04-15 14:59:42.188966,Narayani Development Bank Limited
2026041503009622,NABBC,74,6,330,1240.0,409200.0,2026-04-15,186529178,172,KALASH STOCK MARKET PVT. LTD.,Agrawal Securities (PVT) Ltd.,2026-04-15 14:59:42.189020,Narayani Development Bank Limited
2026041503009686,NABBC,35,40,20,1237.9,24758.0,2026-04-15,186530040,172,Kohinoor Investment & Securities Pvt. Ltd.,Creative Securities Pvt Ltd,2026-04-15 14:59:52.692031,Narayani Development Bank Limited
2026041503009692,NABBC,39,40,10,1237.9,12379.0,2026-04-15,186530100,172,Sumeru Securities Pvt. Ltd.,Creative Securities Pvt Ltd,2026-04-15 14:59:53.170174,Narayani Development Bank Limited
