contractId,stockSymbol,buyerMemberId,sellerMemberId,quantity,rate,amount,businessDate,tradeBookId,stockId,buyerBrokerName,sellerBrokerName,transaction_time,securityName
2026041504000076,NGPL,64,32,10,474.9,4749.0,2026-04-15,186285397,2743,SUN SECURITIES PVT LTD,Premier Securities Company Ltd.,2026-04-15 11:01:03.301862,Ngadi Group Power Ltd.
2026041504000077,NGPL,64,34,100,475.0,47500.0,2026-04-15,186285399,2743,SUN SECURITIES PVT LTD,Vision Securities Pvt. Ltd,2026-04-15 11:01:03.301925,Ngadi Group Power Ltd.
2026041504000078,NGPL,64,49,990,476.8,472032.0,2026-04-15,186285402,2743,SUN SECURITIES PVT LTD,Online Securities Pvt. Ltd.,2026-04-15 11:01:03.301961,Ngadi Group Power Ltd.
2026041504000186,NGPL,52,4,1000,474.0,474000.0,2026-04-15,186286875,2743,Sundhara Securities Limited,Opal Securities Investment (PVT) Ltd.,2026-04-15 11:02:32.244554,Ngadi Group Power Ltd.
2026041504000187,NGPL,52,32,20,474.9,9498.0,2026-04-15,186286877,2743,Sundhara Securities Limited,Premier Securities Company Ltd.,2026-04-15 11:02:32.244668,Ngadi Group Power Ltd.
2026041504000188,NGPL,52,38,250,474.9,118725.0,2026-04-15,186286879,2743,Sundhara Securities Limited,Dipshikha Dhitopatra Karobar Co. Pvt Ltd.,2026-04-15 11:02:32.244713,Ngadi Group Power Ltd.
2026041504000189,NGPL,52,44,755,475.0,358625.0,2026-04-15,186286881,2743,Sundhara Securities Limited,Dynamic Money Managers Securities Pvt. Ltd.,2026-04-15 11:02:32.244755,Ngadi Group Power Ltd.
2026041504000190,NGPL,52,51,175,475.0,83125.0,2026-04-15,186286884,2743,Sundhara Securities Limited,Oxford Securities Pvt. Ltd.,2026-04-15 11:02:32.244813,Ngadi Group Power Ltd.
2026041504000262,NGPL,99,33,50,474.8,23740.0,2026-04-15,186287489,2743,Prabhu Stock Market Limited,Dakshinkali Investment & Securities Pvt. Ltd.,2026-04-15 11:02:59.607929,Ngadi Group Power Ltd.
2026041504000263,NGPL,99,14,100,474.9,47490.0,2026-04-15,186287491,2743,Prabhu Stock Market Limited,Nepal Stock House (PVT) Ltd.,2026-04-15 11:02:59.608017,Ngadi Group Power Ltd.
2026041504000264,NGPL,99,51,825,475.0,391875.0,2026-04-15,186287493,2743,Prabhu Stock Market Limited,Oxford Securities Pvt. Ltd.,2026-04-15 11:02:59.608064,Ngadi Group Power Ltd.
2026041504000285,NGPL,99,91,25,475.0,11875.0,2026-04-15,186287684,2743,Prabhu Stock Market Limited,Citizens Share Broker Limited,2026-04-15 11:03:11.436960,Ngadi Group Power Ltd.
2026041504000297,NGPL,60,91,75,475.0,35625.0,2026-04-15,186287791,2743,Nagarik Stock Dealer ,Citizens Share Broker Limited,2026-04-15 11:03:19.059093,Ngadi Group Power Ltd.
2026041504000298,NGPL,60,11,25,475.0,11875.0,2026-04-15,186287793,2743,Nagarik Stock Dealer ,Malla & Malla Stock Broking Company Pvt. Limited,2026-04-15 11:03:19.059215,Ngadi Group Power Ltd.
2026041504000299,NGPL,60,58,500,475.0,237500.0,2026-04-15,186287795,2743,Nagarik Stock Dealer ,Naasa Securities Co. Ltd.,2026-04-15 11:03:19.059263,Ngadi Group Power Ltd.
2026041504000300,NGPL,60,38,250,475.9,118975.0,2026-04-15,186287797,2743,Nagarik Stock Dealer ,Dipshikha Dhitopatra Karobar Co. Pvt Ltd.,2026-04-15 11:03:19.059309,Ngadi Group Power Ltd.
2026041504000301,NGPL,60,35,2000,475.9,951800.0,2026-04-15,186287799,2743,Nagarik Stock Dealer ,Kohinoor Investment & Securities Pvt. Ltd.,2026-04-15 11:03:19.059381,Ngadi Group Power Ltd.
2026041504000302,NGPL,60,16,150,476.0,71400.0,2026-04-15,186287802,2743,Nagarik Stock Dealer ,Primo Securities (PVT) Ltd.,2026-04-15 11:03:19.059437,Ngadi Group Power Ltd.
2026041504000329,NGPL,39,69,500,475.0,237500.0,2026-04-15,186288093,2743,Sumeru Securities Pvt. Ltd.,INDEX SECURITIES LIMITED,2026-04-15 11:03:35.075419,Ngadi Group Power Ltd.
2026041504000346,NGPL,48,58,1000,473.0,473000.0,2026-04-15,186288355,2743,Trishakti Securities Public Limited,Naasa Securities Co. Ltd.,2026-04-15 11:03:50.499894,Ngadi Group Power Ltd.
2026041504000354,NGPL,48,11,75,475.0,35625.0,2026-04-15,186288419,2743,Trishakti Securities Public Limited,Malla & Malla Stock Broking Company Pvt. Limited,2026-04-15 11:03:53.785245,Ngadi Group Power Ltd.
2026041504000355,NGPL,48,32,500,475.0,237500.0,2026-04-15,186288421,2743,Trishakti Securities Public Limited,Premier Securities Company Ltd.,2026-04-15 11:03:53.785471,Ngadi Group Power Ltd.
2026041504000356,NGPL,48,26,500,475.0,237500.0,2026-04-15,186288423,2743,Trishakti Securities Public Limited,Asian Securities Private Ltd.,2026-04-15 11:03:53.785616,Ngadi Group Power Ltd.
2026041504000357,NGPL,48,16,350,476.0,166600.0,2026-04-15,186288425,2743,Trishakti Securities Public Limited,Primo Securities (PVT) Ltd.,2026-04-15 11:03:53.785759,Ngadi Group Power Ltd.
2026041504000358,NGPL,48,44,525,476.0,249900.0,2026-04-15,186288428,2743,Trishakti Securities Public Limited,Dynamic Money Managers Securities Pvt. Ltd.,2026-04-15 11:03:53.785897,Ngadi Group Power Ltd.
2026041504000371,NGPL,48,18,500,472.0,236000.0,2026-04-15,186288579,2743,Trishakti Securities Public Limited,Sagarmatha Securities Private Limited,2026-04-15 11:04:00.504289,Ngadi Group Power Ltd.
2026041504000421,NGPL,48,85,100,475.0,47500.0,2026-04-15,186289069,2743,Trishakti Securities Public Limited,Capital Hub P. Ltd,2026-04-15 11:04:29.798836,Ngadi Group Power Ltd.
2026041504000422,NGPL,48,58,500,475.8,237900.0,2026-04-15,186289071,2743,Trishakti Securities Public Limited,Naasa Securities Co. Ltd.,2026-04-15 11:04:29.799063,Ngadi Group Power Ltd.
2026041504000423,NGPL,48,50,500,475.9,237950.0,2026-04-15,186289073,2743,Trishakti Securities Public Limited,Cristal Kanchanjanga Securites Pvt. Ltd.,2026-04-15 11:04:29.799218,Ngadi Group Power Ltd.
2026041504000424,NGPL,48,35,100,475.9,47590.0,2026-04-15,186289075,2743,Trishakti Securities Public Limited,Kohinoor Investment & Securities Pvt. Ltd.,2026-04-15 11:04:29.799387,Ngadi Group Power Ltd.
2026041504000425,NGPL,48,85,1000,475.9,475900.0,2026-04-15,186289077,2743,Trishakti Securities Public Limited,Capital Hub P. Ltd,2026-04-15 11:04:29.799544,Ngadi Group Power Ltd.
2026041504000426,NGPL,48,44,475,476.0,226100.0,2026-04-15,186289079,2743,Trishakti Securities Public Limited,Dynamic Money Managers Securities Pvt. Ltd.,2026-04-15 11:04:29.799703,Ngadi Group Power Ltd.
2026041504000427,NGPL,48,17,100,476.0,47600.0,2026-04-15,186289081,2743,Trishakti Securities Public Limited,ABC Securities Private Limited,2026-04-15 11:04:29.799850,Ngadi Group Power Ltd.
2026041504000428,NGPL,48,48,120,476.0,57120.0,2026-04-15,186289085,2743,Trishakti Securities Public Limited,Trishakti Securities Public Limited,2026-04-15 11:04:30.109175,Ngadi Group Power Ltd.
2026041504000429,NGPL,48,29,100,476.0,47600.0,2026-04-15,186289109,2743,Trishakti Securities Public Limited,Trisul Securities & Invt. Ltd.,2026-04-15 11:04:31.938572,Ngadi Group Power Ltd.
2026041504000442,NGPL,48,1,150,476.0,71400.0,2026-04-15,186289203,2743,Trishakti Securities Public Limited,Kumari Securities Private Limited,2026-04-15 11:04:40.487725,Ngadi Group Power Ltd.
2026041504000461,NGPL,41,33,50,476.7,23835.0,2026-04-15,186289331,2743,Linch Stock Market Ltd.,Dakshinkali Investment & Securities Pvt. Ltd.,2026-04-15 11:04:49.940802,Ngadi Group Power Ltd.
2026041504000462,NGPL,41,49,10,476.8,4768.0,2026-04-15,186289333,2743,Linch Stock Market Ltd.,Online Securities Pvt. Ltd.,2026-04-15 11:04:49.940911,Ngadi Group Power Ltd.
2026041504000463,NGPL,41,14,300,476.8,143040.0,2026-04-15,186289335,2743,Linch Stock Market Ltd.,Nepal Stock House (PVT) Ltd.,2026-04-15 11:04:49.940964,Ngadi Group Power Ltd.
2026041504000464,NGPL,41,32,10,476.9,4769.0,2026-04-15,186289337,2743,Linch Stock Market Ltd.,Premier Securities Company Ltd.,2026-04-15 11:04:49.941014,Ngadi Group Power Ltd.
2026041504000465,NGPL,41,35,130,476.9,61997.0,2026-04-15,186289340,2743,Linch Stock Market Ltd.,Kohinoor Investment & Securities Pvt. Ltd.,2026-04-15 11:04:49.941066,Ngadi Group Power Ltd.
2026041504000481,NGPL,48,57,355,476.0,168980.0,2026-04-15,186289424,2743,Trishakti Securities Public Limited,Aryatara Investment & Securities,2026-04-15 11:04:56.688725,Ngadi Group Power Ltd.
2026041504000524,NGPL,48,62,300,474.1,142230.0,2026-04-15,186289683,2743,Trishakti Securities Public Limited,Capital Max Securities Ltd,2026-04-15 11:05:17.391774,Ngadi Group Power Ltd.
2026041504000525,NGPL,48,34,200,474.1,94820.0,2026-04-15,186289694,2743,Trishakti Securities Public Limited,Vision Securities Pvt. Ltd,2026-04-15 11:05:18.249785,Ngadi Group Power Ltd.
2026041504000539,NGPL,48,17,1000,474.0,474000.0,2026-04-15,186289781,2743,Trishakti Securities Public Limited,ABC Securities Private Limited,2026-04-15 11:05:27.982396,Ngadi Group Power Ltd.
2026041504000572,NGPL,48,34,300,474.1,142230.0,2026-04-15,186290015,2743,Trishakti Securities Public Limited,Vision Securities Pvt. Ltd,2026-04-15 11:05:43.708382,Ngadi Group Power Ltd.
2026041504000573,NGPL,48,36,200,474.1,94820.0,2026-04-15,186290018,2743,Trishakti Securities Public Limited,Secured Securities Ltd.,2026-04-15 11:05:43.708640,Ngadi Group Power Ltd.
2026041504000597,NGPL,14,33,50,474.0,23700.0,2026-04-15,186290181,2743,Nepal Stock House (PVT) Ltd.,Dakshinkali Investment & Securities Pvt. Ltd.,2026-04-15 11:05:56.820447,Ngadi Group Power Ltd.
2026041504000642,NGPL,14,28,100,474.0,47400.0,2026-04-15,186290489,2743,Nepal Stock House (PVT) Ltd.,Shree Krishna Securities Ltd.,2026-04-15 11:06:18.202447,Ngadi Group Power Ltd.
2026041504000643,NGPL,14,4,350,474.0,165900.0,2026-04-15,186290504,2743,Nepal Stock House (PVT) Ltd.,Opal Securities Investment (PVT) Ltd.,2026-04-15 11:06:19.751511,Ngadi Group Power Ltd.
2026041504000644,NGPL,56,4,18,474.0,8532.0,2026-04-15,186290506,2743,Sri Hari Securities Pvt. Ltd.,Opal Securities Investment (PVT) Ltd.,2026-04-15 11:06:19.751655,Ngadi Group Power Ltd.
2026041504000646,NGPL,42,4,92,474.0,43608.0,2026-04-15,186290593,2743,Sani Securities Company Ltd.,Opal Securities Investment (PVT) Ltd.,2026-04-15 11:06:24.157500,Ngadi Group Power Ltd.
2026041504000647,NGPL,42,10,50,474.0,23700.0,2026-04-15,186290595,2743,Sani Securities Company Ltd.,Pragyan Securities (PVT) Ltd.,2026-04-15 11:06:24.157634,Ngadi Group Power Ltd.
2026041504000648,NGPL,42,36,300,474.1,142230.0,2026-04-15,186290597,2743,Sani Securities Company Ltd.,Secured Securities Ltd.,2026-04-15 11:06:24.157697,Ngadi Group Power Ltd.
2026041504000649,NGPL,42,16,500,474.1,237050.0,2026-04-15,186290599,2743,Sani Securities Company Ltd.,Primo Securities (PVT) Ltd.,2026-04-15 11:06:24.157755,Ngadi Group Power Ltd.
2026041504000650,NGPL,42,62,58,475.0,27550.0,2026-04-15,186290602,2743,Sani Securities Company Ltd.,Capital Max Securities Ltd,2026-04-15 11:06:24.318168,Ngadi Group Power Ltd.
2026041504000805,NGPL,46,62,392,474.9,186160.8,2026-04-15,186291424,2743,Kalika Securities Pvt. Ltd.,Capital Max Securities Ltd,2026-04-15 11:07:24.642623,Ngadi Group Power Ltd.
2026041504000818,NGPL,52,50,500,475.0,237500.0,2026-04-15,186291493,2743,Sundhara Securities Limited,Cristal Kanchanjanga Securites Pvt. Ltd.,2026-04-15 11:07:29.090194,Ngadi Group Power Ltd.
2026041504000838,NGPL,52,50,100,475.0,47500.0,2026-04-15,186291663,2743,Sundhara Securities Limited,Cristal Kanchanjanga Securites Pvt. Ltd.,2026-04-15 11:07:39.120737,Ngadi Group Power Ltd.
2026041504000879,NGPL,52,25,100,475.0,47500.0,2026-04-15,186292023,2743,Sundhara Securities Limited,Sweta Securities Private Limited,2026-04-15 11:07:57.695302,Ngadi Group Power Ltd.
2026041504000911,NGPL,52,67,200,475.0,95000.0,2026-04-15,186292269,2743,Sundhara Securities Limited,Property Wiard Limited,2026-04-15 11:08:14.395951,Ngadi Group Power Ltd.
2026041504000934,NGPL,46,67,360,475.0,171000.0,2026-04-15,186292433,2743,Kalika Securities Pvt. Ltd.,Property Wiard Limited,2026-04-15 11:08:29.553923,Ngadi Group Power Ltd.
2026041504000935,NGPL,57,67,500,475.0,237500.0,2026-04-15,186292437,2743,Aryatara Investment & Securities,Property Wiard Limited,2026-04-15 11:08:29.554092,Ngadi Group Power Ltd.
2026041504000936,NGPL,48,67,500,472.0,236000.0,2026-04-15,186292440,2743,Trishakti Securities Public Limited,Property Wiard Limited,2026-04-15 11:08:29.554175,Ngadi Group Power Ltd.
2026041504000937,NGPL,34,67,440,472.0,207680.0,2026-04-15,186292441,2743,Vision Securities Pvt. Ltd,Property Wiard Limited,2026-04-15 11:08:29.554238,Ngadi Group Power Ltd.
2026041504000990,NGPL,58,34,18,475.0,8550.0,2026-04-15,186292895,2743,Naasa Securities Co. Ltd.,Vision Securities Pvt. Ltd,2026-04-15 11:09:03.008568,Ngadi Group Power Ltd.
2026041504000991,NGPL,58,48,632,475.0,300200.0,2026-04-15,186292898,2743,Naasa Securities Co. Ltd.,Trishakti Securities Public Limited,2026-04-15 11:09:03.008628,Ngadi Group Power Ltd.
2026041504001017,NGPL,34,69,300,474.9,142470.0,2026-04-15,186293133,2743,Vision Securities Pvt. Ltd,INDEX SECURITIES LIMITED,2026-04-15 11:09:19.920566,Ngadi Group Power Ltd.
2026041504001050,NGPL,34,74,200,474.9,94980.0,2026-04-15,186293338,2743,Vision Securities Pvt. Ltd,KALASH STOCK MARKET PVT. LTD.,2026-04-15 11:09:35.873350,Ngadi Group Power Ltd.
2026041504001053,NGPL,34,88,60,472.0,28320.0,2026-04-15,186293372,2743,Vision Securities Pvt. Ltd,Blue Chip Securities Ltd,2026-04-15 11:09:38.088093,Ngadi Group Power Ltd.
2026041504001054,NGPL,48,88,140,471.0,65940.0,2026-04-15,186293373,2743,Trishakti Securities Public Limited,Blue Chip Securities Ltd,2026-04-15 11:09:38.088154,Ngadi Group Power Ltd.
2026041504001426,NGPL,48,49,200,472.0,94400.0,2026-04-15,186295949,2743,Trishakti Securities Public Limited,Online Securities Pvt. Ltd.,2026-04-15 11:12:18.395223,Ngadi Group Power Ltd.
2026041504001522,NGPL,57,53,90,473.0,42570.0,2026-04-15,186296584,2743,Aryatara Investment & Securities,Investment Management Nepal Pvt. Ltd.,2026-04-15 11:13:03.948758,Ngadi Group Power Ltd.
2026041504001564,NGPL,63,33,100,471.1,47110.0,2026-04-15,186296922,2743,Himalayan Brokerage Company Limited,Dakshinkali Investment & Securities Pvt. Ltd.,2026-04-15 11:13:37.349048,Ngadi Group Power Ltd.
2026041504001565,NGPL,48,33,400,471.0,188400.0,2026-04-15,186296923,2743,Trishakti Securities Public Limited,Dakshinkali Investment & Securities Pvt. Ltd.,2026-04-15 11:13:37.349243,Ngadi Group Power Ltd.
2026041504001654,NGPL,65,26,50,472.0,23600.0,2026-04-15,186297466,2743,Sharepro Securities Private Limited,Asian Securities Private Ltd.,2026-04-15 11:14:15.274467,Ngadi Group Power Ltd.
2026041504001746,NGPL,97,26,140,472.0,66080.0,2026-04-15,186298057,2743,R.B.B. Securities Company Ltd,Asian Securities Private Ltd.,2026-04-15 11:15:02.941573,Ngadi Group Power Ltd.
2026041504001747,NGPL,97,33,500,473.8,236900.0,2026-04-15,186298059,2743,R.B.B. Securities Company Ltd,Dakshinkali Investment & Securities Pvt. Ltd.,2026-04-15 11:15:02.941818,Ngadi Group Power Ltd.
2026041504001748,NGPL,97,35,14,473.8,6633.2,2026-04-15,186298061,2743,R.B.B. Securities Company Ltd,Kohinoor Investment & Securities Pvt. Ltd.,2026-04-15 11:15:02.941912,Ngadi Group Power Ltd.
2026041504001749,NGPL,97,17,500,473.9,236950.0,2026-04-15,186298063,2743,R.B.B. Securities Company Ltd,ABC Securities Private Limited,2026-04-15 11:15:02.942006,Ngadi Group Power Ltd.
2026041504001750,NGPL,97,34,500,474.0,237000.0,2026-04-15,186298065,2743,R.B.B. Securities Company Ltd,Vision Securities Pvt. Ltd,2026-04-15 11:15:02.942104,Ngadi Group Power Ltd.
2026041504001751,NGPL,97,36,346,474.0,164004.0,2026-04-15,186298068,2743,R.B.B. Securities Company Ltd,Secured Securities Ltd.,2026-04-15 11:15:02.942195,Ngadi Group Power Ltd.
2026041504001768,NGPL,97,36,654,474.0,309996.0,2026-04-15,186298221,2743,R.B.B. Securities Company Ltd,Secured Securities Ltd.,2026-04-15 11:15:16.430513,Ngadi Group Power Ltd.
2026041504001769,NGPL,97,14,1346,474.0,638004.0,2026-04-15,186298224,2743,R.B.B. Securities Company Ltd,Nepal Stock House (PVT) Ltd.,2026-04-15 11:15:16.430954,Ngadi Group Power Ltd.
2026041504001795,NGPL,52,46,37,473.0,17501.0,2026-04-15,186298435,2743,Sundhara Securities Limited,Kalika Securities Pvt. Ltd.,2026-04-15 11:15:34.074361,Ngadi Group Power Ltd.
2026041504001796,NGPL,52,14,654,474.0,309996.0,2026-04-15,186298437,2743,Sundhara Securities Limited,Nepal Stock House (PVT) Ltd.,2026-04-15 11:15:34.074561,Ngadi Group Power Ltd.
2026041504001797,NGPL,52,22,500,474.0,237000.0,2026-04-15,186298439,2743,Sundhara Securities Limited,Siprabi Securities Pvt. Ltd.,2026-04-15 11:15:34.074656,Ngadi Group Power Ltd.
2026041504001882,NGPL,97,41,19,474.0,9006.0,2026-04-15,186299055,2743,R.B.B. Securities Company Ltd,Linch Stock Market Ltd.,2026-04-15 11:16:17.660045,Ngadi Group Power Ltd.
2026041504001883,NGPL,97,74,300,474.9,142470.0,2026-04-15,186299057,2743,R.B.B. Securities Company Ltd,KALASH STOCK MARKET PVT. LTD.,2026-04-15 11:16:17.660506,Ngadi Group Power Ltd.
2026041504001884,NGPL,97,8,22,474.9,10447.8,2026-04-15,186299059,2743,R.B.B. Securities Company Ltd,Brilliant Securities Pvt. Ltd.,2026-04-15 11:16:17.660797,Ngadi Group Power Ltd.
2026041504001885,NGPL,97,69,300,474.9,142470.0,2026-04-15,186299061,2743,R.B.B. Securities Company Ltd,INDEX SECURITIES LIMITED,2026-04-15 11:16:17.661080,Ngadi Group Power Ltd.
2026041504001886,NGPL,97,69,300,474.9,142470.0,2026-04-15,186299063,2743,R.B.B. Securities Company Ltd,INDEX SECURITIES LIMITED,2026-04-15 11:16:17.661374,Ngadi Group Power Ltd.
2026041504001887,NGPL,97,17,1000,474.9,474900.0,2026-04-15,186299065,2743,R.B.B. Securities Company Ltd,ABC Securities Private Limited,2026-04-15 11:16:17.661647,Ngadi Group Power Ltd.
2026041504001888,NGPL,97,34,59,474.9,28019.1,2026-04-15,186299068,2743,R.B.B. Securities Company Ltd,Vision Securities Pvt. Ltd,2026-04-15 11:16:17.661951,Ngadi Group Power Ltd.
2026041504001915,NGPL,32,93,10,471.3,4713.0,2026-04-15,186299277,2743,Premier Securities Company Ltd.,Beni Securities Pvt.Ltd.,2026-04-15 11:16:30.272482,Ngadi Group Power Ltd.
2026041504002079,NGPL,40,91,10,473.0,4730.0,2026-04-15,186300383,2743,Creative Securities Pvt Ltd,Citizens Share Broker Limited,2026-04-15 11:18:09.029817,Ngadi Group Power Ltd.
2026041504002080,NGPL,40,34,10,474.9,4749.0,2026-04-15,186300386,2743,Creative Securities Pvt Ltd,Vision Securities Pvt. Ltd,2026-04-15 11:18:09.029916,Ngadi Group Power Ltd.
2026041504002081,NGPL,64,34,431,474.9,204681.9,2026-04-15,186300399,2743,SUN SECURITIES PVT LTD,Vision Securities Pvt. Ltd,2026-04-15 11:18:11.008533,Ngadi Group Power Ltd.
2026041504002082,NGPL,64,62,100,474.9,47490.0,2026-04-15,186300401,2743,SUN SECURITIES PVT LTD,Capital Max Securities Ltd,2026-04-15 11:18:11.008768,Ngadi Group Power Ltd.
2026041504002083,NGPL,64,36,13,474.9,6173.7,2026-04-15,186300403,2743,SUN SECURITIES PVT LTD,Secured Securities Ltd.,2026-04-15 11:18:11.008871,Ngadi Group Power Ltd.
2026041504002084,NGPL,64,69,80,474.9,37992.0,2026-04-15,186300405,2743,SUN SECURITIES PVT LTD,INDEX SECURITIES LIMITED,2026-04-15 11:18:11.008970,Ngadi Group Power Ltd.
2026041504002085,NGPL,64,48,1368,475.0,649800.0,2026-04-15,186300407,2743,SUN SECURITIES PVT LTD,Trishakti Securities Public Limited,2026-04-15 11:18:11.009068,Ngadi Group Power Ltd.
2026041504002086,NGPL,64,33,5000,475.0,2375000.0,2026-04-15,186300409,2743,SUN SECURITIES PVT LTD,Dakshinkali Investment & Securities Pvt. Ltd.,2026-04-15 11:18:11.009164,Ngadi Group Power Ltd.
2026041504002087,NGPL,64,26,100,475.0,47500.0,2026-04-15,186300411,2743,SUN SECURITIES PVT LTD,Asian Securities Private Ltd.,2026-04-15 11:18:11.009264,Ngadi Group Power Ltd.
2026041504002088,NGPL,64,26,600,475.0,285000.0,2026-04-15,186300413,2743,SUN SECURITIES PVT LTD,Asian Securities Private Ltd.,2026-04-15 11:18:11.009369,Ngadi Group Power Ltd.
2026041504002089,NGPL,64,50,708,475.0,336300.0,2026-04-15,186300416,2743,SUN SECURITIES PVT LTD,Cristal Kanchanjanga Securites Pvt. Ltd.,2026-04-15 11:18:11.009475,Ngadi Group Power Ltd.
2026041504002152,NGPL,14,44,1000,472.1,472100.0,2026-04-15,186301017,2743,Nepal Stock House (PVT) Ltd.,Dynamic Money Managers Securities Pvt. Ltd.,2026-04-15 11:18:46.938834,Ngadi Group Power Ltd.
2026041504002156,NGPL,40,33,50,474.9,23745.0,2026-04-15,186301153,2743,Creative Securities Pvt Ltd,Dakshinkali Investment & Securities Pvt. Ltd.,2026-04-15 11:18:56.417197,Ngadi Group Power Ltd.
2026041504002157,NGPL,40,50,10,475.0,4750.0,2026-04-15,186301156,2743,Creative Securities Pvt Ltd,Cristal Kanchanjanga Securites Pvt. Ltd.,2026-04-15 11:18:56.417237,Ngadi Group Power Ltd.
2026041504002353,NGPL,32,93,480,474.8,227904.0,2026-04-15,186302284,2743,Premier Securities Company Ltd.,Beni Securities Pvt.Ltd.,2026-04-15 11:20:13.214024,Ngadi Group Power Ltd.
2026041504002387,NGPL,45,71,850,474.7,403495.0,2026-04-15,186302750,2743,Imperial Securities Company Pvt. Ltd.,SHUBHAKAMANA SECURITIES PVT. LTD,2026-04-15 11:20:39.207670,Ngadi Group Power Ltd.
2026041504002406,NGPL,25,53,39,473.0,18447.0,2026-04-15,186302961,2743,Sweta Securities Private Limited,Investment Management Nepal Pvt. Ltd.,2026-04-15 11:20:47.931663,Ngadi Group Power Ltd.
2026041504002447,NGPL,25,63,151,473.0,71423.0,2026-04-15,186303146,2743,Sweta Securities Private Limited,Himalayan Brokerage Company Limited,2026-04-15 11:20:58.472375,Ngadi Group Power Ltd.
2026041504002448,NGPL,58,63,49,473.0,23177.0,2026-04-15,186303147,2743,Naasa Securities Co. Ltd.,Himalayan Brokerage Company Limited,2026-04-15 11:20:58.472641,Ngadi Group Power Ltd.
2026041504002472,NGPL,58,33,1951,473.0,922823.0,2026-04-15,186303372,2743,Naasa Securities Co. Ltd.,Dakshinkali Investment & Securities Pvt. Ltd.,2026-04-15 11:21:10.021946,Ngadi Group Power Ltd.
2026041504002473,NGPL,44,33,1000,473.0,473000.0,2026-04-15,186303374,2743,Dynamic Money Managers Securities Pvt. Ltd.,Dakshinkali Investment & Securities Pvt. Ltd.,2026-04-15 11:21:10.022219,Ngadi Group Power Ltd.
2026041504002487,NGPL,17,93,520,472.8,245856.0,2026-04-15,186303463,2743,ABC Securities Private Limited,Beni Securities Pvt.Ltd.,2026-04-15 11:21:14.918284,Ngadi Group Power Ltd.
2026041504002502,NGPL,17,69,20,472.8,9456.0,2026-04-15,186303587,2743,ABC Securities Private Limited,INDEX SECURITIES LIMITED,2026-04-15 11:21:24.770801,Ngadi Group Power Ltd.
2026041504002556,NGPL,17,45,47,472.8,22221.6,2026-04-15,186303845,2743,ABC Securities Private Limited,Imperial Securities Company Pvt. Ltd.,2026-04-15 11:21:43.203839,Ngadi Group Power Ltd.
2026041504002557,NGPL,17,33,413,472.8,195266.4,2026-04-15,186303866,2743,ABC Securities Private Limited,Dakshinkali Investment & Securities Pvt. Ltd.,2026-04-15 11:21:43.981220,Ngadi Group Power Ltd.
2026041504002558,NGPL,17,33,587,472.7,277474.9,2026-04-15,186303867,2743,ABC Securities Private Limited,Dakshinkali Investment & Securities Pvt. Ltd.,2026-04-15 11:21:43.981324,Ngadi Group Power Ltd.
2026041504002602,NGPL,14,25,35,472.8,16548.0,2026-04-15,186304150,2743,Nepal Stock House (PVT) Ltd.,Sweta Securities Private Limited,2026-04-15 11:22:03.132848,Ngadi Group Power Ltd.
2026041504002635,NGPL,17,50,282,472.7,133301.4,2026-04-15,186304399,2743,ABC Securities Private Limited,Cristal Kanchanjanga Securites Pvt. Ltd.,2026-04-15 11:22:19.084782,Ngadi Group Power Ltd.
2026041504002732,NGPL,54,25,365,472.8,172572.0,2026-04-15,186305329,2743,Sewa Securities Pvt. Ltd.,Sweta Securities Private Limited,2026-04-15 11:23:19.888215,Ngadi Group Power Ltd.
2026041504002744,NGPL,54,28,100,472.8,47280.0,2026-04-15,186305417,2743,Sewa Securities Pvt. Ltd.,Shree Krishna Securities Ltd.,2026-04-15 11:23:28.149663,Ngadi Group Power Ltd.
2026041504002748,NGPL,17,8,10,472.9,4729.0,2026-04-15,186305448,2743,ABC Securities Private Limited,Brilliant Securities Pvt. Ltd.,2026-04-15 11:23:29.455087,Ngadi Group Power Ltd.
2026041504002749,NGPL,54,51,35,472.8,16548.0,2026-04-15,186305458,2743,Sewa Securities Pvt. Ltd.,Oxford Securities Pvt. Ltd.,2026-04-15 11:23:29.928601,Ngadi Group Power Ltd.
2026041504002750,NGPL,17,51,131,472.7,61923.7,2026-04-15,186305460,2743,ABC Securities Private Limited,Oxford Securities Pvt. Ltd.,2026-04-15 11:23:29.929096,Ngadi Group Power Ltd.
2026041504002807,NGPL,58,8,500,472.6,236300.0,2026-04-15,186305826,2743,Naasa Securities Co. Ltd.,Brilliant Securities Pvt. Ltd.,2026-04-15 11:23:55.082053,Ngadi Group Power Ltd.
2026041504002840,NGPL,58,51,20,472.7,9454.0,2026-04-15,186306010,2743,Naasa Securities Co. Ltd.,Oxford Securities Pvt. Ltd.,2026-04-15 11:24:05.482763,Ngadi Group Power Ltd.
2026041504002855,NGPL,14,58,10,472.3,4723.0,2026-04-15,186306179,2743,Nepal Stock House (PVT) Ltd.,Naasa Securities Co. Ltd.,2026-04-15 11:24:18.576752,Ngadi Group Power Ltd.
2026041504002880,NGPL,63,8,490,472.6,231574.0,2026-04-15,186306477,2743,Himalayan Brokerage Company Limited,Brilliant Securities Pvt. Ltd.,2026-04-15 11:24:35.927354,Ngadi Group Power Ltd.
2026041504002881,NGPL,63,51,510,472.7,241077.0,2026-04-15,186306480,2743,Himalayan Brokerage Company Limited,Oxford Securities Pvt. Ltd.,2026-04-15 11:24:35.927454,Ngadi Group Power Ltd.
2026041504002963,NGPL,63,51,304,472.7,143700.8,2026-04-15,186307565,2743,Himalayan Brokerage Company Limited,Oxford Securities Pvt. Ltd.,2026-04-15 11:25:28.582981,Ngadi Group Power Ltd.
2026041504002964,NGPL,63,57,50,472.7,23635.0,2026-04-15,186307567,2743,Himalayan Brokerage Company Limited,Aryatara Investment & Securities,2026-04-15 11:25:28.583016,Ngadi Group Power Ltd.
2026041504002965,NGPL,63,39,20,472.8,9456.0,2026-04-15,186307569,2743,Himalayan Brokerage Company Limited,Sumeru Securities Pvt. Ltd.,2026-04-15 11:25:28.583047,Ngadi Group Power Ltd.
2026041504002966,NGPL,63,33,126,473.0,59598.0,2026-04-15,186307572,2743,Himalayan Brokerage Company Limited,Dakshinkali Investment & Securities Pvt. Ltd.,2026-04-15 11:25:28.583078,Ngadi Group Power Ltd.
2026041504003007,NGPL,36,66,30,472.5,14175.0,2026-04-15,186307978,2743,Secured Securities Ltd.,Miyo Securities Pvt Ltd,2026-04-15 11:25:55.084196,Ngadi Group Power Ltd.
2026041504003016,NGPL,34,66,100,472.5,47250.0,2026-04-15,186308068,2743,Vision Securities Pvt. Ltd,Miyo Securities Pvt Ltd,2026-04-15 11:26:04.427225,Ngadi Group Power Ltd.
2026041504003018,NGPL,62,66,70,472.5,33075.0,2026-04-15,186308081,2743,Capital Max Securities Ltd,Miyo Securities Pvt Ltd,2026-04-15 11:26:05.263439,Ngadi Group Power Ltd.
2026041504003019,NGPL,62,33,1923,473.0,909579.0,2026-04-15,186308083,2743,Capital Max Securities Ltd,Dakshinkali Investment & Securities Pvt. Ltd.,2026-04-15 11:26:05.263744,Ngadi Group Power Ltd.
2026041504003111,NGPL,17,100,4,466.0,1864.0,2026-04-15,186308981,2743,ABC Securities Private Limited,Sunrise Securities Limited,2026-04-15 11:26:55.778018,Ngadi Group Power Ltd.
2026041504003132,NGPL,58,88,30,472.5,14175.0,2026-04-15,186309209,2743,Naasa Securities Co. Ltd.,Blue Chip Securities Ltd,2026-04-15 11:27:08.602414,Ngadi Group Power Ltd.
2026041504003204,NGPL,14,38,250,472.7,118175.0,2026-04-15,186309987,2743,Nepal Stock House (PVT) Ltd.,Dipshikha Dhitopatra Karobar Co. Pvt Ltd.,2026-04-15 11:27:48.854699,Ngadi Group Power Ltd.
2026041504003217,NGPL,62,91,100,473.0,47300.0,2026-04-15,186310121,2743,Capital Max Securities Ltd,Citizens Share Broker Limited,2026-04-15 11:27:58.147053,Ngadi Group Power Ltd.
2026041504003218,NGPL,62,95,97,473.0,45881.0,2026-04-15,186310124,2743,Capital Max Securities Ltd,Magnet Securities and Investment Company Private Limited,2026-04-15 11:27:58.147332,Ngadi Group Power Ltd.
2026041504003241,NGPL,14,51,10,472.7,4727.0,2026-04-15,186310281,2743,Nepal Stock House (PVT) Ltd.,Oxford Securities Pvt. Ltd.,2026-04-15 11:28:10.873358,Ngadi Group Power Ltd.
2026041504003262,NGPL,58,95,10,473.0,4730.0,2026-04-15,186310512,2743,Naasa Securities Co. Ltd.,Magnet Securities and Investment Company Private Limited,2026-04-15 11:28:27.069812,Ngadi Group Power Ltd.
2026041504003293,NGPL,14,95,93,473.0,43989.0,2026-04-15,186310901,2743,Nepal Stock House (PVT) Ltd.,Magnet Securities and Investment Company Private Limited,2026-04-15 11:28:53.847526,Ngadi Group Power Ltd.
2026041504003294,NGPL,14,18,500,473.0,236500.0,2026-04-15,186310904,2743,Nepal Stock House (PVT) Ltd.,Sagarmatha Securities Private Limited,2026-04-15 11:28:53.848068,Ngadi Group Power Ltd.
2026041504003354,NGPL,26,1,314,474.0,148836.0,2026-04-15,186311305,2743,Asian Securities Private Ltd.,Kumari Securities Private Limited,2026-04-15 11:29:21.150173,Ngadi Group Power Ltd.
2026041504003355,NGPL,26,33,3686,474.0,1747164.0,2026-04-15,186311308,2743,Asian Securities Private Ltd.,Dakshinkali Investment & Securities Pvt. Ltd.,2026-04-15 11:29:21.150721,Ngadi Group Power Ltd.
2026041504003442,NGPL,50,45,100,473.0,47300.0,2026-04-15,186311991,2743,Cristal Kanchanjanga Securites Pvt. Ltd.,Imperial Securities Company Pvt. Ltd.,2026-04-15 11:30:03.059950,Ngadi Group Power Ltd.
2026041504003455,NGPL,59,33,200,474.0,94800.0,2026-04-15,186312158,2743,Deevyaa Securities & Stock House Pvt. Ltd,Dakshinkali Investment & Securities Pvt. Ltd.,2026-04-15 11:30:15.725848,Ngadi Group Power Ltd.
2026041504003463,NGPL,40,33,1000,474.0,474000.0,2026-04-15,186312236,2743,Creative Securities Pvt Ltd,Dakshinkali Investment & Securities Pvt. Ltd.,2026-04-15 11:30:22.547642,Ngadi Group Power Ltd.
2026041504003577,NGPL,50,25,100,473.0,47300.0,2026-04-15,186313083,2743,Cristal Kanchanjanga Securites Pvt. Ltd.,Sweta Securities Private Limited,2026-04-15 11:31:13.923456,Ngadi Group Power Ltd.
2026041504003618,NGPL,50,25,100,473.0,47300.0,2026-04-15,186313421,2743,Cristal Kanchanjanga Securites Pvt. Ltd.,Sweta Securities Private Limited,2026-04-15 11:31:29.371981,Ngadi Group Power Ltd.
2026041504003642,NGPL,50,4,200,473.0,94600.0,2026-04-15,186313722,2743,Cristal Kanchanjanga Securites Pvt. Ltd.,Opal Securities Investment (PVT) Ltd.,2026-04-15 11:31:48.456091,Ngadi Group Power Ltd.
2026041504003643,NGPL,13,4,100,473.0,47300.0,2026-04-15,186313724,2743,Thrive Brokerage House Pvt. Ltd,Opal Securities Investment (PVT) Ltd.,2026-04-15 11:31:48.456453,Ngadi Group Power Ltd.
2026041504003644,NGPL,94,4,500,473.0,236500.0,2026-04-15,186313726,2743,K.B.L. Securities Limited ,Opal Securities Investment (PVT) Ltd.,2026-04-15 11:31:48.456644,Ngadi Group Power Ltd.
2026041504003678,NGPL,39,68,10,472.7,4727.0,2026-04-15,186313977,2743,Sumeru Securities Pvt. Ltd.,Elite Stock House Limited,2026-04-15 11:32:08.406168,Ngadi Group Power Ltd.
2026041504003757,NGPL,4,4,110,473.0,52030.0,2026-04-15,186314930,2743,Opal Securities Investment (PVT) Ltd.,Opal Securities Investment (PVT) Ltd.,2026-04-15 11:32:54.967874,Ngadi Group Power Ltd.
2026041504003968,NGPL,26,93,1000,473.9,473900.0,2026-04-15,186316538,2743,Asian Securities Private Ltd.,Beni Securities Pvt.Ltd.,2026-04-15 11:34:30.207173,Ngadi Group Power Ltd.
2026041504003973,NGPL,58,28,15,473.0,7095.0,2026-04-15,186316562,2743,Naasa Securities Co. Ltd.,Shree Krishna Securities Ltd.,2026-04-15 11:34:31.184704,Ngadi Group Power Ltd.
2026041504003974,NGPL,58,28,185,473.0,87505.0,2026-04-15,186316563,2743,Naasa Securities Co. Ltd.,Shree Krishna Securities Ltd.,2026-04-15 11:34:31.184761,Ngadi Group Power Ltd.
2026041504003993,NGPL,58,42,20,473.0,9460.0,2026-04-15,186316781,2743,Naasa Securities Co. Ltd.,Sani Securities Company Ltd.,2026-04-15 11:34:41.503836,Ngadi Group Power Ltd.
2026041504004073,NGPL,42,32,19,473.8,9002.2,2026-04-15,186317152,2743,Sani Securities Company Ltd.,Premier Securities Company Ltd.,2026-04-15 11:34:59.587164,Ngadi Group Power Ltd.
2026041504004080,NGPL,58,21,23,473.0,10879.0,2026-04-15,186317231,2743,Naasa Securities Co. Ltd.,Midas Stock Broking Company Private Limited,2026-04-15 11:35:08.727516,Ngadi Group Power Ltd.
2026041504004093,NGPL,26,33,114,474.0,54036.0,2026-04-15,186317371,2743,Asian Securities Private Ltd.,Dakshinkali Investment & Securities Pvt. Ltd.,2026-04-15 11:35:17.711224,Ngadi Group Power Ltd.
2026041504004197,NGPL,49,5,100,474.4,47440.0,2026-04-15,186317939,2743,Online Securities Pvt. Ltd.,Market Securities & Exchange (PVT) Ltd.,2026-04-15 11:35:54.925418,Ngadi Group Power Ltd.
2026041504004198,NGPL,49,68,200,474.4,94880.0,2026-04-15,186317942,2743,Online Securities Pvt. Ltd.,Elite Stock House Limited,2026-04-15 11:35:54.926001,Ngadi Group Power Ltd.
2026041504004204,NGPL,26,68,300,474.4,142320.0,2026-04-15,186318007,2743,Asian Securities Private Ltd.,Elite Stock House Limited,2026-04-15 11:35:58.333174,Ngadi Group Power Ltd.
2026041504004205,NGPL,26,71,150,474.7,71205.0,2026-04-15,186318009,2743,Asian Securities Private Ltd.,SHUBHAKAMANA SECURITIES PVT. LTD,2026-04-15 11:35:58.333809,Ngadi Group Power Ltd.
2026041504004206,NGPL,26,8,500,474.8,237400.0,2026-04-15,186318011,2743,Asian Securities Private Ltd.,Brilliant Securities Pvt. Ltd.,2026-04-15 11:35:58.334233,Ngadi Group Power Ltd.
2026041504004225,NGPL,26,45,10,474.8,4748.0,2026-04-15,186318201,2743,Asian Securities Private Ltd.,Imperial Securities Company Pvt. Ltd.,2026-04-15 11:36:06.868573,Ngadi Group Power Ltd.
2026041504004237,NGPL,50,44,500,474.9,237450.0,2026-04-15,186318365,2743,Cristal Kanchanjanga Securites Pvt. Ltd.,Dynamic Money Managers Securities Pvt. Ltd.,2026-04-15 11:36:17.853068,Ngadi Group Power Ltd.
2026041504004238,NGPL,50,100,10,474.9,4749.0,2026-04-15,186318367,2743,Cristal Kanchanjanga Securites Pvt. Ltd.,Sunrise Securities Limited,2026-04-15 11:36:17.853423,Ngadi Group Power Ltd.
2026041504004239,NGPL,50,18,300,475.0,142500.0,2026-04-15,186318371,2743,Cristal Kanchanjanga Securites Pvt. Ltd.,Sagarmatha Securities Private Limited,2026-04-15 11:36:17.853628,Ngadi Group Power Ltd.
2026041504004240,NGPL,50,49,200,475.0,95000.0,2026-04-15,186318373,2743,Cristal Kanchanjanga Securites Pvt. Ltd.,Online Securities Pvt. Ltd.,2026-04-15 11:36:17.853813,Ngadi Group Power Ltd.
2026041504004241,NGPL,50,34,52,475.0,24700.0,2026-04-15,186318377,2743,Cristal Kanchanjanga Securites Pvt. Ltd.,Vision Securities Pvt. Ltd,2026-04-15 11:36:17.853988,Ngadi Group Power Ltd.
2026041504004242,NGPL,50,56,200,475.0,95000.0,2026-04-15,186318380,2743,Cristal Kanchanjanga Securites Pvt. Ltd.,Sri Hari Securities Pvt. Ltd.,2026-04-15 11:36:17.854147,Ngadi Group Power Ltd.
2026041504004243,NGPL,50,56,200,475.0,95000.0,2026-04-15,186318383,2743,Cristal Kanchanjanga Securites Pvt. Ltd.,Sri Hari Securities Pvt. Ltd.,2026-04-15 11:36:17.854327,Ngadi Group Power Ltd.
2026041504004244,NGPL,50,1,200,475.0,95000.0,2026-04-15,186318385,2743,Cristal Kanchanjanga Securites Pvt. Ltd.,Kumari Securities Private Limited,2026-04-15 11:36:17.854512,Ngadi Group Power Ltd.
2026041504004245,NGPL,50,57,500,475.0,237500.0,2026-04-15,186318389,2743,Cristal Kanchanjanga Securites Pvt. Ltd.,Aryatara Investment & Securities,2026-04-15 11:36:17.854653,Ngadi Group Power Ltd.
2026041504004246,NGPL,50,56,600,475.0,285000.0,2026-04-15,186318391,2743,Cristal Kanchanjanga Securites Pvt. Ltd.,Sri Hari Securities Pvt. Ltd.,2026-04-15 11:36:17.854794,Ngadi Group Power Ltd.
2026041504004247,NGPL,50,57,500,475.0,237500.0,2026-04-15,186318395,2743,Cristal Kanchanjanga Securites Pvt. Ltd.,Aryatara Investment & Securities,2026-04-15 11:36:17.854968,Ngadi Group Power Ltd.
2026041504004248,NGPL,50,88,213,475.0,101175.0,2026-04-15,186318397,2743,Cristal Kanchanjanga Securites Pvt. Ltd.,Blue Chip Securities Ltd,2026-04-15 11:36:17.855122,Ngadi Group Power Ltd.
2026041504004249,NGPL,50,38,100,475.0,47500.0,2026-04-15,186318400,2743,Cristal Kanchanjanga Securites Pvt. Ltd.,Dipshikha Dhitopatra Karobar Co. Pvt Ltd.,2026-04-15 11:36:17.855306,Ngadi Group Power Ltd.
2026041504004250,NGPL,50,52,104,475.0,49400.0,2026-04-15,186318403,2743,Cristal Kanchanjanga Securites Pvt. Ltd.,Sundhara Securities Limited,2026-04-15 11:36:17.855465,Ngadi Group Power Ltd.
2026041504004251,NGPL,50,45,200,475.0,95000.0,2026-04-15,186318405,2743,Cristal Kanchanjanga Securites Pvt. Ltd.,Imperial Securities Company Pvt. Ltd.,2026-04-15 11:36:17.855617,Ngadi Group Power Ltd.
2026041504004252,NGPL,50,42,52,475.0,24700.0,2026-04-15,186318409,2743,Cristal Kanchanjanga Securites Pvt. Ltd.,Sani Securities Company Ltd.,2026-04-15 11:36:17.855758,Ngadi Group Power Ltd.
2026041504004261,NGPL,50,17,500,475.0,237500.0,2026-04-15,186318587,2743,Cristal Kanchanjanga Securites Pvt. Ltd.,ABC Securities Private Limited,2026-04-15 11:36:26.592508,Ngadi Group Power Ltd.
2026041504004263,NGPL,26,91,20,475.5,9510.0,2026-04-15,186318600,2743,Asian Securities Private Ltd.,Citizens Share Broker Limited,2026-04-15 11:36:27.106644,Ngadi Group Power Ltd.
2026041504004307,NGPL,50,67,500,475.0,237500.0,2026-04-15,186319015,2743,Cristal Kanchanjanga Securites Pvt. Ltd.,Property Wiard Limited,2026-04-15 11:36:51.038750,Ngadi Group Power Ltd.
2026041504004374,NGPL,50,83,2000,475.0,950000.0,2026-04-15,186319409,2743,Cristal Kanchanjanga Securites Pvt. Ltd.,Sanima Securities Limited,2026-04-15 11:37:17.951232,Ngadi Group Power Ltd.
2026041504004393,NGPL,64,17,100,475.8,47580.0,2026-04-15,186319648,2743,SUN SECURITIES PVT LTD,ABC Securities Private Limited,2026-04-15 11:37:37.753399,Ngadi Group Power Ltd.
2026041504004401,NGPL,86,17,400,475.8,190320.0,2026-04-15,186319703,2743,Stoxkarts Securities Limited,ABC Securities Private Limited,2026-04-15 11:37:41.777022,Ngadi Group Power Ltd.
2026041504004402,NGPL,86,62,19,475.9,9042.1,2026-04-15,186319705,2743,Stoxkarts Securities Limited,Capital Max Securities Ltd,2026-04-15 11:37:41.777614,Ngadi Group Power Ltd.
2026041504004403,NGPL,86,34,581,475.9,276497.9,2026-04-15,186319708,2743,Stoxkarts Securities Limited,Vision Securities Pvt. Ltd,2026-04-15 11:37:41.778032,Ngadi Group Power Ltd.
2026041504004454,NGPL,86,34,419,475.9,199402.1,2026-04-15,186320129,2743,Stoxkarts Securities Limited,Vision Securities Pvt. Ltd,2026-04-15 11:38:14.974656,Ngadi Group Power Ltd.
2026041504004552,NGPL,77,57,645,476.0,307020.0,2026-04-15,186320734,2743,Nabil Stock Dealer Ltd.,Aryatara Investment & Securities,2026-04-15 11:38:55.303929,Ngadi Group Power Ltd.
2026041504004553,NGPL,77,62,10,476.0,4760.0,2026-04-15,186320736,2743,Nabil Stock Dealer Ltd.,Capital Max Securities Ltd,2026-04-15 11:38:55.304214,Ngadi Group Power Ltd.
2026041504004554,NGPL,77,42,100,476.0,47600.0,2026-04-15,186320738,2743,Nabil Stock Dealer Ltd.,Sani Securities Company Ltd.,2026-04-15 11:38:55.304360,Ngadi Group Power Ltd.
2026041504004555,NGPL,77,91,20,476.0,9520.0,2026-04-15,186320740,2743,Nabil Stock Dealer Ltd.,Citizens Share Broker Limited,2026-04-15 11:38:55.304502,Ngadi Group Power Ltd.
2026041504004556,NGPL,77,1,200,476.0,95200.0,2026-04-15,186320742,2743,Nabil Stock Dealer Ltd.,Kumari Securities Private Limited,2026-04-15 11:38:55.304638,Ngadi Group Power Ltd.
2026041504004557,NGPL,77,35,227,476.9,108256.3,2026-04-15,186320744,2743,Nabil Stock Dealer Ltd.,Kohinoor Investment & Securities Pvt. Ltd.,2026-04-15 11:38:55.304774,Ngadi Group Power Ltd.
2026041504004558,NGPL,77,14,50,476.9,23845.0,2026-04-15,186320746,2743,Nabil Stock Dealer Ltd.,Nepal Stock House (PVT) Ltd.,2026-04-15 11:38:55.304910,Ngadi Group Power Ltd.
2026041504004559,NGPL,77,62,10,476.9,4769.0,2026-04-15,186320748,2743,Nabil Stock Dealer Ltd.,Capital Max Securities Ltd,2026-04-15 11:38:55.305043,Ngadi Group Power Ltd.
2026041504004560,NGPL,77,8,1000,476.9,476900.0,2026-04-15,186320750,2743,Nabil Stock Dealer Ltd.,Brilliant Securities Pvt. Ltd.,2026-04-15 11:38:55.305174,Ngadi Group Power Ltd.
2026041504004561,NGPL,77,44,500,477.0,238500.0,2026-04-15,186320752,2743,Nabil Stock Dealer Ltd.,Dynamic Money Managers Securities Pvt. Ltd.,2026-04-15 11:38:55.305307,Ngadi Group Power Ltd.
2026041504004562,NGPL,77,85,1000,477.0,477000.0,2026-04-15,186320754,2743,Nabil Stock Dealer Ltd.,Capital Hub P. Ltd,2026-04-15 11:38:55.305445,Ngadi Group Power Ltd.
2026041504004563,NGPL,77,6,50,477.0,23850.0,2026-04-15,186320756,2743,Nabil Stock Dealer Ltd.,Agrawal Securities (PVT) Ltd.,2026-04-15 11:38:55.305591,Ngadi Group Power Ltd.
2026041504004564,NGPL,77,91,12,477.0,5724.0,2026-04-15,186320758,2743,Nabil Stock Dealer Ltd.,Citizens Share Broker Limited,2026-04-15 11:38:55.305725,Ngadi Group Power Ltd.
2026041504004565,NGPL,77,48,100,477.0,47700.0,2026-04-15,186320760,2743,Nabil Stock Dealer Ltd.,Trishakti Securities Public Limited,2026-04-15 11:38:55.305857,Ngadi Group Power Ltd.
2026041504004566,NGPL,77,4,19,477.0,9063.0,2026-04-15,186320762,2743,Nabil Stock Dealer Ltd.,Opal Securities Investment (PVT) Ltd.,2026-04-15 11:38:55.305990,Ngadi Group Power Ltd.
2026041504004567,NGPL,77,33,2500,477.0,1192500.0,2026-04-15,186320764,2743,Nabil Stock Dealer Ltd.,Dakshinkali Investment & Securities Pvt. Ltd.,2026-04-15 11:38:55.306120,Ngadi Group Power Ltd.
2026041504004568,NGPL,77,58,49,477.0,23373.0,2026-04-15,186320766,2743,Nabil Stock Dealer Ltd.,Naasa Securities Co. Ltd.,2026-04-15 11:38:55.306248,Ngadi Group Power Ltd.
2026041504004569,NGPL,77,58,115,477.0,54855.0,2026-04-15,186320768,2743,Nabil Stock Dealer Ltd.,Naasa Securities Co. Ltd.,2026-04-15 11:38:55.306379,Ngadi Group Power Ltd.
2026041504004570,NGPL,77,62,10,477.0,4770.0,2026-04-15,186320770,2743,Nabil Stock Dealer Ltd.,Capital Max Securities Ltd,2026-04-15 11:38:55.306516,Ngadi Group Power Ltd.
2026041504004571,NGPL,77,91,80,477.0,38160.0,2026-04-15,186320772,2743,Nabil Stock Dealer Ltd.,Citizens Share Broker Limited,2026-04-15 11:38:55.306643,Ngadi Group Power Ltd.
2026041504004572,NGPL,77,13,3000,477.5,1432500.0,2026-04-15,186320726,2743,Nabil Stock Dealer Ltd.,Thrive Brokerage House Pvt. Ltd,2026-04-15 11:38:55.306770,Ngadi Group Power Ltd.
2026041504004573,NGPL,77,84,303,477.7,144743.1,2026-04-15,186320729,2743,Nabil Stock Dealer Ltd.,MILKY WAY SHARE BROKER COMPANY LTD ,2026-04-15 11:38:55.306911,Ngadi Group Power Ltd.
2026041504004681,NGPL,86,18,81,475.9,38547.9,2026-04-15,186321756,2743,Stoxkarts Securities Limited,Sagarmatha Securities Private Limited,2026-04-15 11:39:59.771960,Ngadi Group Power Ltd.
2026041504004682,NGPL,52,18,419,475.9,199402.1,2026-04-15,186321758,2743,Sundhara Securities Limited,Sagarmatha Securities Private Limited,2026-04-15 11:39:59.772022,Ngadi Group Power Ltd.
2026041504004683,NGPL,50,18,500,475.0,237500.0,2026-04-15,186321759,2743,Cristal Kanchanjanga Securites Pvt. Ltd.,Sagarmatha Securities Private Limited,2026-04-15 11:39:59.772070,Ngadi Group Power Ltd.
2026041504004750,NGPL,58,62,10,477.4,4774.0,2026-04-15,186322347,2743,Naasa Securities Co. Ltd.,Capital Max Securities Ltd,2026-04-15 11:40:37.081631,Ngadi Group Power Ltd.
2026041504004751,NGPL,58,57,20,477.5,9550.0,2026-04-15,186322349,2743,Naasa Securities Co. Ltd.,Aryatara Investment & Securities,2026-04-15 11:40:37.081690,Ngadi Group Power Ltd.
2026041504004752,NGPL,58,8,500,477.5,238750.0,2026-04-15,186322351,2743,Naasa Securities Co. Ltd.,Brilliant Securities Pvt. Ltd.,2026-04-15 11:40:37.081720,Ngadi Group Power Ltd.
2026041504004753,NGPL,58,65,50,477.5,23875.0,2026-04-15,186322353,2743,Naasa Securities Co. Ltd.,Sharepro Securities Private Limited,2026-04-15 11:40:37.081757,Ngadi Group Power Ltd.
2026041504004754,NGPL,58,44,420,477.5,200550.0,2026-04-15,186322356,2743,Naasa Securities Co. Ltd.,Dynamic Money Managers Securities Pvt. Ltd.,2026-04-15 11:40:37.081781,Ngadi Group Power Ltd.
2026041504004780,NGPL,38,58,420,476.0,199920.0,2026-04-15,186322538,2743,Dipshikha Dhitopatra Karobar Co. Pvt Ltd.,Naasa Securities Co. Ltd.,2026-04-15 11:40:47.432793,Ngadi Group Power Ltd.
2026041504004781,NGPL,14,58,500,476.0,238000.0,2026-04-15,186322540,2743,Nepal Stock House (PVT) Ltd.,Naasa Securities Co. Ltd.,2026-04-15 11:40:47.433453,Ngadi Group Power Ltd.
2026041504004782,NGPL,57,58,500,476.0,238000.0,2026-04-15,186322541,2743,Aryatara Investment & Securities,Naasa Securities Co. Ltd.,2026-04-15 11:40:47.433885,Ngadi Group Power Ltd.
2026041504004877,NGPL,32,29,23,476.0,10948.0,2026-04-15,186323451,2743,Premier Securities Company Ltd.,Trisul Securities & Invt. Ltd.,2026-04-15 11:41:42.144843,Ngadi Group Power Ltd.
2026041504004878,NGPL,32,52,100,477.4,47740.0,2026-04-15,186323453,2743,Premier Securities Company Ltd.,Sundhara Securities Limited,2026-04-15 11:41:42.145178,Ngadi Group Power Ltd.
2026041504004879,NGPL,32,62,10,477.4,4774.0,2026-04-15,186323455,2743,Premier Securities Company Ltd.,Capital Max Securities Ltd,2026-04-15 11:41:42.145327,Ngadi Group Power Ltd.
2026041504004880,NGPL,32,44,80,477.5,38200.0,2026-04-15,186323457,2743,Premier Securities Company Ltd.,Dynamic Money Managers Securities Pvt. Ltd.,2026-04-15 11:41:42.145468,Ngadi Group Power Ltd.
2026041504004881,NGPL,32,57,1000,477.5,477500.0,2026-04-15,186323459,2743,Premier Securities Company Ltd.,Aryatara Investment & Securities,2026-04-15 11:41:42.145625,Ngadi Group Power Ltd.
2026041504004882,NGPL,32,62,10,477.6,4776.0,2026-04-15,186323461,2743,Premier Securities Company Ltd.,Capital Max Securities Ltd,2026-04-15 11:41:42.145768,Ngadi Group Power Ltd.
2026041504004883,NGPL,32,43,277,477.6,132295.2,2026-04-15,186323464,2743,Premier Securities Company Ltd.,South Asian Bulls Pvt. Ltd.,2026-04-15 11:41:42.145908,Ngadi Group Power Ltd.
2026041504004991,NGPL,1,32,60,476.0,28560.0,2026-04-15,186324429,2743,Kumari Securities Private Limited,Premier Securities Company Ltd.,2026-04-15 11:42:48.349266,Ngadi Group Power Ltd.
2026041504005061,NGPL,1,6,15,476.0,7140.0,2026-04-15,186325017,2743,Kumari Securities Private Limited,Agrawal Securities (PVT) Ltd.,2026-04-15 11:43:28.532618,Ngadi Group Power Ltd.
2026041504005097,NGPL,83,62,10,477.4,4774.0,2026-04-15,186325445,2743,Sanima Securities Limited,Capital Max Securities Ltd,2026-04-15 11:43:55.005171,Ngadi Group Power Ltd.
2026041504005098,NGPL,83,14,50,477.5,23875.0,2026-04-15,186325447,2743,Sanima Securities Limited,Nepal Stock House (PVT) Ltd.,2026-04-15 11:43:55.005220,Ngadi Group Power Ltd.
2026041504005099,NGPL,83,43,1723,477.6,822904.8,2026-04-15,186325449,2743,Sanima Securities Limited,South Asian Bulls Pvt. Ltd.,2026-04-15 11:43:55.005247,Ngadi Group Power Ltd.
2026041504005100,NGPL,83,62,10,477.7,4777.0,2026-04-15,186325451,2743,Sanima Securities Limited,Capital Max Securities Ltd,2026-04-15 11:43:55.005272,Ngadi Group Power Ltd.
2026041504005101,NGPL,83,75,22,477.7,10509.4,2026-04-15,186325453,2743,Sanima Securities Limited,N.I.M.B. Stock Markets Limited,2026-04-15 11:43:55.005294,Ngadi Group Power Ltd.
2026041504005102,NGPL,83,62,10,477.8,4778.0,2026-04-15,186325455,2743,Sanima Securities Limited,Capital Max Securities Ltd,2026-04-15 11:43:55.005327,Ngadi Group Power Ltd.
2026041504005103,NGPL,83,8,175,477.8,83615.0,2026-04-15,186325458,2743,Sanima Securities Limited,Brilliant Securities Pvt. Ltd.,2026-04-15 11:43:55.005349,Ngadi Group Power Ltd.
2026041504005115,NGPL,38,38,14,476.3,6668.2,2026-04-15,186325523,2743,Dipshikha Dhitopatra Karobar Co. Pvt Ltd.,Dipshikha Dhitopatra Karobar Co. Pvt Ltd.,2026-04-15 11:43:58.143392,Ngadi Group Power Ltd.
2026041504005233,NGPL,38,44,35,476.5,16677.5,2026-04-15,186326141,2743,Dipshikha Dhitopatra Karobar Co. Pvt Ltd.,Dynamic Money Managers Securities Pvt. Ltd.,2026-04-15 11:44:35.016904,Ngadi Group Power Ltd.
2026041504005263,NGPL,46,33,50,477.0,23850.0,2026-04-15,186326409,2743,Kalika Securities Pvt. Ltd.,Dakshinkali Investment & Securities Pvt. Ltd.,2026-04-15 11:44:54.098271,Ngadi Group Power Ltd.
2026041504005292,NGPL,100,44,4,468.0,1872.0,2026-04-15,186326587,2743,Sunrise Securities Limited,Dynamic Money Managers Securities Pvt. Ltd.,2026-04-15 11:45:09.891955,Ngadi Group Power Ltd.
2026041504005334,NGPL,46,33,50,477.0,23850.0,2026-04-15,186326833,2743,Kalika Securities Pvt. Ltd.,Dakshinkali Investment & Securities Pvt. Ltd.,2026-04-15 11:45:24.544235,Ngadi Group Power Ltd.
2026041504005335,NGPL,100,44,4,468.0,1872.0,2026-04-15,186326837,2743,Sunrise Securities Limited,Dynamic Money Managers Securities Pvt. Ltd.,2026-04-15 11:45:24.802009,Ngadi Group Power Ltd.
2026041504005337,NGPL,26,65,50,477.5,23875.0,2026-04-15,186326853,2743,Asian Securities Private Ltd.,Sharepro Securities Private Limited,2026-04-15 11:45:26.802763,Ngadi Group Power Ltd.
2026041504005338,NGPL,26,14,200,477.7,95540.0,2026-04-15,186326856,2743,Asian Securities Private Ltd.,Nepal Stock House (PVT) Ltd.,2026-04-15 11:45:26.802814,Ngadi Group Power Ltd.
2026041504005357,NGPL,5,14,200,477.7,95540.0,2026-04-15,186327054,2743,Market Securities & Exchange (PVT) Ltd.,Nepal Stock House (PVT) Ltd.,2026-04-15 11:45:35.897849,Ngadi Group Power Ltd.
2026041504005365,NGPL,38,44,14,476.5,6671.0,2026-04-15,186327071,2743,Dipshikha Dhitopatra Karobar Co. Pvt Ltd.,Dynamic Money Managers Securities Pvt. Ltd.,2026-04-15 11:45:36.425231,Ngadi Group Power Ltd.
2026041504005383,NGPL,38,48,50,476.5,23825.0,2026-04-15,186327173,2743,Dipshikha Dhitopatra Karobar Co. Pvt Ltd.,Trishakti Securities Public Limited,2026-04-15 11:45:40.370995,Ngadi Group Power Ltd.
2026041504005405,NGPL,25,89,55,477.5,26262.5,2026-04-15,186327375,2743,Sweta Securities Private Limited,Global IME Securities Limited,2026-04-15 11:45:51.222834,Ngadi Group Power Ltd.
2026041504005415,NGPL,100,44,4,468.0,1872.0,2026-04-15,186327455,2743,Sunrise Securities Limited,Dynamic Money Managers Securities Pvt. Ltd.,2026-04-15 11:45:55.158572,Ngadi Group Power Ltd.
2026041504005462,NGPL,25,44,14,477.5,6685.0,2026-04-15,186327877,2743,Sweta Securities Private Limited,Dynamic Money Managers Securities Pvt. Ltd.,2026-04-15 11:46:11.246438,Ngadi Group Power Ltd.
2026041504005479,NGPL,100,62,10,477.6,4776.0,2026-04-15,186327989,2743,Sunrise Securities Limited,Capital Max Securities Ltd,2026-04-15 11:46:16.312179,Ngadi Group Power Ltd.
2026041504005480,NGPL,100,14,100,477.7,47770.0,2026-04-15,186327991,2743,Sunrise Securities Limited,Nepal Stock House (PVT) Ltd.,2026-04-15 11:46:16.312567,Ngadi Group Power Ltd.
2026041504005481,NGPL,100,8,325,477.8,155285.0,2026-04-15,186327993,2743,Sunrise Securities Limited,Brilliant Securities Pvt. Ltd.,2026-04-15 11:46:16.312756,Ngadi Group Power Ltd.
2026041504005482,NGPL,100,57,20,477.8,9556.0,2026-04-15,186327995,2743,Sunrise Securities Limited,Aryatara Investment & Securities,2026-04-15 11:46:16.312960,Ngadi Group Power Ltd.
2026041504005483,NGPL,100,91,300,477.9,143370.0,2026-04-15,186327997,2743,Sunrise Securities Limited,Citizens Share Broker Limited,2026-04-15 11:46:16.313181,Ngadi Group Power Ltd.
2026041504005484,NGPL,100,62,10,477.9,4779.0,2026-04-15,186327999,2743,Sunrise Securities Limited,Capital Max Securities Ltd,2026-04-15 11:46:16.313387,Ngadi Group Power Ltd.
2026041504005485,NGPL,100,26,100,477.9,47790.0,2026-04-15,186328001,2743,Sunrise Securities Limited,Asian Securities Private Ltd.,2026-04-15 11:46:16.313649,Ngadi Group Power Ltd.
2026041504005486,NGPL,100,5,1000,478.0,478000.0,2026-04-15,186328003,2743,Sunrise Securities Limited,Market Securities & Exchange (PVT) Ltd.,2026-04-15 11:46:16.313833,Ngadi Group Power Ltd.
2026041504005487,NGPL,100,17,300,478.0,143400.0,2026-04-15,186328005,2743,Sunrise Securities Limited,ABC Securities Private Limited,2026-04-15 11:46:16.314050,Ngadi Group Power Ltd.
2026041504005488,NGPL,100,19,1800,478.0,860400.0,2026-04-15,186328007,2743,Sunrise Securities Limited,Nepal Investment And Securities Trading Private Limited,2026-04-15 11:46:16.314283,Ngadi Group Power Ltd.
2026041504005489,NGPL,100,39,1000,478.0,478000.0,2026-04-15,186328009,2743,Sunrise Securities Limited,Sumeru Securities Pvt. Ltd.,2026-04-15 11:46:16.314497,Ngadi Group Power Ltd.
2026041504005490,NGPL,100,91,100,478.0,47800.0,2026-04-15,186328011,2743,Sunrise Securities Limited,Citizens Share Broker Limited,2026-04-15 11:46:16.314763,Ngadi Group Power Ltd.
2026041504005491,NGPL,100,33,4935,478.0,2358930.0,2026-04-15,186328014,2743,Sunrise Securities Limited,Dakshinkali Investment & Securities Pvt. Ltd.,2026-04-15 11:46:16.315402,Ngadi Group Power Ltd.
2026041504005529,NGPL,45,6,10,477.6,4776.0,2026-04-15,186328268,2743,Imperial Securities Company Pvt. Ltd.,Agrawal Securities (PVT) Ltd.,2026-04-15 11:46:35.192787,Ngadi Group Power Ltd.
2026041504005530,NGPL,45,33,65,478.0,31070.0,2026-04-15,186328272,2743,Imperial Securities Company Pvt. Ltd.,Dakshinkali Investment & Securities Pvt. Ltd.,2026-04-15 11:46:35.193478,Ngadi Group Power Ltd.
2026041504005531,NGPL,45,85,75,478.0,35850.0,2026-04-15,186328278,2743,Imperial Securities Company Pvt. Ltd.,Capital Hub P. Ltd,2026-04-15 11:46:35.193949,Ngadi Group Power Ltd.
2026041504005561,NGPL,58,85,500,478.0,239000.0,2026-04-15,186328512,2743,Naasa Securities Co. Ltd.,Capital Hub P. Ltd,2026-04-15 11:46:50.283885,Ngadi Group Power Ltd.
2026041504005575,NGPL,25,44,22,477.5,10505.0,2026-04-15,186328663,2743,Sweta Securities Private Limited,Dynamic Money Managers Securities Pvt. Ltd.,2026-04-15 11:47:00.078811,Ngadi Group Power Ltd.
2026041504005591,NGPL,25,100,19,477.5,9072.5,2026-04-15,186328783,2743,Sweta Securities Private Limited,Sunrise Securities Limited,2026-04-15 11:47:07.483950,Ngadi Group Power Ltd.
2026041504005666,NGPL,25,38,80,477.5,38200.0,2026-04-15,186329183,2743,Sweta Securities Private Limited,Dipshikha Dhitopatra Karobar Co. Pvt Ltd.,2026-04-15 11:47:28.619694,Ngadi Group Power Ltd.
2026041504005696,NGPL,25,28,10,477.5,4775.0,2026-04-15,186329312,2743,Sweta Securities Private Limited,Shree Krishna Securities Ltd.,2026-04-15 11:47:35.986457,Ngadi Group Power Ltd.
2026041504005709,NGPL,100,100,4,468.0,1872.0,2026-04-15,186329355,2743,Sunrise Securities Limited,Sunrise Securities Limited,2026-04-15 11:47:38.317632,Ngadi Group Power Ltd.
2026041504005750,NGPL,26,50,230,477.0,109710.0,2026-04-15,186329620,2743,Asian Securities Private Ltd.,Cristal Kanchanjanga Securites Pvt. Ltd.,2026-04-15 11:47:53.299524,Ngadi Group Power Ltd.
2026041504005792,NGPL,58,50,500,477.0,238500.0,2026-04-15,186329912,2743,Naasa Securities Co. Ltd.,Cristal Kanchanjanga Securites Pvt. Ltd.,2026-04-15 11:48:08.090946,Ngadi Group Power Ltd.
2026041504005804,NGPL,46,50,200,477.0,95400.0,2026-04-15,186330046,2743,Kalika Securities Pvt. Ltd.,Cristal Kanchanjanga Securites Pvt. Ltd.,2026-04-15 11:48:15.529989,Ngadi Group Power Ltd.
2026041504005807,NGPL,65,100,14,476.7,6673.8,2026-04-15,186330051,2743,Sharepro Securities Private Limited,Sunrise Securities Limited,2026-04-15 11:48:16.005669,Ngadi Group Power Ltd.
2026041504005826,NGPL,41,50,10,477.0,4770.0,2026-04-15,186330186,2743,Linch Stock Market Ltd.,Cristal Kanchanjanga Securites Pvt. Ltd.,2026-04-15 11:48:23.765641,Ngadi Group Power Ltd.
2026041504005835,NGPL,65,33,50,476.7,23835.0,2026-04-15,186330243,2743,Sharepro Securities Private Limited,Dakshinkali Investment & Securities Pvt. Ltd.,2026-04-15 11:48:29.054869,Ngadi Group Power Ltd.
2026041504005852,NGPL,100,100,4,468.0,1872.0,2026-04-15,186330395,2743,Sunrise Securities Limited,Sunrise Securities Limited,2026-04-15 11:48:37.014060,Ngadi Group Power Ltd.
2026041504005853,NGPL,46,50,260,477.0,124020.0,2026-04-15,186330417,2743,Kalika Securities Pvt. Ltd.,Cristal Kanchanjanga Securites Pvt. Ltd.,2026-04-15 11:48:38.195728,Ngadi Group Power Ltd.
2026041504005927,NGPL,100,100,9,468.0,4212.0,2026-04-15,186330819,2743,Sunrise Securities Limited,Sunrise Securities Limited,2026-04-15 11:48:57.299111,Ngadi Group Power Ltd.
2026041504005933,NGPL,46,28,50,477.5,23875.0,2026-04-15,186330856,2743,Kalika Securities Pvt. Ltd.,Shree Krishna Securities Ltd.,2026-04-15 11:49:00.266962,Ngadi Group Power Ltd.
2026041504005941,NGPL,65,28,36,477.5,17190.0,2026-04-15,186330926,2743,Sharepro Securities Private Limited,Shree Krishna Securities Ltd.,2026-04-15 11:49:05.871822,Ngadi Group Power Ltd.
2026041504006004,NGPL,100,100,4,468.0,1872.0,2026-04-15,186331633,2743,Sunrise Securities Limited,Sunrise Securities Limited,2026-04-15 11:49:24.166945,Ngadi Group Power Ltd.
2026041504006060,NGPL,48,28,54,477.5,25785.0,2026-04-15,186332227,2743,Trishakti Securities Public Limited,Shree Krishna Securities Ltd.,2026-04-15 11:49:49.893415,Ngadi Group Power Ltd.
2026041504006061,NGPL,48,85,425,478.0,203150.0,2026-04-15,186332229,2743,Trishakti Securities Public Limited,Capital Hub P. Ltd,2026-04-15 11:49:49.893826,Ngadi Group Power Ltd.
2026041504006062,NGPL,48,62,10,478.0,4780.0,2026-04-15,186332231,2743,Trishakti Securities Public Limited,Capital Max Securities Ltd,2026-04-15 11:49:49.894005,Ngadi Group Power Ltd.
2026041504006063,NGPL,48,95,100,478.0,47800.0,2026-04-15,186332233,2743,Trishakti Securities Public Limited,Magnet Securities and Investment Company Private Limited,2026-04-15 11:49:49.894188,Ngadi Group Power Ltd.
2026041504006064,NGPL,48,1,100,478.0,47800.0,2026-04-15,186332235,2743,Trishakti Securities Public Limited,Kumari Securities Private Limited,2026-04-15 11:49:49.894381,Ngadi Group Power Ltd.
2026041504006065,NGPL,48,39,1000,478.0,478000.0,2026-04-15,186332237,2743,Trishakti Securities Public Limited,Sumeru Securities Pvt. Ltd.,2026-04-15 11:49:49.894548,Ngadi Group Power Ltd.
2026041504006066,NGPL,48,38,311,478.0,148658.0,2026-04-15,186332240,2743,Trishakti Securities Public Limited,Dipshikha Dhitopatra Karobar Co. Pvt Ltd.,2026-04-15 11:49:49.894736,Ngadi Group Power Ltd.
2026041504006198,NGPL,46,25,10,477.0,4770.0,2026-04-15,186333152,2743,Kalika Securities Pvt. Ltd.,Sweta Securities Private Limited,2026-04-15 11:50:24.353861,Ngadi Group Power Ltd.
2026041504006199,NGPL,22,25,90,477.0,42930.0,2026-04-15,186333153,2743,Siprabi Securities Pvt. Ltd.,Sweta Securities Private Limited,2026-04-15 11:50:24.354223,Ngadi Group Power Ltd.
2026041504006213,NGPL,59,44,500,477.9,238950.0,2026-04-15,186333508,2743,Deevyaa Securities & Stock House Pvt. Ltd,Dynamic Money Managers Securities Pvt. Ltd.,2026-04-15 11:50:30.987125,Ngadi Group Power Ltd.
2026041504006233,NGPL,22,51,30,477.0,14310.0,2026-04-15,186333951,2743,Siprabi Securities Pvt. Ltd.,Oxford Securities Pvt. Ltd.,2026-04-15 11:50:35.892133,Ngadi Group Power Ltd.
2026041504006237,NGPL,100,45,4,468.5,1874.0,2026-04-15,186334101,2743,Sunrise Securities Limited,Imperial Securities Company Pvt. Ltd.,2026-04-15 11:50:39.286780,Ngadi Group Power Ltd.
2026041504006298,NGPL,22,7,13,477.0,6201.0,2026-04-15,186334650,2743,Siprabi Securities Pvt. Ltd.,J.F. Securites (PVT) Ltd.,2026-04-15 11:50:53.198992,Ngadi Group Power Ltd.
2026041504006299,NGPL,38,7,37,477.0,17649.0,2026-04-15,186334651,2743,Dipshikha Dhitopatra Karobar Co. Pvt Ltd.,J.F. Securites (PVT) Ltd.,2026-04-15 11:50:53.199391,Ngadi Group Power Ltd.
2026041504006300,NGPL,100,100,4,469.0,1876.0,2026-04-15,186334695,2743,Sunrise Securities Limited,Sunrise Securities Limited,2026-04-15 11:50:55.267888,Ngadi Group Power Ltd.
2026041504006349,NGPL,38,83,463,477.0,220851.0,2026-04-15,186334992,2743,Dipshikha Dhitopatra Karobar Co. Pvt Ltd.,Sanima Securities Limited,2026-04-15 11:51:06.064598,Ngadi Group Power Ltd.
2026041504006410,NGPL,45,83,100,477.0,47700.0,2026-04-15,186335386,2743,Imperial Securities Company Pvt. Ltd.,Sanima Securities Limited,2026-04-15 11:51:20.426876,Ngadi Group Power Ltd.
2026041504006414,NGPL,19,83,37,477.0,17649.0,2026-04-15,186335467,2743,Nepal Investment And Securities Trading Private Limited,Sanima Securities Limited,2026-04-15 11:51:22.069178,Ngadi Group Power Ltd.
2026041504006431,NGPL,100,44,4,468.0,1872.0,2026-04-15,186335625,2743,Sunrise Securities Limited,Dynamic Money Managers Securities Pvt. Ltd.,2026-04-15 11:51:31.902148,Ngadi Group Power Ltd.
2026041504006451,NGPL,62,10,200,477.8,95560.0,2026-04-15,186335723,2743,Capital Max Securities Ltd,Pragyan Securities (PVT) Ltd.,2026-04-15 11:51:37.672859,Ngadi Group Power Ltd.
2026041504006452,NGPL,62,38,210,478.0,100380.0,2026-04-15,186335726,2743,Capital Max Securities Ltd,Dipshikha Dhitopatra Karobar Co. Pvt Ltd.,2026-04-15 11:51:37.673666,Ngadi Group Power Ltd.
2026041504006501,NGPL,100,44,4,469.0,1876.0,2026-04-15,186336241,2743,Sunrise Securities Limited,Dynamic Money Managers Securities Pvt. Ltd.,2026-04-15 11:51:59.591283,Ngadi Group Power Ltd.
2026041504006543,NGPL,100,44,9,469.0,4221.0,2026-04-15,186336649,2743,Sunrise Securities Limited,Dynamic Money Managers Securities Pvt. Ltd.,2026-04-15 11:52:20.768591,Ngadi Group Power Ltd.
2026041504006712,NGPL,59,44,500,477.9,238950.0,2026-04-15,186337962,2743,Deevyaa Securities & Stock House Pvt. Ltd,Dynamic Money Managers Securities Pvt. Ltd.,2026-04-15 11:53:13.507255,Ngadi Group Power Ltd.
2026041504006749,NGPL,100,100,7,469.0,3283.0,2026-04-15,186338189,2743,Sunrise Securities Limited,Sunrise Securities Limited,2026-04-15 11:53:22.799378,Ngadi Group Power Ltd.
2026041504006788,NGPL,34,1,110,478.0,52580.0,2026-04-15,186338445,2743,Vision Securities Pvt. Ltd,Kumari Securities Private Limited,2026-04-15 11:53:38.066859,Ngadi Group Power Ltd.
2026041504006789,NGPL,34,64,390,478.0,186420.0,2026-04-15,186338448,2743,Vision Securities Pvt. Ltd,SUN SECURITIES PVT LTD,2026-04-15 11:53:38.067244,Ngadi Group Power Ltd.
2026041504006790,NGPL,75,64,705,478.0,336990.0,2026-04-15,186338449,2743,N.I.M.B. Stock Markets Limited,SUN SECURITIES PVT LTD,2026-04-15 11:53:38.172576,Ngadi Group Power Ltd.
2026041504006843,NGPL,100,100,4,469.0,1876.0,2026-04-15,186338977,2743,Sunrise Securities Limited,Sunrise Securities Limited,2026-04-15 11:53:56.673041,Ngadi Group Power Ltd.
2026041504006861,NGPL,37,75,66,478.1,31554.6,2026-04-15,186339131,2743,Swarna Laxmi Securities Pvt. Ltd.,N.I.M.B. Stock Markets Limited,2026-04-15 11:54:04.195674,Ngadi Group Power Ltd.
2026041504006888,NGPL,100,100,9,469.0,4221.0,2026-04-15,186339545,2743,Sunrise Securities Limited,Sunrise Securities Limited,2026-04-15 11:54:21.180957,Ngadi Group Power Ltd.
2026041504006920,NGPL,100,100,4,469.0,1876.0,2026-04-15,186339783,2743,Sunrise Securities Limited,Sunrise Securities Limited,2026-04-15 11:54:35.025722,Ngadi Group Power Ltd.
2026041504006929,NGPL,37,62,10,478.2,4782.0,2026-04-15,186339947,2743,Swarna Laxmi Securities Pvt. Ltd.,Capital Max Securities Ltd,2026-04-15 11:54:40.572447,Ngadi Group Power Ltd.
2026041504006955,NGPL,37,62,10,478.3,4783.0,2026-04-15,186340185,2743,Swarna Laxmi Securities Pvt. Ltd.,Capital Max Securities Ltd,2026-04-15 11:54:52.044664,Ngadi Group Power Ltd.
2026041504006957,NGPL,37,32,11,478.3,5261.3,2026-04-15,186340207,2743,Swarna Laxmi Securities Pvt. Ltd.,Premier Securities Company Ltd.,2026-04-15 11:54:53.142028,Ngadi Group Power Ltd.
2026041504006979,NGPL,26,8,500,478.6,239300.0,2026-04-15,186340376,2743,Asian Securities Private Ltd.,Brilliant Securities Pvt. Ltd.,2026-04-15 11:55:02.786136,Ngadi Group Power Ltd.
2026041504007014,NGPL,37,32,20,478.6,9572.0,2026-04-15,186340559,2743,Swarna Laxmi Securities Pvt. Ltd.,Premier Securities Company Ltd.,2026-04-15 11:55:12.415507,Ngadi Group Power Ltd.
2026041504007022,NGPL,26,44,600,478.7,287220.0,2026-04-15,186340606,2743,Asian Securities Private Ltd.,Dynamic Money Managers Securities Pvt. Ltd.,2026-04-15 11:55:16.475016,Ngadi Group Power Ltd.
2026041504007039,NGPL,50,44,20,478.7,9574.0,2026-04-15,186340692,2743,Cristal Kanchanjanga Securites Pvt. Ltd.,Dynamic Money Managers Securities Pvt. Ltd.,2026-04-15 11:55:21.306837,Ngadi Group Power Ltd.
2026041504007044,NGPL,14,44,250,478.7,119675.0,2026-04-15,186340724,2743,Nepal Stock House (PVT) Ltd.,Dynamic Money Managers Securities Pvt. Ltd.,2026-04-15 11:55:24.159979,Ngadi Group Power Ltd.
2026041504007054,NGPL,37,44,130,478.7,62231.0,2026-04-15,186340765,2743,Swarna Laxmi Securities Pvt. Ltd.,Dynamic Money Managers Securities Pvt. Ltd.,2026-04-15 11:55:25.492559,Ngadi Group Power Ltd.
2026041504007055,NGPL,37,25,73,478.7,34945.1,2026-04-15,186340768,2743,Swarna Laxmi Securities Pvt. Ltd.,Sweta Securities Private Limited,2026-04-15 11:55:25.492968,Ngadi Group Power Ltd.
2026041504007080,NGPL,11,34,20,478.6,9572.0,2026-04-15,186340934,2743,Malla & Malla Stock Broking Company Pvt. Limited,Vision Securities Pvt. Ltd,2026-04-15 11:55:35.011473,Ngadi Group Power Ltd.
2026041504007081,NGPL,5,34,2000,478.1,956200.0,2026-04-15,186340936,2743,Market Securities & Exchange (PVT) Ltd.,Vision Securities Pvt. Ltd,2026-04-15 11:55:35.011902,Ngadi Group Power Ltd.
2026041504007082,NGPL,75,34,445,478.0,212710.0,2026-04-15,186340938,2743,N.I.M.B. Stock Markets Limited,Vision Securities Pvt. Ltd,2026-04-15 11:55:35.012081,Ngadi Group Power Ltd.
2026041504007083,NGPL,42,34,1000,478.0,478000.0,2026-04-15,186340940,2743,Sani Securities Company Ltd.,Vision Securities Pvt. Ltd,2026-04-15 11:55:35.012271,Ngadi Group Power Ltd.
2026041504007084,NGPL,38,34,50,478.0,23900.0,2026-04-15,186340942,2743,Dipshikha Dhitopatra Karobar Co. Pvt Ltd.,Vision Securities Pvt. Ltd,2026-04-15 11:55:35.012453,Ngadi Group Power Ltd.
2026041504007085,NGPL,48,34,6485,478.0,3099830.0,2026-04-15,186340943,2743,Trishakti Securities Public Limited,Vision Securities Pvt. Ltd,2026-04-15 11:55:35.012632,Ngadi Group Power Ltd.
2026041504007138,NGPL,48,87,300,478.0,143400.0,2026-04-15,186341391,2743,Trishakti Securities Public Limited,S.P.S.A. Securities Limited,2026-04-15 11:55:46.085629,Ngadi Group Power Ltd.
2026041504007155,NGPL,100,100,4,470.0,1880.0,2026-04-15,186341561,2743,Sunrise Securities Limited,Sunrise Securities Limited,2026-04-15 11:55:55.109049,Ngadi Group Power Ltd.
2026041504007161,NGPL,60,49,41,478.2,19606.2,2026-04-15,186341631,2743,Nagarik Stock Dealer ,Online Securities Pvt. Ltd.,2026-04-15 11:55:59.148196,Ngadi Group Power Ltd.
2026041504007173,NGPL,100,49,2,470.0,940.0,2026-04-15,186341745,2743,Sunrise Securities Limited,Online Securities Pvt. Ltd.,2026-04-15 11:56:04.070822,Ngadi Group Power Ltd.
2026041504007191,NGPL,100,100,4,469.0,1876.0,2026-04-15,186341895,2743,Sunrise Securities Limited,Sunrise Securities Limited,2026-04-15 11:56:07.310669,Ngadi Group Power Ltd.
2026041504007218,NGPL,100,100,4,469.0,1876.0,2026-04-15,186342155,2743,Sunrise Securities Limited,Sunrise Securities Limited,2026-04-15 11:56:24.549277,Ngadi Group Power Ltd.
2026041504007224,NGPL,58,62,100,478.6,47860.0,2026-04-15,186342221,2743,Naasa Securities Co. Ltd.,Capital Max Securities Ltd,2026-04-15 11:56:26.979287,Ngadi Group Power Ltd.
2026041504007225,NGPL,58,25,125,478.7,59837.5,2026-04-15,186342223,2743,Naasa Securities Co. Ltd.,Sweta Securities Private Limited,2026-04-15 11:56:26.979399,Ngadi Group Power Ltd.
2026041504007226,NGPL,58,62,10,478.9,4789.0,2026-04-15,186342225,2743,Naasa Securities Co. Ltd.,Capital Max Securities Ltd,2026-04-15 11:56:26.979434,Ngadi Group Power Ltd.
2026041504007227,NGPL,58,42,378,479.0,181062.0,2026-04-15,186342227,2743,Naasa Securities Co. Ltd.,Sani Securities Company Ltd.,2026-04-15 11:56:26.979476,Ngadi Group Power Ltd.
2026041504007228,NGPL,58,77,387,479.0,185373.0,2026-04-15,186342230,2743,Naasa Securities Co. Ltd.,Nabil Stock Dealer Ltd.,2026-04-15 11:56:26.979503,Ngadi Group Power Ltd.
2026041504007264,NGPL,62,77,2313,479.0,1107927.0,2026-04-15,186342441,2743,Capital Max Securities Ltd,Nabil Stock Dealer Ltd.,2026-04-15 11:56:42.826586,Ngadi Group Power Ltd.
2026041504007265,NGPL,62,65,1000,479.0,479000.0,2026-04-15,186342443,2743,Capital Max Securities Ltd,Sharepro Securities Private Limited,2026-04-15 11:56:42.827032,Ngadi Group Power Ltd.
2026041504007266,NGPL,62,65,500,479.0,239500.0,2026-04-15,186342445,2743,Capital Max Securities Ltd,Sharepro Securities Private Limited,2026-04-15 11:56:42.827288,Ngadi Group Power Ltd.
2026041504007267,NGPL,62,75,22,479.0,10538.0,2026-04-15,186342447,2743,Capital Max Securities Ltd,N.I.M.B. Stock Markets Limited,2026-04-15 11:56:42.827634,Ngadi Group Power Ltd.
2026041504007268,NGPL,62,18,1000,479.0,479000.0,2026-04-15,186342449,2743,Capital Max Securities Ltd,Sagarmatha Securities Private Limited,2026-04-15 11:56:42.827867,Ngadi Group Power Ltd.
2026041504007269,NGPL,62,91,100,479.0,47900.0,2026-04-15,186342451,2743,Capital Max Securities Ltd,Citizens Share Broker Limited,2026-04-15 11:56:42.828151,Ngadi Group Power Ltd.
2026041504007270,NGPL,62,58,65,479.0,31135.0,2026-04-15,186342454,2743,Capital Max Securities Ltd,Naasa Securities Co. Ltd.,2026-04-15 11:56:42.828371,Ngadi Group Power Ltd.
2026041504007410,NGPL,60,58,35,479.0,16765.0,2026-04-15,186343051,2743,Nagarik Stock Dealer ,Naasa Securities Co. Ltd.,2026-04-15 11:57:07.245481,Ngadi Group Power Ltd.
2026041504007411,NGPL,60,62,10,479.0,4790.0,2026-04-15,186343053,2743,Nagarik Stock Dealer ,Capital Max Securities Ltd,2026-04-15 11:57:07.245851,Ngadi Group Power Ltd.
2026041504007412,NGPL,60,58,20,479.0,9580.0,2026-04-15,186343055,2743,Nagarik Stock Dealer ,Naasa Securities Co. Ltd.,2026-04-15 11:57:07.246040,Ngadi Group Power Ltd.
2026041504007413,NGPL,60,62,362,479.0,173398.0,2026-04-15,186343057,2743,Nagarik Stock Dealer ,Capital Max Securities Ltd,2026-04-15 11:57:07.246218,Ngadi Group Power Ltd.
2026041504007423,NGPL,60,62,32,479.0,15328.0,2026-04-15,186343148,2743,Nagarik Stock Dealer ,Capital Max Securities Ltd,2026-04-15 11:57:11.845962,Ngadi Group Power Ltd.
2026041504007432,NGPL,21,62,10,479.0,4790.0,2026-04-15,186343166,2743,Midas Stock Broking Company Private Limited,Capital Max Securities Ltd,2026-04-15 11:57:12.292408,Ngadi Group Power Ltd.
2026041504007488,NGPL,100,100,4,470.0,1880.0,2026-04-15,186343543,2743,Sunrise Securities Limited,Sunrise Securities Limited,2026-04-15 11:57:31.362427,Ngadi Group Power Ltd.
2026041504007495,NGPL,100,100,4,470.0,1880.0,2026-04-15,186343655,2743,Sunrise Securities Limited,Sunrise Securities Limited,2026-04-15 11:57:35.864060,Ngadi Group Power Ltd.
2026041504007514,NGPL,100,100,2,470.0,940.0,2026-04-15,186343903,2743,Sunrise Securities Limited,Sunrise Securities Limited,2026-04-15 11:57:45.421092,Ngadi Group Power Ltd.
2026041504007549,NGPL,58,62,370,479.0,177230.0,2026-04-15,186344123,2743,Naasa Securities Co. Ltd.,Capital Max Securities Ltd,2026-04-15 11:57:56.869023,Ngadi Group Power Ltd.
2026041504007566,NGPL,5,100,4,470.0,1880.0,2026-04-15,186344253,2743,Market Securities & Exchange (PVT) Ltd.,Sunrise Securities Limited,2026-04-15 11:58:03.405219,Ngadi Group Power Ltd.
2026041504007619,NGPL,13,62,10,479.7,4797.0,2026-04-15,186344581,2743,Thrive Brokerage House Pvt. Ltd,Capital Max Securities Ltd,2026-04-15 11:58:17.667334,Ngadi Group Power Ltd.
2026041504007620,NGPL,13,62,10,479.8,4798.0,2026-04-15,186344583,2743,Thrive Brokerage House Pvt. Ltd,Capital Max Securities Ltd,2026-04-15 11:58:17.667473,Ngadi Group Power Ltd.
2026041504007621,NGPL,13,25,30,479.8,14394.0,2026-04-15,186344586,2743,Thrive Brokerage House Pvt. Ltd,Sweta Securities Private Limited,2026-04-15 11:58:17.667556,Ngadi Group Power Ltd.
2026041504007637,NGPL,58,25,70,479.8,33586.0,2026-04-15,186344703,2743,Naasa Securities Co. Ltd.,Sweta Securities Private Limited,2026-04-15 11:58:22.155106,Ngadi Group Power Ltd.
2026041504007638,NGPL,58,66,1000,479.8,479800.0,2026-04-15,186344705,2743,Naasa Securities Co. Ltd.,Miyo Securities Pvt Ltd,2026-04-15 11:58:22.155540,Ngadi Group Power Ltd.
2026041504007639,NGPL,58,26,200,479.9,95980.0,2026-04-15,186344707,2743,Naasa Securities Co. Ltd.,Asian Securities Private Ltd.,2026-04-15 11:58:22.155722,Ngadi Group Power Ltd.
2026041504007640,NGPL,58,16,380,479.9,182362.0,2026-04-15,186344709,2743,Naasa Securities Co. Ltd.,Primo Securities (PVT) Ltd.,2026-04-15 11:58:22.155899,Ngadi Group Power Ltd.
2026041504007641,NGPL,58,57,439,479.9,210676.1,2026-04-15,186344711,2743,Naasa Securities Co. Ltd.,Aryatara Investment & Securities,2026-04-15 11:58:22.156086,Ngadi Group Power Ltd.
2026041504007642,NGPL,58,17,2500,479.9,1199750.0,2026-04-15,186344713,2743,Naasa Securities Co. Ltd.,ABC Securities Private Limited,2026-04-15 11:58:22.156259,Ngadi Group Power Ltd.
2026041504007643,NGPL,58,14,50,479.9,23995.0,2026-04-15,186344715,2743,Naasa Securities Co. Ltd.,Nepal Stock House (PVT) Ltd.,2026-04-15 11:58:22.156439,Ngadi Group Power Ltd.
2026041504007644,NGPL,58,21,3144,479.9,1508805.6,2026-04-15,186344717,2743,Naasa Securities Co. Ltd.,Midas Stock Broking Company Private Limited,2026-04-15 11:58:22.156619,Ngadi Group Power Ltd.
2026041504007645,NGPL,58,84,1697,479.9,814390.3,2026-04-15,186344719,2743,Naasa Securities Co. Ltd.,MILKY WAY SHARE BROKER COMPANY LTD ,2026-04-15 11:58:22.156800,Ngadi Group Power Ltd.
2026041504007646,NGPL,58,26,20,480.0,9600.0,2026-04-15,186344721,2743,Naasa Securities Co. Ltd.,Asian Securities Private Ltd.,2026-04-15 11:58:22.156980,Ngadi Group Power Ltd.
2026041504007647,NGPL,58,33,95,480.0,45600.0,2026-04-15,186344723,2743,Naasa Securities Co. Ltd.,Dakshinkali Investment & Securities Pvt. Ltd.,2026-04-15 11:58:22.157152,Ngadi Group Power Ltd.
2026041504007648,NGPL,58,46,1000,480.0,480000.0,2026-04-15,186344725,2743,Naasa Securities Co. Ltd.,Kalika Securities Pvt. Ltd.,2026-04-15 11:58:22.157329,Ngadi Group Power Ltd.
2026041504007649,NGPL,58,34,50,480.0,24000.0,2026-04-15,186344727,2743,Naasa Securities Co. Ltd.,Vision Securities Pvt. Ltd,2026-04-15 11:58:22.157500,Ngadi Group Power Ltd.
2026041504007650,NGPL,58,45,200,480.0,96000.0,2026-04-15,186344729,2743,Naasa Securities Co. Ltd.,Imperial Securities Company Pvt. Ltd.,2026-04-15 11:58:22.157670,Ngadi Group Power Ltd.
2026041504007651,NGPL,58,26,70,480.0,33600.0,2026-04-15,186344731,2743,Naasa Securities Co. Ltd.,Asian Securities Private Ltd.,2026-04-15 11:58:22.157838,Ngadi Group Power Ltd.
2026041504007652,NGPL,58,8,500,480.0,240000.0,2026-04-15,186344733,2743,Naasa Securities Co. Ltd.,Brilliant Securities Pvt. Ltd.,2026-04-15 11:58:22.158017,Ngadi Group Power Ltd.
2026041504007653,NGPL,58,50,100,480.0,48000.0,2026-04-15,186344735,2743,Naasa Securities Co. Ltd.,Cristal Kanchanjanga Securites Pvt. Ltd.,2026-04-15 11:58:22.158186,Ngadi Group Power Ltd.
2026041504007654,NGPL,58,58,10,480.0,4800.0,2026-04-15,186344737,2743,Naasa Securities Co. Ltd.,Naasa Securities Co. Ltd.,2026-04-15 11:58:22.158360,Ngadi Group Power Ltd.
2026041504007655,NGPL,58,42,80,480.0,38400.0,2026-04-15,186344739,2743,Naasa Securities Co. Ltd.,Sani Securities Company Ltd.,2026-04-15 11:58:22.158531,Ngadi Group Power Ltd.
2026041504007656,NGPL,58,44,1000,480.0,480000.0,2026-04-15,186344741,2743,Naasa Securities Co. Ltd.,Dynamic Money Managers Securities Pvt. Ltd.,2026-04-15 11:58:22.158700,Ngadi Group Power Ltd.
2026041504007657,NGPL,58,49,1047,480.0,502560.0,2026-04-15,186344743,2743,Naasa Securities Co. Ltd.,Online Securities Pvt. Ltd.,2026-04-15 11:58:22.158865,Ngadi Group Power Ltd.
2026041504007658,NGPL,58,1,500,480.0,240000.0,2026-04-15,186344745,2743,Naasa Securities Co. Ltd.,Kumari Securities Private Limited,2026-04-15 11:58:22.159032,Ngadi Group Power Ltd.
2026041504007659,NGPL,58,1,500,480.0,240000.0,2026-04-15,186344747,2743,Naasa Securities Co. Ltd.,Kumari Securities Private Limited,2026-04-15 11:58:22.159198,Ngadi Group Power Ltd.
2026041504007660,NGPL,58,34,125,480.0,60000.0,2026-04-15,186344749,2743,Naasa Securities Co. Ltd.,Vision Securities Pvt. Ltd,2026-04-15 11:58:22.159369,Ngadi Group Power Ltd.
2026041504007661,NGPL,58,34,47,480.0,22560.0,2026-04-15,186344751,2743,Naasa Securities Co. Ltd.,Vision Securities Pvt. Ltd,2026-04-15 11:58:22.159529,Ngadi Group Power Ltd.
2026041504007662,NGPL,58,34,50,480.0,24000.0,2026-04-15,186344753,2743,Naasa Securities Co. Ltd.,Vision Securities Pvt. Ltd,2026-04-15 11:58:22.159695,Ngadi Group Power Ltd.
2026041504007663,NGPL,58,72,100,480.0,48000.0,2026-04-15,186344755,2743,Naasa Securities Co. Ltd.,Hatemalo Financial Services Private Limited,2026-04-15 11:58:22.159866,Ngadi Group Power Ltd.
2026041504007664,NGPL,58,36,26,480.0,12480.0,2026-04-15,186344758,2743,Naasa Securities Co. Ltd.,Secured Securities Ltd.,2026-04-15 11:58:22.160033,Ngadi Group Power Ltd.
2026041504007682,NGPL,5,4,4,471.3,1885.2,2026-04-15,186344943,2743,Market Securities & Exchange (PVT) Ltd.,Opal Securities Investment (PVT) Ltd.,2026-04-15 11:58:34.514692,Ngadi Group Power Ltd.
2026041504007702,NGPL,59,36,41,480.0,19680.0,2026-04-15,186345149,2743,Deevyaa Securities & Stock House Pvt. Ltd,Secured Securities Ltd.,2026-04-15 11:58:42.726079,Ngadi Group Power Ltd.
2026041504007703,NGPL,59,81,100,480.0,48000.0,2026-04-15,186345151,2743,Deevyaa Securities & Stock House Pvt. Ltd,Aakashbhairab Securities Ltd.,2026-04-15 11:58:42.726533,Ngadi Group Power Ltd.
2026041504007704,NGPL,59,57,100,480.0,48000.0,2026-04-15,186345153,2743,Deevyaa Securities & Stock House Pvt. Ltd,Aryatara Investment & Securities,2026-04-15 11:58:42.726759,Ngadi Group Power Ltd.
2026041504007705,NGPL,59,4,259,480.0,124320.0,2026-04-15,186345156,2743,Deevyaa Securities & Stock House Pvt. Ltd,Opal Securities Investment (PVT) Ltd.,2026-04-15 11:58:42.726949,Ngadi Group Power Ltd.
2026041504007733,NGPL,5,4,4,472.0,1888.0,2026-04-15,186345361,2743,Market Securities & Exchange (PVT) Ltd.,Opal Securities Investment (PVT) Ltd.,2026-04-15 11:58:50.458305,Ngadi Group Power Ltd.
2026041504007781,NGPL,58,67,500,479.0,239500.0,2026-04-15,186345555,2743,Naasa Securities Co. Ltd.,Property Wiard Limited,2026-04-15 11:58:52.853716,Ngadi Group Power Ltd.
2026041504007800,NGPL,58,52,40,479.0,19160.0,2026-04-15,186345727,2743,Naasa Securities Co. Ltd.,Sundhara Securities Limited,2026-04-15 11:59:02.952421,Ngadi Group Power Ltd.
2026041504007838,NGPL,35,18,200,479.5,95900.0,2026-04-15,186346274,2743,Kohinoor Investment & Securities Pvt. Ltd.,Sagarmatha Securities Private Limited,2026-04-15 11:59:19.925983,Ngadi Group Power Ltd.
2026041504007848,NGPL,14,58,50,479.5,23975.0,2026-04-15,186346322,2743,Nepal Stock House (PVT) Ltd.,Naasa Securities Co. Ltd.,2026-04-15 11:59:22.376697,Ngadi Group Power Ltd.
2026041504007860,NGPL,58,33,100,479.0,47900.0,2026-04-15,186346409,2743,Naasa Securities Co. Ltd.,Dakshinkali Investment & Securities Pvt. Ltd.,2026-04-15 11:59:30.172958,Ngadi Group Power Ltd.
2026041504007899,NGPL,58,92,100,479.0,47900.0,2026-04-15,186346707,2743,Naasa Securities Co. Ltd.,Roadshow securities limited,2026-04-15 11:59:43.188772,Ngadi Group Power Ltd.
2026041504007920,NGPL,58,95,132,479.0,63228.0,2026-04-15,186346812,2743,Naasa Securities Co. Ltd.,Magnet Securities and Investment Company Private Limited,2026-04-15 11:59:47.804422,Ngadi Group Power Ltd.
2026041504007921,NGPL,58,95,100,479.0,47900.0,2026-04-15,186346814,2743,Naasa Securities Co. Ltd.,Magnet Securities and Investment Company Private Limited,2026-04-15 11:59:47.805141,Ngadi Group Power Ltd.
2026041504007947,NGPL,91,95,18,479.0,8622.0,2026-04-15,186346949,2743,Citizens Share Broker Limited,Magnet Securities and Investment Company Private Limited,2026-04-15 11:59:52.813180,Ngadi Group Power Ltd.
2026041504007948,NGPL,91,6,100,479.0,47900.0,2026-04-15,186346951,2743,Citizens Share Broker Limited,Agrawal Securities (PVT) Ltd.,2026-04-15 11:59:52.813574,Ngadi Group Power Ltd.
2026041504007952,NGPL,6,58,150,479.5,71925.0,2026-04-15,186347021,2743,Agrawal Securities (PVT) Ltd.,Naasa Securities Co. Ltd.,2026-04-15 11:59:56.115941,Ngadi Group Power Ltd.
2026041504007953,NGPL,6,62,10,479.8,4798.0,2026-04-15,186347023,2743,Agrawal Securities (PVT) Ltd.,Capital Max Securities Ltd,2026-04-15 11:59:56.116715,Ngadi Group Power Ltd.
2026041504007954,NGPL,6,58,100,479.9,47990.0,2026-04-15,186347025,2743,Agrawal Securities (PVT) Ltd.,Naasa Securities Co. Ltd.,2026-04-15 11:59:56.117231,Ngadi Group Power Ltd.
2026041504007955,NGPL,6,48,100,479.9,47990.0,2026-04-15,186347027,2743,Agrawal Securities (PVT) Ltd.,Trishakti Securities Public Limited,2026-04-15 11:59:56.117747,Ngadi Group Power Ltd.
2026041504007956,NGPL,6,8,1000,479.9,479900.0,2026-04-15,186347029,2743,Agrawal Securities (PVT) Ltd.,Brilliant Securities Pvt. Ltd.,2026-04-15 11:59:56.118237,Ngadi Group Power Ltd.
2026041504007957,NGPL,6,4,1741,480.0,835680.0,2026-04-15,186347031,2743,Agrawal Securities (PVT) Ltd.,Opal Securities Investment (PVT) Ltd.,2026-04-15 11:59:56.118771,Ngadi Group Power Ltd.
2026041504007958,NGPL,6,29,10,480.0,4800.0,2026-04-15,186347033,2743,Agrawal Securities (PVT) Ltd.,Trisul Securities & Invt. Ltd.,2026-04-15 11:59:56.119329,Ngadi Group Power Ltd.
2026041504007959,NGPL,6,26,100,480.0,48000.0,2026-04-15,186347035,2743,Agrawal Securities (PVT) Ltd.,Asian Securities Private Ltd.,2026-04-15 11:59:56.119856,Ngadi Group Power Ltd.
2026041504007960,NGPL,6,49,2000,480.0,960000.0,2026-04-15,186347037,2743,Agrawal Securities (PVT) Ltd.,Online Securities Pvt. Ltd.,2026-04-15 11:59:56.120380,Ngadi Group Power Ltd.
2026041504007961,NGPL,6,58,550,480.0,264000.0,2026-04-15,186347039,2743,Agrawal Securities (PVT) Ltd.,Naasa Securities Co. Ltd.,2026-04-15 11:59:56.120890,Ngadi Group Power Ltd.
2026041504007962,NGPL,6,1,200,480.0,96000.0,2026-04-15,186347041,2743,Agrawal Securities (PVT) Ltd.,Kumari Securities Private Limited,2026-04-15 11:59:56.121385,Ngadi Group Power Ltd.
2026041504007963,NGPL,6,75,22,480.0,10560.0,2026-04-15,186347043,2743,Agrawal Securities (PVT) Ltd.,N.I.M.B. Stock Markets Limited,2026-04-15 11:59:56.121897,Ngadi Group Power Ltd.
2026041504007964,NGPL,6,58,500,480.0,240000.0,2026-04-15,186347045,2743,Agrawal Securities (PVT) Ltd.,Naasa Securities Co. Ltd.,2026-04-15 11:59:56.122408,Ngadi Group Power Ltd.
2026041504007965,NGPL,6,39,100,480.0,48000.0,2026-04-15,186347047,2743,Agrawal Securities (PVT) Ltd.,Sumeru Securities Pvt. Ltd.,2026-04-15 11:59:56.122934,Ngadi Group Power Ltd.
2026041504007966,NGPL,6,33,4417,480.0,2120160.0,2026-04-15,186347050,2743,Agrawal Securities (PVT) Ltd.,Dakshinkali Investment & Securities Pvt. Ltd.,2026-04-15 11:59:56.123466,Ngadi Group Power Ltd.
2026041504008009,NGPL,48,33,10,480.0,4800.0,2026-04-15,186347240,2743,Trishakti Securities Public Limited,Dakshinkali Investment & Securities Pvt. Ltd.,2026-04-15 12:00:05.076222,Ngadi Group Power Ltd.
2026041504008029,NGPL,91,46,32,479.0,15328.0,2026-04-15,186347448,2743,Citizens Share Broker Limited,Kalika Securities Pvt. Ltd.,2026-04-15 12:00:13.615999,Ngadi Group Power Ltd.
2026041504008041,NGPL,36,46,25,479.0,11975.0,2026-04-15,186347547,2743,Secured Securities Ltd.,Kalika Securities Pvt. Ltd.,2026-04-15 12:00:18.345433,Ngadi Group Power Ltd.
2026041504008042,NGPL,36,33,135,480.0,64800.0,2026-04-15,186347550,2743,Secured Securities Ltd.,Dakshinkali Investment & Securities Pvt. Ltd.,2026-04-15 12:00:18.346153,Ngadi Group Power Ltd.
2026041504008049,NGPL,48,33,20,480.0,9600.0,2026-04-15,186347602,2743,Trishakti Securities Public Limited,Dakshinkali Investment & Securities Pvt. Ltd.,2026-04-15 12:00:21.596486,Ngadi Group Power Ltd.
2026041504008082,NGPL,45,26,140,479.0,67060.0,2026-04-15,186347939,2743,Imperial Securities Company Pvt. Ltd.,Asian Securities Private Ltd.,2026-04-15 12:00:45.655960,Ngadi Group Power Ltd.
2026041504008117,NGPL,45,48,33,479.0,15807.0,2026-04-15,186348155,2743,Imperial Securities Company Pvt. Ltd.,Trishakti Securities Public Limited,2026-04-15 12:00:55.157254,Ngadi Group Power Ltd.
2026041504008125,NGPL,77,33,418,480.0,200640.0,2026-04-15,186348193,2743,Nabil Stock Dealer Ltd.,Dakshinkali Investment & Securities Pvt. Ltd.,2026-04-15 12:00:57.906440,Ngadi Group Power Ltd.
2026041504008126,NGPL,77,57,42,480.0,20160.0,2026-04-15,186348195,2743,Nabil Stock Dealer Ltd.,Aryatara Investment & Securities,2026-04-15 12:00:57.907200,Ngadi Group Power Ltd.
2026041504008127,NGPL,77,91,20,480.0,9600.0,2026-04-15,186348197,2743,Nabil Stock Dealer Ltd.,Citizens Share Broker Limited,2026-04-15 12:00:57.907724,Ngadi Group Power Ltd.
2026041504008128,NGPL,77,62,10,480.0,4800.0,2026-04-15,186348199,2743,Nabil Stock Dealer Ltd.,Capital Max Securities Ltd,2026-04-15 12:00:57.908226,Ngadi Group Power Ltd.
2026041504008129,NGPL,77,58,150,480.0,72000.0,2026-04-15,186348201,2743,Nabil Stock Dealer Ltd.,Naasa Securities Co. Ltd.,2026-04-15 12:00:57.908737,Ngadi Group Power Ltd.
2026041504008130,NGPL,77,49,104,480.0,49920.0,2026-04-15,186348203,2743,Nabil Stock Dealer Ltd.,Online Securities Pvt. Ltd.,2026-04-15 12:00:57.909234,Ngadi Group Power Ltd.
2026041504008131,NGPL,77,74,250,480.0,120000.0,2026-04-15,186348205,2743,Nabil Stock Dealer Ltd.,KALASH STOCK MARKET PVT. LTD.,2026-04-15 12:00:57.909722,Ngadi Group Power Ltd.
2026041504008170,NGPL,48,17,100,480.0,48000.0,2026-04-15,186348429,2743,Trishakti Securities Public Limited,ABC Securities Private Limited,2026-04-15 12:01:09.355672,Ngadi Group Power Ltd.
2026041504008171,NGPL,48,62,10,480.1,4801.0,2026-04-15,186348431,2743,Trishakti Securities Public Limited,Capital Max Securities Ltd,2026-04-15 12:01:09.355806,Ngadi Group Power Ltd.
2026041504008172,NGPL,48,50,10,480.4,4804.0,2026-04-15,186348434,2743,Trishakti Securities Public Limited,Cristal Kanchanjanga Securites Pvt. Ltd.,2026-04-15 12:01:09.355838,Ngadi Group Power Ltd.
2026041504008234,NGPL,100,100,5,471.0,2355.0,2026-04-15,186348707,2743,Sunrise Securities Limited,Sunrise Securities Limited,2026-04-15 12:01:22.985021,Ngadi Group Power Ltd.
2026041504008236,NGPL,52,26,11,480.0,5280.0,2026-04-15,186348723,2743,Sundhara Securities Limited,Asian Securities Private Ltd.,2026-04-15 12:01:23.982265,Ngadi Group Power Ltd.
2026041504008244,NGPL,48,50,90,480.4,43236.0,2026-04-15,186348829,2743,Trishakti Securities Public Limited,Cristal Kanchanjanga Securites Pvt. Ltd.,2026-04-15 12:01:31.401686,Ngadi Group Power Ltd.
2026041504008245,NGPL,48,62,10,480.9,4809.0,2026-04-15,186348832,2743,Trishakti Securities Public Limited,Capital Max Securities Ltd,2026-04-15 12:01:31.401770,Ngadi Group Power Ltd.
2026041504008262,NGPL,52,14,489,480.0,234720.0,2026-04-15,186348884,2743,Sundhara Securities Limited,Nepal Stock House (PVT) Ltd.,2026-04-15 12:01:35.001426,Ngadi Group Power Ltd.
2026041504008263,NGPL,8,14,20,480.0,9600.0,2026-04-15,186348886,2743,Brilliant Securities Pvt. Ltd.,Nepal Stock House (PVT) Ltd.,2026-04-15 12:01:35.001800,Ngadi Group Power Ltd.
2026041504008364,NGPL,100,100,2,471.0,942.0,2026-04-15,186349327,2743,Sunrise Securities Limited,Sunrise Securities Limited,2026-04-15 12:01:55.862096,Ngadi Group Power Ltd.
2026041504008368,NGPL,58,14,291,480.0,139680.0,2026-04-15,186349351,2743,Naasa Securities Co. Ltd.,Nepal Stock House (PVT) Ltd.,2026-04-15 12:01:57.360385,Ngadi Group Power Ltd.
2026041504008369,NGPL,58,45,200,480.0,96000.0,2026-04-15,186349353,2743,Naasa Securities Co. Ltd.,Imperial Securities Company Pvt. Ltd.,2026-04-15 12:01:57.360765,Ngadi Group Power Ltd.
2026041504008370,NGPL,58,34,9,480.0,4320.0,2026-04-15,186349355,2743,Naasa Securities Co. Ltd.,Vision Securities Pvt. Ltd,2026-04-15 12:01:57.360906,Ngadi Group Power Ltd.
2026041504008426,NGPL,57,78,200,479.9,95980.0,2026-04-15,186349621,2743,Aryatara Investment & Securities,Garima Securities Limited,2026-04-15 12:02:12.160701,Ngadi Group Power Ltd.
2026041504008449,NGPL,62,45,135,480.0,64800.0,2026-04-15,186349776,2743,Capital Max Securities Ltd,Imperial Securities Company Pvt. Ltd.,2026-04-15 12:02:17.984031,Ngadi Group Power Ltd.
2026041504008472,NGPL,100,100,4,471.0,1884.0,2026-04-15,186349889,2743,Sunrise Securities Limited,Sunrise Securities Limited,2026-04-15 12:02:23.908432,Ngadi Group Power Ltd.
2026041504008490,NGPL,48,45,20,480.0,9600.0,2026-04-15,186349933,2743,Trishakti Securities Public Limited,Imperial Securities Company Pvt. Ltd.,2026-04-15 12:02:24.483303,Ngadi Group Power Ltd.
2026041504008496,NGPL,100,44,2,471.0,942.0,2026-04-15,186350005,2743,Sunrise Securities Limited,Dynamic Money Managers Securities Pvt. Ltd.,2026-04-15 12:02:29.434400,Ngadi Group Power Ltd.
2026041504008516,NGPL,59,45,295,480.0,141600.0,2026-04-15,186350091,2743,Deevyaa Securities & Stock House Pvt. Ltd,Imperial Securities Company Pvt. Ltd.,2026-04-15 12:02:35.832470,Ngadi Group Power Ltd.
2026041504008517,NGPL,59,22,700,480.0,336000.0,2026-04-15,186350093,2743,Deevyaa Securities & Stock House Pvt. Ltd,Siprabi Securities Pvt. Ltd.,2026-04-15 12:02:35.833192,Ngadi Group Power Ltd.
2026041504008561,NGPL,100,100,4,471.0,1884.0,2026-04-15,186350345,2743,Sunrise Securities Limited,Sunrise Securities Limited,2026-04-15 12:02:46.470915,Ngadi Group Power Ltd.
2026041504008566,NGPL,38,8,1000,480.9,480900.0,2026-04-15,186350376,2743,Dipshikha Dhitopatra Karobar Co. Pvt Ltd.,Brilliant Securities Pvt. Ltd.,2026-04-15 12:02:49.020974,Ngadi Group Power Ltd.
2026041504008570,NGPL,48,14,10,481.0,4810.0,2026-04-15,186350440,2743,Trishakti Securities Public Limited,Nepal Stock House (PVT) Ltd.,2026-04-15 12:02:52.417089,Ngadi Group Power Ltd.
2026041504008587,NGPL,77,43,500,480.1,240050.0,2026-04-15,186350551,2743,Nabil Stock Dealer Ltd.,South Asian Bulls Pvt. Ltd.,2026-04-15 12:02:59.028775,Ngadi Group Power Ltd.
2026041504008604,NGPL,48,14,10,481.0,4810.0,2026-04-15,186350750,2743,Trishakti Securities Public Limited,Nepal Stock House (PVT) Ltd.,2026-04-15 12:03:07.399994,Ngadi Group Power Ltd.
2026041504008666,NGPL,77,29,400,480.1,192040.0,2026-04-15,186351081,2743,Nabil Stock Dealer Ltd.,Trisul Securities & Invt. Ltd.,2026-04-15 12:03:25.882164,Ngadi Group Power Ltd.
2026041504008669,NGPL,48,14,10,481.0,4810.0,2026-04-15,186351140,2743,Trishakti Securities Public Limited,Nepal Stock House (PVT) Ltd.,2026-04-15 12:03:29.628065,Ngadi Group Power Ltd.
2026041504008680,NGPL,77,83,106,480.1,50890.6,2026-04-15,186351210,2743,Nabil Stock Dealer Ltd.,Sanima Securities Limited,2026-04-15 12:03:32.835368,Ngadi Group Power Ltd.
2026041504008681,NGPL,59,83,155,480.0,74400.0,2026-04-15,186351212,2743,Deevyaa Securities & Stock House Pvt. Ltd,Sanima Securities Limited,2026-04-15 12:03:32.835470,Ngadi Group Power Ltd.
2026041504008682,NGPL,45,83,739,480.0,354720.0,2026-04-15,186351213,2743,Imperial Securities Company Pvt. Ltd.,Sanima Securities Limited,2026-04-15 12:03:32.835559,Ngadi Group Power Ltd.
2026041504008702,NGPL,45,1,256,480.0,122880.0,2026-04-15,186351356,2743,Imperial Securities Company Pvt. Ltd.,Kumari Securities Private Limited,2026-04-15 12:03:40.846165,Ngadi Group Power Ltd.
2026041504008703,NGPL,35,1,300,480.0,144000.0,2026-04-15,186351358,2743,Kohinoor Investment & Securities Pvt. Ltd.,Kumari Securities Private Limited,2026-04-15 12:03:40.846918,Ngadi Group Power Ltd.
2026041504008704,NGPL,14,1,200,480.0,96000.0,2026-04-15,186351360,2743,Nepal Stock House (PVT) Ltd.,Kumari Securities Private Limited,2026-04-15 12:03:40.847449,Ngadi Group Power Ltd.
2026041504008705,NGPL,41,1,150,480.0,72000.0,2026-04-15,186351362,2743,Linch Stock Market Ltd.,Kumari Securities Private Limited,2026-04-15 12:03:40.847965,Ngadi Group Power Ltd.
2026041504008709,NGPL,48,1,94,480.0,45120.0,2026-04-15,186351393,2743,Trishakti Securities Public Limited,Kumari Securities Private Limited,2026-04-15 12:03:43.499653,Ngadi Group Power Ltd.
2026041504008710,NGPL,48,33,16,480.9,7694.4,2026-04-15,186351396,2743,Trishakti Securities Public Limited,Dakshinkali Investment & Securities Pvt. Ltd.,2026-04-15 12:03:43.499728,Ngadi Group Power Ltd.
2026041504008718,NGPL,48,33,80,480.9,38472.0,2026-04-15,186351462,2743,Trishakti Securities Public Limited,Dakshinkali Investment & Securities Pvt. Ltd.,2026-04-15 12:03:47.637543,Ngadi Group Power Ltd.
2026041504008733,NGPL,63,14,170,481.0,81770.0,2026-04-15,186351509,2743,Himalayan Brokerage Company Limited,Nepal Stock House (PVT) Ltd.,2026-04-15 12:03:49.986357,Ngadi Group Power Ltd.
2026041504008734,NGPL,63,47,160,481.0,76960.0,2026-04-15,186351511,2743,Himalayan Brokerage Company Limited,Neev Securities Pvt. Ltd.,2026-04-15 12:03:49.986730,Ngadi Group Power Ltd.
2026041504008735,NGPL,63,8,200,481.0,96200.0,2026-04-15,186351513,2743,Himalayan Brokerage Company Limited,Brilliant Securities Pvt. Ltd.,2026-04-15 12:03:49.986902,Ngadi Group Power Ltd.
2026041504008736,NGPL,63,45,50,481.0,24050.0,2026-04-15,186351515,2743,Himalayan Brokerage Company Limited,Imperial Securities Company Pvt. Ltd.,2026-04-15 12:03:49.987077,Ngadi Group Power Ltd.
2026041504008737,NGPL,63,91,100,481.0,48100.0,2026-04-15,186351517,2743,Himalayan Brokerage Company Limited,Citizens Share Broker Limited,2026-04-15 12:03:49.987252,Ngadi Group Power Ltd.
2026041504008738,NGPL,63,5,1000,481.0,481000.0,2026-04-15,186351519,2743,Himalayan Brokerage Company Limited,Market Securities & Exchange (PVT) Ltd.,2026-04-15 12:03:49.987427,Ngadi Group Power Ltd.
2026041504008739,NGPL,63,1,100,481.0,48100.0,2026-04-15,186351521,2743,Himalayan Brokerage Company Limited,Kumari Securities Private Limited,2026-04-15 12:03:49.987602,Ngadi Group Power Ltd.
2026041504008740,NGPL,63,35,100,481.0,48100.0,2026-04-15,186351523,2743,Himalayan Brokerage Company Limited,Kohinoor Investment & Securities Pvt. Ltd.,2026-04-15 12:03:49.987770,Ngadi Group Power Ltd.
2026041504008741,NGPL,63,48,120,481.0,57720.0,2026-04-15,186351526,2743,Himalayan Brokerage Company Limited,Trishakti Securities Public Limited,2026-04-15 12:03:49.987940,Ngadi Group Power Ltd.
2026041504008746,NGPL,100,44,4,471.5,1886.0,2026-04-15,186351547,2743,Sunrise Securities Limited,Dynamic Money Managers Securities Pvt. Ltd.,2026-04-15 12:03:50.925728,Ngadi Group Power Ltd.
2026041504008747,NGPL,48,48,30,481.0,14430.0,2026-04-15,186351562,2743,Trishakti Securities Public Limited,Trishakti Securities Public Limited,2026-04-15 12:03:52.215472,Ngadi Group Power Ltd.
2026041504008752,NGPL,45,59,200,480.1,96020.0,2026-04-15,186351584,2743,Imperial Securities Company Pvt. Ltd.,Deevyaa Securities & Stock House Pvt. Ltd,2026-04-15 12:03:52.475513,Ngadi Group Power Ltd.
2026041504008761,NGPL,100,100,4,471.0,1884.0,2026-04-15,186351617,2743,Sunrise Securities Limited,Sunrise Securities Limited,2026-04-15 12:03:53.695971,Ngadi Group Power Ltd.
2026041504008788,NGPL,100,44,4,471.0,1884.0,2026-04-15,186351738,2743,Sunrise Securities Limited,Dynamic Money Managers Securities Pvt. Ltd.,2026-04-15 12:03:58.507707,Ngadi Group Power Ltd.
2026041504008825,NGPL,100,100,4,471.0,1884.0,2026-04-15,186351957,2743,Sunrise Securities Limited,Sunrise Securities Limited,2026-04-15 12:04:11.563183,Ngadi Group Power Ltd.
2026041504008826,NGPL,11,26,200,480.0,96000.0,2026-04-15,186351960,2743,Malla & Malla Stock Broking Company Pvt. Limited,Asian Securities Private Ltd.,2026-04-15 12:04:11.658420,Ngadi Group Power Ltd.
2026041504008827,NGPL,74,26,20,480.0,9600.0,2026-04-15,186351962,2743,KALASH STOCK MARKET PVT. LTD.,Asian Securities Private Ltd.,2026-04-15 12:04:11.659130,Ngadi Group Power Ltd.
2026041504008904,NGPL,33,53,59,479.5,28290.5,2026-04-15,186352447,2743,Dakshinkali Investment & Securities Pvt. Ltd.,Investment Management Nepal Pvt. Ltd.,2026-04-15 12:04:34.058536,Ngadi Group Power Ltd.
2026041504008942,NGPL,33,33,11,479.5,5274.5,2026-04-15,186352666,2743,Dakshinkali Investment & Securities Pvt. Ltd.,Dakshinkali Investment & Securities Pvt. Ltd.,2026-04-15 12:04:50.075400,Ngadi Group Power Ltd.
2026041504008944,NGPL,48,26,10,480.0,4800.0,2026-04-15,186352676,2743,Trishakti Securities Public Limited,Asian Securities Private Ltd.,2026-04-15 12:04:51.780612,Ngadi Group Power Ltd.
2026041504008960,NGPL,3,26,25,480.0,12000.0,2026-04-15,186352724,2743,Arun Securities (PVT) Ltd.,Asian Securities Private Ltd.,2026-04-15 12:04:54.426261,Ngadi Group Power Ltd.
2026041504008995,NGPL,45,48,50,479.0,23950.0,2026-04-15,186353005,2743,Imperial Securities Company Pvt. Ltd.,Trishakti Securities Public Limited,2026-04-15 12:05:08.714258,Ngadi Group Power Ltd.
2026041504009047,NGPL,48,45,70,479.8,33586.0,2026-04-15,186353287,2743,Trishakti Securities Public Limited,Imperial Securities Company Pvt. Ltd.,2026-04-15 12:05:25.139361,Ngadi Group Power Ltd.
2026041504009048,NGPL,48,59,50,479.8,23990.0,2026-04-15,186353290,2743,Trishakti Securities Public Limited,Deevyaa Securities & Stock House Pvt. Ltd,2026-04-15 12:05:25.139414,Ngadi Group Power Ltd.
2026041504009057,NGPL,45,33,104,479.0,49816.0,2026-04-15,186353343,2743,Imperial Securities Company Pvt. Ltd.,Dakshinkali Investment & Securities Pvt. Ltd.,2026-04-15 12:05:29.608391,Ngadi Group Power Ltd.
2026041504009058,NGPL,45,68,173,479.0,82867.0,2026-04-15,186353366,2743,Imperial Securities Company Pvt. Ltd.,Elite Stock House Limited,2026-04-15 12:05:30.977826,Ngadi Group Power Ltd.
2026041504009059,NGPL,45,68,400,479.0,191600.0,2026-04-15,186353368,2743,Imperial Securities Company Pvt. Ltd.,Elite Stock House Limited,2026-04-15 12:05:30.978270,Ngadi Group Power Ltd.
2026041504009060,NGPL,72,68,50,479.0,23950.0,2026-04-15,186353370,2743,Hatemalo Financial Services Private Limited,Elite Stock House Limited,2026-04-15 12:05:30.978537,Ngadi Group Power Ltd.
2026041504009061,NGPL,26,68,1000,479.0,479000.0,2026-04-15,186353372,2743,Asian Securities Private Ltd.,Elite Stock House Limited,2026-04-15 12:05:30.978781,Ngadi Group Power Ltd.
2026041504009062,NGPL,1,68,425,479.0,203575.0,2026-04-15,186353374,2743,Kumari Securities Private Limited,Elite Stock House Limited,2026-04-15 12:05:30.979005,Ngadi Group Power Ltd.
2026041504009063,NGPL,45,42,1200,478.6,574320.0,2026-04-15,186353383,2743,Imperial Securities Company Pvt. Ltd.,Sani Securities Company Ltd.,2026-04-15 12:05:31.687170,Ngadi Group Power Ltd.
2026041504009081,NGPL,48,68,10,479.0,4790.0,2026-04-15,186353564,2743,Trishakti Securities Public Limited,Elite Stock House Limited,2026-04-15 12:05:41.019284,Ngadi Group Power Ltd.
2026041504009089,NGPL,45,38,800,478.6,382880.0,2026-04-15,186353594,2743,Imperial Securities Company Pvt. Ltd.,Dipshikha Dhitopatra Karobar Co. Pvt Ltd.,2026-04-15 12:05:43.327421,Ngadi Group Power Ltd.
2026041504009090,NGPL,26,38,452,478.5,216282.0,2026-04-15,186353596,2743,Asian Securities Private Ltd.,Dipshikha Dhitopatra Karobar Co. Pvt Ltd.,2026-04-15 12:05:43.327522,Ngadi Group Power Ltd.
2026041504009091,NGPL,40,38,500,478.5,239250.0,2026-04-15,186353598,2743,Creative Securities Pvt Ltd,Dipshikha Dhitopatra Karobar Co. Pvt Ltd.,2026-04-15 12:05:43.327590,Ngadi Group Power Ltd.
2026041504009092,NGPL,48,38,4248,478.5,2032668.0,2026-04-15,186353599,2743,Trishakti Securities Public Limited,Dipshikha Dhitopatra Karobar Co. Pvt Ltd.,2026-04-15 12:05:43.327653,Ngadi Group Power Ltd.
2026041504009096,NGPL,42,68,10,479.0,4790.0,2026-04-15,186353624,2743,Sani Securities Company Ltd.,Elite Stock House Limited,2026-04-15 12:05:45.918813,Ngadi Group Power Ltd.
2026041504009102,NGPL,5,100,4,470.0,1880.0,2026-04-15,186353685,2743,Market Securities & Exchange (PVT) Ltd.,Sunrise Securities Limited,2026-04-15 12:05:51.459491,Ngadi Group Power Ltd.
2026041504009106,NGPL,77,68,932,479.0,446428.0,2026-04-15,186353741,2743,Nabil Stock Dealer Ltd.,Elite Stock House Limited,2026-04-15 12:05:54.679459,Ngadi Group Power Ltd.
2026041504009119,NGPL,34,19,20,479.6,9592.0,2026-04-15,186353877,2743,Vision Securities Pvt. Ltd,Nepal Investment And Securities Trading Private Limited,2026-04-15 12:06:01.757551,Ngadi Group Power Ltd.
2026041504009120,NGPL,34,33,100,479.6,47960.0,2026-04-15,186353885,2743,Vision Securities Pvt. Ltd,Dakshinkali Investment & Securities Pvt. Ltd.,2026-04-15 12:06:02.421883,Ngadi Group Power Ltd.
2026041504009153,NGPL,48,59,10,479.8,4798.0,2026-04-15,186353966,2743,Trishakti Securities Public Limited,Deevyaa Securities & Stock House Pvt. Ltd,2026-04-15 12:06:04.665639,Ngadi Group Power Ltd.
2026041504009154,NGPL,34,18,300,479.6,143880.0,2026-04-15,186353973,2743,Vision Securities Pvt. Ltd,Sagarmatha Securities Private Limited,2026-04-15 12:06:04.967872,Ngadi Group Power Ltd.
2026041504009165,NGPL,34,34,80,479.6,38368.0,2026-04-15,186354030,2743,Vision Securities Pvt. Ltd,Vision Securities Pvt. Ltd,2026-04-15 12:06:07.998041,Ngadi Group Power Ltd.
2026041504009166,NGPL,77,34,68,479.0,32572.0,2026-04-15,186354032,2743,Nabil Stock Dealer Ltd.,Vision Securities Pvt. Ltd,2026-04-15 12:06:07.998929,Ngadi Group Power Ltd.
2026041504009167,NGPL,42,34,1352,479.0,647608.0,2026-04-15,186354033,2743,Sani Securities Company Ltd.,Vision Securities Pvt. Ltd,2026-04-15 12:06:07.999554,Ngadi Group Power Ltd.
2026041504009188,NGPL,38,59,50,479.8,23990.0,2026-04-15,186354266,2743,Dipshikha Dhitopatra Karobar Co. Pvt Ltd.,Deevyaa Securities & Stock House Pvt. Ltd,2026-04-15 12:06:21.655631,Ngadi Group Power Ltd.
2026041504009217,NGPL,42,21,500,479.0,239500.0,2026-04-15,186354313,2743,Sani Securities Company Ltd.,Midas Stock Broking Company Private Limited,2026-04-15 12:06:23.380216,Ngadi Group Power Ltd.
2026041504009219,NGPL,100,33,4,471.0,1884.0,2026-04-15,186354341,2743,Sunrise Securities Limited,Dakshinkali Investment & Securities Pvt. Ltd.,2026-04-15 12:06:25.368386,Ngadi Group Power Ltd.
2026041504009242,NGPL,48,59,10,479.8,4798.0,2026-04-15,186354482,2743,Trishakti Securities Public Limited,Deevyaa Securities & Stock House Pvt. Ltd,2026-04-15 12:06:30.514624,Ngadi Group Power Ltd.
2026041504009250,NGPL,5,100,7,471.0,3297.0,2026-04-15,186354525,2743,Market Securities & Exchange (PVT) Ltd.,Sunrise Securities Limited,2026-04-15 12:06:32.509020,Ngadi Group Power Ltd.
