contractId,stockSymbol,buyerMemberId,sellerMemberId,quantity,rate,amount,businessDate,tradeBookId,stockId,buyerBrokerName,sellerBrokerName,transaction_time,securityName
2026041504000001,NHPC,58,42,100,332.0,33200.0,2026-04-15,186284798,152,Naasa Securities Co. Ltd.,Sani Securities Company Ltd.,2026-04-15 10:46:00.008451,National Hydro Power Company Limited
2026041504000002,NHPC,45,42,200,332.0,66400.0,2026-04-15,186284799,152,Imperial Securities Company Pvt. Ltd.,Sani Securities Company Ltd.,2026-04-15 10:46:00.008490,National Hydro Power Company Limited
2026041504000033,NHPC,45,3,500,332.0,166000.0,2026-04-15,186285039,152,Imperial Securities Company Pvt. Ltd.,Arun Securities (PVT) Ltd.,2026-04-15 11:00:05.181752,National Hydro Power Company Limited
2026041504000047,NHPC,34,42,100,333.5,33350.0,2026-04-15,186285146,152,Vision Securities Pvt. Ltd,Sani Securities Company Ltd.,2026-04-15 11:00:36.431133,National Hydro Power Company Limited
2026041504000057,NHPC,16,42,200,335.0,67000.0,2026-04-15,186285208,152,Primo Securities (PVT) Ltd.,Sani Securities Company Ltd.,2026-04-15 11:00:45.930867,National Hydro Power Company Limited
2026041504000068,NHPC,58,42,10,335.0,3350.0,2026-04-15,186285338,152,Naasa Securities Co. Ltd.,Sani Securities Company Ltd.,2026-04-15 11:00:57.617913,National Hydro Power Company Limited
2026041504000070,NHPC,58,42,90,335.0,30150.0,2026-04-15,186285355,152,Naasa Securities Co. Ltd.,Sani Securities Company Ltd.,2026-04-15 11:01:00.194278,National Hydro Power Company Limited
2026041504000071,NHPC,58,68,510,335.0,170850.0,2026-04-15,186285358,152,Naasa Securities Co. Ltd.,Elite Stock House Limited,2026-04-15 11:01:00.194442,National Hydro Power Company Limited
2026041504000072,NHPC,70,68,490,335.0,164150.0,2026-04-15,186285367,152,Infinity Securities Limited,Elite Stock House Limited,2026-04-15 11:01:00.825045,National Hydro Power Company Limited
2026041504000073,NHPC,70,40,100,335.0,33500.0,2026-04-15,186285369,152,Infinity Securities Limited,Creative Securities Pvt Ltd,2026-04-15 11:01:00.825174,National Hydro Power Company Limited
2026041504000074,NHPC,70,49,10,335.0,3350.0,2026-04-15,186285371,152,Infinity Securities Limited,Online Securities Pvt. Ltd.,2026-04-15 11:01:00.825208,National Hydro Power Company Limited
2026041504000080,NHPC,70,75,50,335.0,16750.0,2026-04-15,186285415,152,Infinity Securities Limited,N.I.M.B. Stock Markets Limited,2026-04-15 11:01:05.343896,National Hydro Power Company Limited
2026041504000082,NHPC,58,3,100,336.0,33600.0,2026-04-15,186285443,152,Naasa Securities Co. Ltd.,Arun Securities (PVT) Ltd.,2026-04-15 11:01:09.217129,National Hydro Power Company Limited
2026041504000083,NHPC,58,49,10,336.0,3360.0,2026-04-15,186285445,152,Naasa Securities Co. Ltd.,Online Securities Pvt. Ltd.,2026-04-15 11:01:09.217242,National Hydro Power Company Limited
2026041504000088,NHPC,58,13,20,336.0,6720.0,2026-04-15,186285493,152,Naasa Securities Co. Ltd.,Thrive Brokerage House Pvt. Ltd,2026-04-15 11:01:13.543202,National Hydro Power Company Limited
2026041504000089,NHPC,77,35,500,336.8,168400.0,2026-04-15,186285498,152,Nabil Stock Dealer Ltd.,Kohinoor Investment & Securities Pvt. Ltd.,2026-04-15 11:01:14.299667,National Hydro Power Company Limited
2026041504000093,NHPC,58,68,190,336.0,63840.0,2026-04-15,186285530,152,Naasa Securities Co. Ltd.,Elite Stock House Limited,2026-04-15 11:01:17.548205,National Hydro Power Company Limited
2026041504000095,NHPC,58,68,10,336.0,3360.0,2026-04-15,186285614,152,Naasa Securities Co. Ltd.,Elite Stock House Limited,2026-04-15 11:01:23.350962,National Hydro Power Company Limited
2026041504000098,NHPC,58,68,160,336.0,53760.0,2026-04-15,186285622,152,Naasa Securities Co. Ltd.,Elite Stock House Limited,2026-04-15 11:01:25.970515,National Hydro Power Company Limited
2026041504000099,NHPC,14,68,640,336.0,215040.0,2026-04-15,186285651,152,Nepal Stock House (PVT) Ltd.,Elite Stock House Limited,2026-04-15 11:01:29.132062,National Hydro Power Company Limited
2026041504000100,NHPC,14,35,90,336.8,30312.0,2026-04-15,186285653,152,Nepal Stock House (PVT) Ltd.,Kohinoor Investment & Securities Pvt. Ltd.,2026-04-15 11:01:29.132150,National Hydro Power Company Limited
2026041504000101,NHPC,14,52,470,336.9,158343.0,2026-04-15,186285656,152,Nepal Stock House (PVT) Ltd.,Sundhara Securities Limited,2026-04-15 11:01:29.132187,National Hydro Power Company Limited
2026041504000111,NHPC,34,68,30,336.0,10080.0,2026-04-15,186285974,152,Vision Securities Pvt. Ltd,Elite Stock House Limited,2026-04-15 11:01:44.291591,National Hydro Power Company Limited
2026041504000112,NHPC,42,68,500,336.0,168000.0,2026-04-15,186285976,152,Sani Securities Company Ltd.,Elite Stock House Limited,2026-04-15 11:01:44.291712,National Hydro Power Company Limited
2026041504000113,NHPC,49,68,50,336.0,16800.0,2026-04-15,186285978,152,Online Securities Pvt. Ltd.,Elite Stock House Limited,2026-04-15 11:01:44.291759,National Hydro Power Company Limited
2026041504000114,NHPC,77,68,500,335.1,167550.0,2026-04-15,186285980,152,Nabil Stock Dealer Ltd.,Elite Stock House Limited,2026-04-15 11:01:44.291814,National Hydro Power Company Limited
2026041504000115,NHPC,70,68,350,335.0,117250.0,2026-04-15,186285982,152,Infinity Securities Limited,Elite Stock House Limited,2026-04-15 11:01:44.291852,National Hydro Power Company Limited
2026041504000116,NHPC,33,68,500,335.0,167500.0,2026-04-15,186285984,152,Dakshinkali Investment & Securities Pvt. Ltd.,Elite Stock House Limited,2026-04-15 11:01:44.291891,National Hydro Power Company Limited
2026041504000117,NHPC,66,68,500,335.0,167500.0,2026-04-15,186285986,152,Miyo Securities Pvt Ltd,Elite Stock House Limited,2026-04-15 11:01:44.291925,National Hydro Power Company Limited
2026041504000118,NHPC,17,68,100,335.0,33500.0,2026-04-15,186285988,152,ABC Securities Private Limited,Elite Stock House Limited,2026-04-15 11:01:44.291964,National Hydro Power Company Limited
2026041504000119,NHPC,34,68,44,335.0,14740.0,2026-04-15,186285990,152,Vision Securities Pvt. Ltd,Elite Stock House Limited,2026-04-15 11:01:44.291997,National Hydro Power Company Limited
2026041504000120,NHPC,58,68,30,335.0,10050.0,2026-04-15,186286018,152,Naasa Securities Co. Ltd.,Elite Stock House Limited,2026-04-15 11:01:46.645309,National Hydro Power Company Limited
2026041504000126,NHPC,3,68,40,335.0,13400.0,2026-04-15,186286108,152,Arun Securities (PVT) Ltd.,Elite Stock House Limited,2026-04-15 11:01:54.733797,National Hydro Power Company Limited
2026041504000131,NHPC,33,68,356,335.0,119260.0,2026-04-15,186286175,152,Dakshinkali Investment & Securities Pvt. Ltd.,Elite Stock House Limited,2026-04-15 11:01:59.587738,National Hydro Power Company Limited
2026041504000132,NHPC,33,58,144,335.0,48240.0,2026-04-15,186286178,152,Dakshinkali Investment & Securities Pvt. Ltd.,Naasa Securities Co. Ltd.,2026-04-15 11:01:59.587829,National Hydro Power Company Limited
2026041504000133,NHPC,47,58,200,335.0,67000.0,2026-04-15,186286222,152,Neev Securities Pvt. Ltd.,Naasa Securities Co. Ltd.,2026-04-15 11:02:00.107646,National Hydro Power Company Limited
2026041504000135,NHPC,6,58,100,335.0,33500.0,2026-04-15,186286310,152,Agrawal Securities (PVT) Ltd.,Naasa Securities Co. Ltd.,2026-04-15 11:02:02.446124,National Hydro Power Company Limited
2026041504000136,NHPC,57,43,300,334.0,100200.0,2026-04-15,186286397,152,Aryatara Investment & Securities,South Asian Bulls Pvt. Ltd.,2026-04-15 11:02:03.575820,National Hydro Power Company Limited
2026041504000152,NHPC,57,57,100,334.0,33400.0,2026-04-15,186286573,152,Aryatara Investment & Securities,Aryatara Investment & Securities,2026-04-15 11:02:13.886904,National Hydro Power Company Limited
2026041504000159,NHPC,57,42,50,334.0,16700.0,2026-04-15,186286649,152,Aryatara Investment & Securities,Sani Securities Company Ltd.,2026-04-15 11:02:19.544079,National Hydro Power Company Limited
2026041504000161,NHPC,57,29,100,334.0,33400.0,2026-04-15,186286683,152,Aryatara Investment & Securities,Trisul Securities & Invt. Ltd.,2026-04-15 11:02:21.596611,National Hydro Power Company Limited
2026041504000164,NHPC,57,81,450,334.0,150300.0,2026-04-15,186286710,152,Aryatara Investment & Securities,Aakashbhairab Securities Ltd.,2026-04-15 11:02:24.108977,National Hydro Power Company Limited
2026041504000165,NHPC,54,81,50,334.0,16700.0,2026-04-15,186286746,152,Sewa Securities Pvt. Ltd.,Aakashbhairab Securities Ltd.,2026-04-15 11:02:25.598271,National Hydro Power Company Limited
2026041504000176,NHPC,58,81,20,334.0,6680.0,2026-04-15,186286838,152,Naasa Securities Co. Ltd.,Aakashbhairab Securities Ltd.,2026-04-15 11:02:30.852799,National Hydro Power Company Limited
2026041504000203,NHPC,44,81,80,334.0,26720.0,2026-04-15,186286991,152,Dynamic Money Managers Securities Pvt. Ltd.,Aakashbhairab Securities Ltd.,2026-04-15 11:02:36.592318,National Hydro Power Company Limited
2026041504000204,NHPC,44,11,20,334.0,6680.0,2026-04-15,186286994,152,Dynamic Money Managers Securities Pvt. Ltd.,Malla & Malla Stock Broking Company Pvt. Limited,2026-04-15 11:02:36.592446,National Hydro Power Company Limited
2026041504000215,NHPC,74,11,120,334.0,40080.0,2026-04-15,186287049,152,KALASH STOCK MARKET PVT. LTD.,Malla & Malla Stock Broking Company Pvt. Limited,2026-04-15 11:02:39.387853,National Hydro Power Company Limited
2026041504000216,NHPC,74,72,25,334.2,8355.0,2026-04-15,186287051,152,KALASH STOCK MARKET PVT. LTD.,Hatemalo Financial Services Private Limited,2026-04-15 11:02:39.387953,National Hydro Power Company Limited
2026041504000217,NHPC,74,13,10,334.9,3349.0,2026-04-15,186287053,152,KALASH STOCK MARKET PVT. LTD.,Thrive Brokerage House Pvt. Ltd,2026-04-15 11:02:39.388008,National Hydro Power Company Limited
2026041504000218,NHPC,74,58,345,335.0,115575.0,2026-04-15,186287056,152,KALASH STOCK MARKET PVT. LTD.,Naasa Securities Co. Ltd.,2026-04-15 11:02:39.388063,National Hydro Power Company Limited
2026041504000230,NHPC,8,54,600,334.0,200400.0,2026-04-15,186287175,152,Brilliant Securities Pvt. Ltd.,Sewa Securities Pvt. Ltd.,2026-04-15 11:02:46.980985,National Hydro Power Company Limited
2026041504000231,NHPC,8,58,211,335.0,70685.0,2026-04-15,186287177,152,Brilliant Securities Pvt. Ltd.,Naasa Securities Co. Ltd.,2026-04-15 11:02:46.981103,National Hydro Power Company Limited
2026041504000232,NHPC,8,68,189,335.0,63315.0,2026-04-15,186287180,152,Brilliant Securities Pvt. Ltd.,Elite Stock House Limited,2026-04-15 11:02:46.981160,National Hydro Power Company Limited
2026041504000244,NHPC,58,68,150,335.0,50250.0,2026-04-15,186287378,152,Naasa Securities Co. Ltd.,Elite Stock House Limited,2026-04-15 11:02:54.552105,National Hydro Power Company Limited
2026041504000247,NHPC,49,68,20,335.0,6700.0,2026-04-15,186287442,152,Online Securities Pvt. Ltd.,Elite Stock House Limited,2026-04-15 11:02:58.403405,National Hydro Power Company Limited
2026041504000257,NHPC,38,68,1258,335.0,421430.0,2026-04-15,186287467,152,Dipshikha Dhitopatra Karobar Co. Pvt Ltd.,Elite Stock House Limited,2026-04-15 11:02:58.942498,National Hydro Power Company Limited
2026041504000258,NHPC,38,47,50,335.0,16750.0,2026-04-15,186287469,152,Dipshikha Dhitopatra Karobar Co. Pvt Ltd.,Neev Securities Pvt. Ltd.,2026-04-15 11:02:58.942651,National Hydro Power Company Limited
2026041504000259,NHPC,38,29,100,335.0,33500.0,2026-04-15,186287471,152,Dipshikha Dhitopatra Karobar Co. Pvt Ltd.,Trisul Securities & Invt. Ltd.,2026-04-15 11:02:58.942739,National Hydro Power Company Limited
2026041504000295,NHPC,10,35,150,336.0,50400.0,2026-04-15,186287775,152,Pragyan Securities (PVT) Ltd.,Kohinoor Investment & Securities Pvt. Ltd.,2026-04-15 11:03:18.354581,National Hydro Power Company Limited
2026041504000308,NHPC,10,94,850,336.0,285600.0,2026-04-15,186287866,152,Pragyan Securities (PVT) Ltd.,K.B.L. Securities Limited ,2026-04-15 11:03:24.918824,National Hydro Power Company Limited
2026041504000309,NHPC,44,94,100,336.0,33600.0,2026-04-15,186287868,152,Dynamic Money Managers Securities Pvt. Ltd.,K.B.L. Securities Limited ,2026-04-15 11:03:24.918961,National Hydro Power Company Limited
2026041504000312,NHPC,66,94,450,336.0,151200.0,2026-04-15,186287989,152,Miyo Securities Pvt Ltd,K.B.L. Securities Limited ,2026-04-15 11:03:31.424720,National Hydro Power Company Limited
2026041504000313,NHPC,66,13,10,336.8,3368.0,2026-04-15,186287991,152,Miyo Securities Pvt Ltd,Thrive Brokerage House Pvt. Ltd,2026-04-15 11:03:31.425034,National Hydro Power Company Limited
2026041504000314,NHPC,66,45,322,336.8,108449.6,2026-04-15,186287993,152,Miyo Securities Pvt Ltd,Imperial Securities Company Pvt. Ltd.,2026-04-15 11:03:31.425303,National Hydro Power Company Limited
2026041504000315,NHPC,66,34,100,336.8,33680.0,2026-04-15,186287995,152,Miyo Securities Pvt Ltd,Vision Securities Pvt. Ltd,2026-04-15 11:03:31.425521,National Hydro Power Company Limited
2026041504000316,NHPC,66,52,30,336.9,10107.0,2026-04-15,186287997,152,Miyo Securities Pvt Ltd,Sundhara Securities Limited,2026-04-15 11:03:31.425756,National Hydro Power Company Limited
2026041504000317,NHPC,66,14,100,336.9,33690.0,2026-04-15,186287999,152,Miyo Securities Pvt Ltd,Nepal Stock House (PVT) Ltd.,2026-04-15 11:03:31.425951,National Hydro Power Company Limited
2026041504000318,NHPC,66,57,500,336.9,168450.0,2026-04-15,186288001,152,Miyo Securities Pvt Ltd,Aryatara Investment & Securities,2026-04-15 11:03:31.426162,National Hydro Power Company Limited
2026041504000319,NHPC,66,29,1000,337.0,337000.0,2026-04-15,186288003,152,Miyo Securities Pvt Ltd,Trisul Securities & Invt. Ltd.,2026-04-15 11:03:31.426375,National Hydro Power Company Limited
2026041504000320,NHPC,66,22,100,337.0,33700.0,2026-04-15,186288005,152,Miyo Securities Pvt Ltd,Siprabi Securities Pvt. Ltd.,2026-04-15 11:03:31.426560,National Hydro Power Company Limited
2026041504000321,NHPC,66,48,300,337.0,101100.0,2026-04-15,186288007,152,Miyo Securities Pvt Ltd,Trishakti Securities Public Limited,2026-04-15 11:03:31.426721,National Hydro Power Company Limited
2026041504000322,NHPC,66,22,88,337.0,29656.0,2026-04-15,186288010,152,Miyo Securities Pvt Ltd,Siprabi Securities Pvt. Ltd.,2026-04-15 11:03:31.426885,National Hydro Power Company Limited
2026041504000338,NHPC,58,58,100,336.0,33600.0,2026-04-15,186288243,152,Naasa Securities Co. Ltd.,Naasa Securities Co. Ltd.,2026-04-15 11:03:45.551469,National Hydro Power Company Limited
2026041504000340,NHPC,58,39,10,336.0,3360.0,2026-04-15,186288259,152,Naasa Securities Co. Ltd.,Sumeru Securities Pvt. Ltd.,2026-04-15 11:03:47.196024,National Hydro Power Company Limited
2026041504000359,NHPC,58,39,10,336.0,3360.0,2026-04-15,186288433,152,Naasa Securities Co. Ltd.,Sumeru Securities Pvt. Ltd.,2026-04-15 11:03:53.958774,National Hydro Power Company Limited
2026041504000360,NHPC,58,13,130,336.0,43680.0,2026-04-15,186288450,152,Naasa Securities Co. Ltd.,Thrive Brokerage House Pvt. Ltd,2026-04-15 11:03:54.797174,National Hydro Power Company Limited
2026041504000379,NHPC,41,13,20,336.0,6720.0,2026-04-15,186288651,152,Linch Stock Market Ltd.,Thrive Brokerage House Pvt. Ltd,2026-04-15 11:04:04.377174,National Hydro Power Company Limited
2026041504000380,NHPC,41,29,30,336.0,10080.0,2026-04-15,186288654,152,Linch Stock Market Ltd.,Trisul Securities & Invt. Ltd.,2026-04-15 11:04:04.377471,National Hydro Power Company Limited
2026041504000382,NHPC,49,29,10,336.0,3360.0,2026-04-15,186288694,152,Online Securities Pvt. Ltd.,Trisul Securities & Invt. Ltd.,2026-04-15 11:04:07.875394,National Hydro Power Company Limited
2026041504000387,NHPC,44,29,60,336.0,20160.0,2026-04-15,186288773,152,Dynamic Money Managers Securities Pvt. Ltd.,Trisul Securities & Invt. Ltd.,2026-04-15 11:04:12.839884,National Hydro Power Company Limited
2026041504000388,NHPC,44,42,100,336.0,33600.0,2026-04-15,186288775,152,Dynamic Money Managers Securities Pvt. Ltd.,Sani Securities Company Ltd.,2026-04-15 11:04:12.840169,National Hydro Power Company Limited
2026041504000394,NHPC,4,49,100,336.8,33680.0,2026-04-15,186288817,152,Opal Securities Investment (PVT) Ltd.,Online Securities Pvt. Ltd.,2026-04-15 11:04:16.680384,National Hydro Power Company Limited
2026041504000409,NHPC,4,21,200,336.8,67360.0,2026-04-15,186288982,152,Opal Securities Investment (PVT) Ltd.,Midas Stock Broking Company Private Limited,2026-04-15 11:04:25.244302,National Hydro Power Company Limited
2026041504000410,NHPC,44,21,310,336.0,104160.0,2026-04-15,186288983,152,Dynamic Money Managers Securities Pvt. Ltd.,Midas Stock Broking Company Private Limited,2026-04-15 11:04:25.244502,National Hydro Power Company Limited
2026041504000413,NHPC,66,22,12,337.0,4044.0,2026-04-15,186289029,152,Miyo Securities Pvt Ltd,Siprabi Securities Pvt. Ltd.,2026-04-15 11:04:28.432198,National Hydro Power Company Limited
2026041504000414,NHPC,66,49,10,337.0,3370.0,2026-04-15,186289031,152,Miyo Securities Pvt Ltd,Online Securities Pvt. Ltd.,2026-04-15 11:04:28.432517,National Hydro Power Company Limited
2026041504000415,NHPC,66,49,300,337.0,101100.0,2026-04-15,186289033,152,Miyo Securities Pvt Ltd,Online Securities Pvt. Ltd.,2026-04-15 11:04:28.432722,National Hydro Power Company Limited
2026041504000416,NHPC,66,29,100,337.0,33700.0,2026-04-15,186289035,152,Miyo Securities Pvt Ltd,Trisul Securities & Invt. Ltd.,2026-04-15 11:04:28.432920,National Hydro Power Company Limited
2026041504000417,NHPC,66,35,10,337.0,3370.0,2026-04-15,186289037,152,Miyo Securities Pvt Ltd,Kohinoor Investment & Securities Pvt. Ltd.,2026-04-15 11:04:28.433136,National Hydro Power Company Limited
2026041504000418,NHPC,66,58,2327,337.0,784199.0,2026-04-15,186289040,152,Miyo Securities Pvt Ltd,Naasa Securities Co. Ltd.,2026-04-15 11:04:28.433343,National Hydro Power Company Limited
2026041504000430,NHPC,58,29,100,337.0,33700.0,2026-04-15,186289121,152,Naasa Securities Co. Ltd.,Trisul Securities & Invt. Ltd.,2026-04-15 11:04:32.995881,National Hydro Power Company Limited
2026041504000440,NHPC,34,72,25,337.1,8427.5,2026-04-15,186289195,152,Vision Securities Pvt. Ltd,Hatemalo Financial Services Private Limited,2026-04-15 11:04:40.252413,National Hydro Power Company Limited
2026041504000441,NHPC,34,44,375,337.3,126487.5,2026-04-15,186289198,152,Vision Securities Pvt. Ltd,Dynamic Money Managers Securities Pvt. Ltd.,2026-04-15 11:04:40.252707,National Hydro Power Company Limited
2026041504000447,NHPC,58,54,200,337.0,67400.0,2026-04-15,186289219,152,Naasa Securities Co. Ltd.,Sewa Securities Pvt. Ltd.,2026-04-15 11:04:41.750849,National Hydro Power Company Limited
2026041504000455,NHPC,58,13,100,337.0,33700.0,2026-04-15,186289305,152,Naasa Securities Co. Ltd.,Thrive Brokerage House Pvt. Ltd,2026-04-15 11:04:47.139706,National Hydro Power Company Limited
2026041504000473,NHPC,44,44,125,337.3,42162.5,2026-04-15,186289399,152,Dynamic Money Managers Securities Pvt. Ltd.,Dynamic Money Managers Securities Pvt. Ltd.,2026-04-15 11:04:54.748930,National Hydro Power Company Limited
2026041504000475,NHPC,44,70,325,337.3,109622.5,2026-04-15,186289406,152,Dynamic Money Managers Securities Pvt. Ltd.,Infinity Securities Limited,2026-04-15 11:04:55.264822,National Hydro Power Company Limited
2026041504000476,NHPC,94,70,200,337.1,67420.0,2026-04-15,186289408,152,K.B.L. Securities Limited ,Infinity Securities Limited,2026-04-15 11:04:55.264973,National Hydro Power Company Limited
2026041504000477,NHPC,58,70,14,337.1,4719.4,2026-04-15,186289410,152,Naasa Securities Co. Ltd.,Infinity Securities Limited,2026-04-15 11:04:55.265040,National Hydro Power Company Limited
2026041504000478,NHPC,58,70,100,337.0,33700.0,2026-04-15,186289412,152,Naasa Securities Co. Ltd.,Infinity Securities Limited,2026-04-15 11:04:55.265108,National Hydro Power Company Limited
2026041504000479,NHPC,38,70,361,337.0,121657.0,2026-04-15,186289413,152,Dipshikha Dhitopatra Karobar Co. Pvt Ltd.,Infinity Securities Limited,2026-04-15 11:04:55.265175,National Hydro Power Company Limited
2026041504000492,NHPC,38,57,1000,337.0,337000.0,2026-04-15,186289453,152,Dipshikha Dhitopatra Karobar Co. Pvt Ltd.,Aryatara Investment & Securities,2026-04-15 11:04:57.866793,National Hydro Power Company Limited
2026041504000497,NHPC,38,42,39,337.0,13143.0,2026-04-15,186289516,152,Dipshikha Dhitopatra Karobar Co. Pvt Ltd.,Sani Securities Company Ltd.,2026-04-15 11:05:03.209145,National Hydro Power Company Limited
2026041504000498,NHPC,5,42,91,337.0,30667.0,2026-04-15,186289517,152,Market Securities & Exchange (PVT) Ltd.,Sani Securities Company Ltd.,2026-04-15 11:05:03.209354,National Hydro Power Company Limited
2026041504000504,NHPC,5,34,100,337.0,33700.0,2026-04-15,186289535,152,Market Securities & Exchange (PVT) Ltd.,Vision Securities Pvt. Ltd,2026-04-15 11:05:03.833270,National Hydro Power Company Limited
2026041504000508,NHPC,5,39,10,337.0,3370.0,2026-04-15,186289571,152,Market Securities & Exchange (PVT) Ltd.,Sumeru Securities Pvt. Ltd.,2026-04-15 11:05:07.478215,National Hydro Power Company Limited
2026041504000517,NHPC,5,70,799,337.0,269263.0,2026-04-15,186289634,152,Market Securities & Exchange (PVT) Ltd.,Infinity Securities Limited,2026-04-15 11:05:13.938735,National Hydro Power Company Limited
2026041504000519,NHPC,29,70,100,337.0,33700.0,2026-04-15,186289664,152,Trisul Securities & Invt. Ltd.,Infinity Securities Limited,2026-04-15 11:05:15.126105,National Hydro Power Company Limited
2026041504000538,NHPC,58,70,100,337.0,33700.0,2026-04-15,186289774,152,Naasa Securities Co. Ltd.,Infinity Securities Limited,2026-04-15 11:05:27.113439,National Hydro Power Company Limited
2026041504000566,NHPC,34,64,25,336.9,8422.5,2026-04-15,186289952,152,Vision Securities Pvt. Ltd,SUN SECURITIES PVT LTD,2026-04-15 11:05:36.730233,National Hydro Power Company Limited
2026041504000567,NHPC,44,64,75,336.0,25200.0,2026-04-15,186289953,152,Dynamic Money Managers Securities Pvt. Ltd.,SUN SECURITIES PVT LTD,2026-04-15 11:05:36.730433,National Hydro Power Company Limited
2026041504000581,NHPC,58,35,20,337.0,6740.0,2026-04-15,186290051,152,Naasa Securities Co. Ltd.,Kohinoor Investment & Securities Pvt. Ltd.,2026-04-15 11:05:48.587922,National Hydro Power Company Limited
2026041504000582,NHPC,58,29,15,337.0,5055.0,2026-04-15,186290054,152,Naasa Securities Co. Ltd.,Trisul Securities & Invt. Ltd.,2026-04-15 11:05:48.588251,National Hydro Power Company Limited
2026041504000583,NHPC,45,29,20,337.0,6740.0,2026-04-15,186290068,152,Imperial Securities Company Pvt. Ltd.,Trisul Securities & Invt. Ltd.,2026-04-15 11:05:49.287453,National Hydro Power Company Limited
2026041504000594,NHPC,44,14,10,336.0,3360.0,2026-04-15,186290149,152,Dynamic Money Managers Securities Pvt. Ltd.,Nepal Stock House (PVT) Ltd.,2026-04-15 11:05:53.500203,National Hydro Power Company Limited
2026041504000599,NHPC,75,29,65,337.0,21905.0,2026-04-15,186290187,152,N.I.M.B. Stock Markets Limited,Trisul Securities & Invt. Ltd.,2026-04-15 11:05:57.724739,National Hydro Power Company Limited
2026041504000600,NHPC,75,29,135,337.0,45495.0,2026-04-15,186290190,152,N.I.M.B. Stock Markets Limited,Trisul Securities & Invt. Ltd.,2026-04-15 11:05:57.724899,National Hydro Power Company Limited
2026041504000602,NHPC,58,29,200,337.0,67400.0,2026-04-15,186290216,152,Naasa Securities Co. Ltd.,Trisul Securities & Invt. Ltd.,2026-04-15 11:05:58.881703,National Hydro Power Company Limited
2026041504000604,NHPC,37,29,120,337.0,40440.0,2026-04-15,186290244,152,Swarna Laxmi Securities Pvt. Ltd.,Trisul Securities & Invt. Ltd.,2026-04-15 11:06:00.503091,National Hydro Power Company Limited
2026041504000605,NHPC,58,29,150,337.0,50550.0,2026-04-15,186290254,152,Naasa Securities Co. Ltd.,Trisul Securities & Invt. Ltd.,2026-04-15 11:06:00.709789,National Hydro Power Company Limited
2026041504000616,NHPC,44,26,100,336.0,33600.0,2026-04-15,186290307,152,Dynamic Money Managers Securities Pvt. Ltd.,Asian Securities Private Ltd.,2026-04-15 11:06:04.133255,National Hydro Power Company Limited
2026041504000627,NHPC,44,11,345,336.0,115920.0,2026-04-15,186290402,152,Dynamic Money Managers Securities Pvt. Ltd.,Malla & Malla Stock Broking Company Pvt. Limited,2026-04-15 11:06:13.043849,National Hydro Power Company Limited
2026041504000628,NHPC,49,11,60,336.0,20160.0,2026-04-15,186290404,152,Online Securities Pvt. Ltd.,Malla & Malla Stock Broking Company Pvt. Limited,2026-04-15 11:06:13.044051,National Hydro Power Company Limited
2026041504000629,NHPC,94,11,95,336.0,31920.0,2026-04-15,186290405,152,K.B.L. Securities Limited ,Malla & Malla Stock Broking Company Pvt. Limited,2026-04-15 11:06:13.044138,National Hydro Power Company Limited
2026041504000634,NHPC,5,29,395,337.0,133115.0,2026-04-15,186290419,152,Market Securities & Exchange (PVT) Ltd.,Trisul Securities & Invt. Ltd.,2026-04-15 11:06:13.865951,National Hydro Power Company Limited
2026041504000635,NHPC,5,38,105,337.0,35385.0,2026-04-15,186290422,152,Market Securities & Exchange (PVT) Ltd.,Dipshikha Dhitopatra Karobar Co. Pvt Ltd.,2026-04-15 11:06:13.866133,National Hydro Power Company Limited
2026041504000636,NHPC,66,38,1285,337.0,433045.0,2026-04-15,186290473,152,Miyo Securities Pvt Ltd,Dipshikha Dhitopatra Karobar Co. Pvt Ltd.,2026-04-15 11:06:16.506822,National Hydro Power Company Limited
2026041504000637,NHPC,66,21,100,337.5,33750.0,2026-04-15,186290475,152,Miyo Securities Pvt Ltd,Midas Stock Broking Company Private Limited,2026-04-15 11:06:16.506925,National Hydro Power Company Limited
2026041504000638,NHPC,66,56,615,337.5,207562.5,2026-04-15,186290478,152,Miyo Securities Pvt Ltd,Sri Hari Securities Pvt. Ltd.,2026-04-15 11:06:16.507000,National Hydro Power Company Limited
2026041504000672,NHPC,17,58,50,337.0,16850.0,2026-04-15,186290780,152,ABC Securities Private Limited,Naasa Securities Co. Ltd.,2026-04-15 11:06:40.115663,National Hydro Power Company Limited
2026041504000673,NHPC,54,58,50,337.0,16850.0,2026-04-15,186290781,152,Sewa Securities Pvt. Ltd.,Naasa Securities Co. Ltd.,2026-04-15 11:06:40.115878,National Hydro Power Company Limited
2026041504000681,NHPC,53,56,750,337.5,253125.0,2026-04-15,186290812,152,Investment Management Nepal Pvt. Ltd.,Sri Hari Securities Pvt. Ltd.,2026-04-15 11:06:42.110764,National Hydro Power Company Limited
2026041504000689,NHPC,32,56,35,337.5,11812.5,2026-04-15,186290869,152,Premier Securities Company Ltd.,Sri Hari Securities Pvt. Ltd.,2026-04-15 11:06:46.715599,National Hydro Power Company Limited
2026041504000690,NHPC,32,52,50,337.5,16875.0,2026-04-15,186290871,152,Premier Securities Company Ltd.,Sundhara Securities Limited,2026-04-15 11:06:46.715781,National Hydro Power Company Limited
2026041504000691,NHPC,32,41,500,337.8,168900.0,2026-04-15,186290873,152,Premier Securities Company Ltd.,Linch Stock Market Ltd.,2026-04-15 11:06:46.715871,National Hydro Power Company Limited
2026041504000692,NHPC,32,42,300,337.8,101340.0,2026-04-15,186290875,152,Premier Securities Company Ltd.,Sani Securities Company Ltd.,2026-04-15 11:06:46.715957,National Hydro Power Company Limited
2026041504000693,NHPC,32,1,64,338.0,21632.0,2026-04-15,186290877,152,Premier Securities Company Ltd.,Kumari Securities Private Limited,2026-04-15 11:06:46.716042,National Hydro Power Company Limited
2026041504000694,NHPC,32,36,500,338.0,169000.0,2026-04-15,186290879,152,Premier Securities Company Ltd.,Secured Securities Ltd.,2026-04-15 11:06:46.716126,National Hydro Power Company Limited
2026041504000695,NHPC,32,47,100,338.0,33800.0,2026-04-15,186290881,152,Premier Securities Company Ltd.,Neev Securities Pvt. Ltd.,2026-04-15 11:06:46.716210,National Hydro Power Company Limited
2026041504000696,NHPC,32,29,100,338.0,33800.0,2026-04-15,186290883,152,Premier Securities Company Ltd.,Trisul Securities & Invt. Ltd.,2026-04-15 11:06:46.716294,National Hydro Power Company Limited
2026041504000697,NHPC,32,49,100,338.0,33800.0,2026-04-15,186290885,152,Premier Securities Company Ltd.,Online Securities Pvt. Ltd.,2026-04-15 11:06:46.716385,National Hydro Power Company Limited
2026041504000698,NHPC,32,49,10,338.0,3380.0,2026-04-15,186290887,152,Premier Securities Company Ltd.,Online Securities Pvt. Ltd.,2026-04-15 11:06:46.716474,National Hydro Power Company Limited
2026041504000700,NHPC,32,3,149,338.0,50362.0,2026-04-15,186290911,152,Premier Securities Company Ltd.,Arun Securities (PVT) Ltd.,2026-04-15 11:06:49.805054,National Hydro Power Company Limited
2026041504000719,NHPC,32,58,48,338.0,16224.0,2026-04-15,186291038,152,Premier Securities Company Ltd.,Naasa Securities Co. Ltd.,2026-04-15 11:07:00.367149,National Hydro Power Company Limited
2026041504000748,NHPC,32,21,44,338.0,14872.0,2026-04-15,186291208,152,Premier Securities Company Ltd.,Midas Stock Broking Company Private Limited,2026-04-15 11:07:11.521887,National Hydro Power Company Limited
2026041504000749,NHPC,42,21,500,338.0,169000.0,2026-04-15,186291210,152,Sani Securities Company Ltd.,Midas Stock Broking Company Private Limited,2026-04-15 11:07:11.522080,National Hydro Power Company Limited
2026041504000750,NHPC,58,21,16,338.0,5408.0,2026-04-15,186291211,152,Naasa Securities Co. Ltd.,Midas Stock Broking Company Private Limited,2026-04-15 11:07:11.522173,National Hydro Power Company Limited
2026041504000758,NHPC,70,13,200,338.9,67780.0,2026-04-15,186291267,152,Infinity Securities Limited,Thrive Brokerage House Pvt. Ltd,2026-04-15 11:07:17.023172,National Hydro Power Company Limited
2026041504000759,NHPC,70,71,100,339.0,33900.0,2026-04-15,186291269,152,Infinity Securities Limited,SHUBHAKAMANA SECURITIES PVT. LTD,2026-04-15 11:07:17.023564,National Hydro Power Company Limited
2026041504000760,NHPC,70,25,100,339.0,33900.0,2026-04-15,186291271,152,Infinity Securities Limited,Sweta Securities Private Limited,2026-04-15 11:07:17.023825,National Hydro Power Company Limited
2026041504000761,NHPC,70,25,50,339.0,16950.0,2026-04-15,186291273,152,Infinity Securities Limited,Sweta Securities Private Limited,2026-04-15 11:07:17.024091,National Hydro Power Company Limited
2026041504000762,NHPC,70,49,10,339.0,3390.0,2026-04-15,186291275,152,Infinity Securities Limited,Online Securities Pvt. Ltd.,2026-04-15 11:07:17.024383,National Hydro Power Company Limited
2026041504000763,NHPC,70,14,100,339.9,33990.0,2026-04-15,186291277,152,Infinity Securities Limited,Nepal Stock House (PVT) Ltd.,2026-04-15 11:07:17.024648,National Hydro Power Company Limited
2026041504000764,NHPC,70,28,100,340.0,34000.0,2026-04-15,186291279,152,Infinity Securities Limited,Shree Krishna Securities Ltd.,2026-04-15 11:07:17.024913,National Hydro Power Company Limited
2026041504000765,NHPC,70,57,100,340.0,34000.0,2026-04-15,186291281,152,Infinity Securities Limited,Aryatara Investment & Securities,2026-04-15 11:07:17.025170,National Hydro Power Company Limited
2026041504000766,NHPC,70,35,50,340.0,17000.0,2026-04-15,186291283,152,Infinity Securities Limited,Kohinoor Investment & Securities Pvt. Ltd.,2026-04-15 11:07:17.025451,National Hydro Power Company Limited
2026041504000767,NHPC,70,52,10,340.0,3400.0,2026-04-15,186291285,152,Infinity Securities Limited,Sundhara Securities Limited,2026-04-15 11:07:17.025710,National Hydro Power Company Limited
2026041504000768,NHPC,70,97,1000,340.0,340000.0,2026-04-15,186291287,152,Infinity Securities Limited,R.B.B. Securities Company Ltd,2026-04-15 11:07:17.025965,National Hydro Power Company Limited
2026041504000769,NHPC,70,65,500,340.0,170000.0,2026-04-15,186291289,152,Infinity Securities Limited,Sharepro Securities Private Limited,2026-04-15 11:07:17.026241,National Hydro Power Company Limited
2026041504000770,NHPC,70,80,500,340.0,170000.0,2026-04-15,186291291,152,Infinity Securities Limited,Indira securities pvt. ltd,2026-04-15 11:07:17.026500,National Hydro Power Company Limited
2026041504000771,NHPC,70,43,500,340.0,170000.0,2026-04-15,186291293,152,Infinity Securities Limited,South Asian Bulls Pvt. Ltd.,2026-04-15 11:07:17.026745,National Hydro Power Company Limited
2026041504000772,NHPC,70,38,963,340.0,327420.0,2026-04-15,186291295,152,Infinity Securities Limited,Dipshikha Dhitopatra Karobar Co. Pvt Ltd.,2026-04-15 11:07:17.026999,National Hydro Power Company Limited
2026041504000773,NHPC,70,1,100,340.0,34000.0,2026-04-15,186291297,152,Infinity Securities Limited,Kumari Securities Private Limited,2026-04-15 11:07:17.027244,National Hydro Power Company Limited
2026041504000774,NHPC,70,46,500,340.0,170000.0,2026-04-15,186291299,152,Infinity Securities Limited,Kalika Securities Pvt. Ltd.,2026-04-15 11:07:17.027495,National Hydro Power Company Limited
2026041504000775,NHPC,70,40,76,340.0,25840.0,2026-04-15,186291301,152,Infinity Securities Limited,Creative Securities Pvt Ltd,2026-04-15 11:07:17.027735,National Hydro Power Company Limited
2026041504000776,NHPC,70,80,1000,340.0,340000.0,2026-04-15,186291303,152,Infinity Securities Limited,Indira securities pvt. ltd,2026-04-15 11:07:17.027975,National Hydro Power Company Limited
2026041504000777,NHPC,70,58,100,340.0,34000.0,2026-04-15,186291305,152,Infinity Securities Limited,Naasa Securities Co. Ltd.,2026-04-15 11:07:17.028216,National Hydro Power Company Limited
2026041504000778,NHPC,70,6,15,340.0,5100.0,2026-04-15,186291307,152,Infinity Securities Limited,Agrawal Securities (PVT) Ltd.,2026-04-15 11:07:17.028490,National Hydro Power Company Limited
2026041504000779,NHPC,70,49,1000,340.0,340000.0,2026-04-15,186291309,152,Infinity Securities Limited,Online Securities Pvt. Ltd.,2026-04-15 11:07:17.028731,National Hydro Power Company Limited
2026041504000780,NHPC,70,58,2000,340.0,680000.0,2026-04-15,186291311,152,Infinity Securities Limited,Naasa Securities Co. Ltd.,2026-04-15 11:07:17.028961,National Hydro Power Company Limited
2026041504000781,NHPC,70,58,926,340.0,314840.0,2026-04-15,186291314,152,Infinity Securities Limited,Naasa Securities Co. Ltd.,2026-04-15 11:07:17.029206,National Hydro Power Company Limited
2026041504000789,NHPC,42,29,100,339.0,33900.0,2026-04-15,186291381,152,Sani Securities Company Ltd.,Trisul Securities & Invt. Ltd.,2026-04-15 11:07:22.743014,National Hydro Power Company Limited
2026041504000790,NHPC,42,58,74,340.0,25160.0,2026-04-15,186291383,152,Sani Securities Company Ltd.,Naasa Securities Co. Ltd.,2026-04-15 11:07:22.743220,National Hydro Power Company Limited
2026041504000791,NHPC,42,46,70,340.0,23800.0,2026-04-15,186291385,152,Sani Securities Company Ltd.,Kalika Securities Pvt. Ltd.,2026-04-15 11:07:22.743343,National Hydro Power Company Limited
2026041504000792,NHPC,42,25,50,340.0,17000.0,2026-04-15,186291387,152,Sani Securities Company Ltd.,Sweta Securities Private Limited,2026-04-15 11:07:22.743424,National Hydro Power Company Limited
2026041504000793,NHPC,42,25,250,340.0,85000.0,2026-04-15,186291389,152,Sani Securities Company Ltd.,Sweta Securities Private Limited,2026-04-15 11:07:22.743513,National Hydro Power Company Limited
2026041504000794,NHPC,42,7,260,340.0,88400.0,2026-04-15,186291391,152,Sani Securities Company Ltd.,J.F. Securites (PVT) Ltd.,2026-04-15 11:07:22.743594,National Hydro Power Company Limited
2026041504000795,NHPC,42,54,178,340.0,60520.0,2026-04-15,186291393,152,Sani Securities Company Ltd.,Sewa Securities Pvt. Ltd.,2026-04-15 11:07:22.743673,National Hydro Power Company Limited
2026041504000796,NHPC,42,34,18,340.0,6120.0,2026-04-15,186291396,152,Sani Securities Company Ltd.,Vision Securities Pvt. Ltd,2026-04-15 11:07:22.743749,National Hydro Power Company Limited
2026041504000810,NHPC,66,52,500,339.9,169950.0,2026-04-15,186291442,152,Miyo Securities Pvt Ltd,Sundhara Securities Limited,2026-04-15 11:07:26.157509,National Hydro Power Company Limited
2026041504000811,NHPC,29,14,10,338.9,3389.0,2026-04-15,186291443,152,Trisul Securities & Invt. Ltd.,Nepal Stock House (PVT) Ltd.,2026-04-15 11:07:26.194605,National Hydro Power Company Limited
2026041504000814,NHPC,29,80,190,338.9,64391.0,2026-04-15,186291474,152,Trisul Securities & Invt. Ltd.,Indira securities pvt. ltd,2026-04-15 11:07:27.921877,National Hydro Power Company Limited
2026041504000815,NHPC,74,80,10,338.1,3381.0,2026-04-15,186291475,152,KALASH STOCK MARKET PVT. LTD.,Indira securities pvt. ltd,2026-04-15 11:07:27.921982,National Hydro Power Company Limited
2026041504000821,NHPC,44,58,100,339.0,33900.0,2026-04-15,186291572,152,Dynamic Money Managers Securities Pvt. Ltd.,Naasa Securities Co. Ltd.,2026-04-15 11:07:31.985499,National Hydro Power Company Limited
2026041504000822,NHPC,64,58,500,339.0,169500.0,2026-04-15,186291574,152,SUN SECURITIES PVT LTD,Naasa Securities Co. Ltd.,2026-04-15 11:07:32.172598,National Hydro Power Company Limited
2026041504000826,NHPC,6,58,1000,339.0,339000.0,2026-04-15,186291588,152,Agrawal Securities (PVT) Ltd.,Naasa Securities Co. Ltd.,2026-04-15 11:07:32.639675,National Hydro Power Company Limited
2026041504000853,NHPC,65,58,250,339.0,84750.0,2026-04-15,186291730,152,Sharepro Securities Private Limited,Naasa Securities Co. Ltd.,2026-04-15 11:07:44.397687,National Hydro Power Company Limited
2026041504000856,NHPC,42,58,62,339.0,21018.0,2026-04-15,186291760,152,Sani Securities Company Ltd.,Naasa Securities Co. Ltd.,2026-04-15 11:07:46.953441,National Hydro Power Company Limited
2026041504000860,NHPC,74,38,300,338.1,101430.0,2026-04-15,186291805,152,KALASH STOCK MARKET PVT. LTD.,Dipshikha Dhitopatra Karobar Co. Pvt Ltd.,2026-04-15 11:07:49.815031,National Hydro Power Company Limited
2026041504000885,NHPC,64,17,10,338.9,3389.0,2026-04-15,186292085,152,SUN SECURITIES PVT LTD,ABC Securities Private Limited,2026-04-15 11:08:02.855114,National Hydro Power Company Limited
2026041504000886,NHPC,64,58,190,339.0,64410.0,2026-04-15,186292088,152,SUN SECURITIES PVT LTD,Naasa Securities Co. Ltd.,2026-04-15 11:08:02.855318,National Hydro Power Company Limited
2026041504000887,NHPC,74,42,10,338.1,3381.0,2026-04-15,186292089,152,KALASH STOCK MARKET PVT. LTD.,Sani Securities Company Ltd.,2026-04-15 11:08:02.984890,National Hydro Power Company Limited
2026041504000891,NHPC,74,58,680,338.1,229908.0,2026-04-15,186292132,152,KALASH STOCK MARKET PVT. LTD.,Naasa Securities Co. Ltd.,2026-04-15 11:08:06.049736,National Hydro Power Company Limited
2026041504000892,NHPC,58,58,14,338.0,4732.0,2026-04-15,186292134,152,Naasa Securities Co. Ltd.,Naasa Securities Co. Ltd.,2026-04-15 11:08:06.049964,National Hydro Power Company Limited
2026041504000893,NHPC,38,58,592,338.0,200096.0,2026-04-15,186292136,152,Dipshikha Dhitopatra Karobar Co. Pvt Ltd.,Naasa Securities Co. Ltd.,2026-04-15 11:08:06.050068,National Hydro Power Company Limited
2026041504000894,NHPC,6,58,500,338.0,169000.0,2026-04-15,186292138,152,Agrawal Securities (PVT) Ltd.,Naasa Securities Co. Ltd.,2026-04-15 11:08:06.050150,National Hydro Power Company Limited
2026041504000895,NHPC,19,58,500,338.0,169000.0,2026-04-15,186292140,152,Nepal Investment And Securities Trading Private Limited,Naasa Securities Co. Ltd.,2026-04-15 11:08:06.050231,National Hydro Power Company Limited
2026041504000907,NHPC,14,58,33,338.0,11154.0,2026-04-15,186292228,152,Nepal Stock House (PVT) Ltd.,Naasa Securities Co. Ltd.,2026-04-15 11:08:12.992106,National Hydro Power Company Limited
2026041504000909,NHPC,54,68,150,337.0,50550.0,2026-04-15,186292266,152,Sewa Securities Pvt. Ltd.,Elite Stock House Limited,2026-04-15 11:08:14.367945,National Hydro Power Company Limited
2026041504000910,NHPC,57,68,50,337.0,16850.0,2026-04-15,186292268,152,Aryatara Investment & Securities,Elite Stock House Limited,2026-04-15 11:08:14.368212,National Hydro Power Company Limited
2026041504000918,NHPC,58,68,27,337.0,9099.0,2026-04-15,186292332,152,Naasa Securities Co. Ltd.,Elite Stock House Limited,2026-04-15 11:08:20.662689,National Hydro Power Company Limited
2026041504000938,NHPC,58,70,1,337.0,337.0,2026-04-15,186292453,152,Naasa Securities Co. Ltd.,Infinity Securities Limited,2026-04-15 11:08:30.228526,National Hydro Power Company Limited
2026041504000946,NHPC,44,68,50,337.0,16850.0,2026-04-15,186292490,152,Dynamic Money Managers Securities Pvt. Ltd.,Elite Stock House Limited,2026-04-15 11:08:32.127161,National Hydro Power Company Limited
2026041504000951,NHPC,64,68,15,337.0,5055.0,2026-04-15,186292530,152,SUN SECURITIES PVT LTD,Elite Stock House Limited,2026-04-15 11:08:35.264681,National Hydro Power Company Limited
2026041504000954,NHPC,10,29,100,336.1,33610.0,2026-04-15,186292547,152,Pragyan Securities (PVT) Ltd.,Trisul Securities & Invt. Ltd.,2026-04-15 11:08:36.360174,National Hydro Power Company Limited
2026041504000974,NHPC,45,13,20,336.7,6734.0,2026-04-15,186292732,152,Imperial Securities Company Pvt. Ltd.,Thrive Brokerage House Pvt. Ltd,2026-04-15 11:08:49.932734,National Hydro Power Company Limited
2026041504000975,NHPC,20,13,330,336.2,110946.0,2026-04-15,186292733,152,Sipla Securities Private Limited,Thrive Brokerage House Pvt. Ltd,2026-04-15 11:08:49.932920,National Hydro Power Company Limited
2026041504001001,NHPC,58,68,208,337.0,70096.0,2026-04-15,186292997,152,Naasa Securities Co. Ltd.,Elite Stock House Limited,2026-04-15 11:09:10.134520,National Hydro Power Company Limited
2026041504001002,NHPC,58,58,42,338.0,14196.0,2026-04-15,186293000,152,Naasa Securities Co. Ltd.,Naasa Securities Co. Ltd.,2026-04-15 11:09:10.134736,National Hydro Power Company Limited
2026041504001009,NHPC,94,58,500,338.0,169000.0,2026-04-15,186293086,152,K.B.L. Securities Limited ,Naasa Securities Co. Ltd.,2026-04-15 11:09:15.291144,National Hydro Power Company Limited
2026041504001033,NHPC,57,13,20,336.7,6734.0,2026-04-15,186293249,152,Aryatara Investment & Securities,Thrive Brokerage House Pvt. Ltd,2026-04-15 11:09:28.289517,National Hydro Power Company Limited
2026041504001034,NHPC,57,34,30,337.0,10110.0,2026-04-15,186293252,152,Aryatara Investment & Securities,Vision Securities Pvt. Ltd,2026-04-15 11:09:28.289746,National Hydro Power Company Limited
2026041504001035,NHPC,66,34,370,337.0,124690.0,2026-04-15,186293263,152,Miyo Securities Pvt Ltd,Vision Securities Pvt. Ltd,2026-04-15 11:09:28.644270,National Hydro Power Company Limited
2026041504001036,NHPC,66,58,37,338.0,12506.0,2026-04-15,186293265,152,Miyo Securities Pvt Ltd,Naasa Securities Co. Ltd.,2026-04-15 11:09:28.644535,National Hydro Power Company Limited
2026041504001037,NHPC,66,57,100,338.0,33800.0,2026-04-15,186293267,152,Miyo Securities Pvt Ltd,Aryatara Investment & Securities,2026-04-15 11:09:28.644637,National Hydro Power Company Limited
2026041504001038,NHPC,66,57,173,338.0,58474.0,2026-04-15,186293270,152,Miyo Securities Pvt Ltd,Aryatara Investment & Securities,2026-04-15 11:09:28.644734,National Hydro Power Company Limited
2026041504001055,NHPC,53,56,350,337.0,117950.0,2026-04-15,186293376,152,Investment Management Nepal Pvt. Ltd.,Sri Hari Securities Pvt. Ltd.,2026-04-15 11:09:38.564416,National Hydro Power Company Limited
2026041504001056,NHPC,98,56,1000,337.0,337000.0,2026-04-15,186293378,152,Trademow Securities Private Limited,Sri Hari Securities Pvt. Ltd.,2026-04-15 11:09:38.564628,National Hydro Power Company Limited
2026041504001057,NHPC,94,56,105,336.5,35332.5,2026-04-15,186293380,152,K.B.L. Securities Limited ,Sri Hari Securities Pvt. Ltd.,2026-04-15 11:09:38.564741,National Hydro Power Company Limited
2026041504001058,NHPC,81,56,1000,336.4,336400.0,2026-04-15,186293382,152,Aakashbhairab Securities Ltd.,Sri Hari Securities Pvt. Ltd.,2026-04-15 11:09:38.564838,National Hydro Power Company Limited
2026041504001059,NHPC,74,56,100,336.3,33630.0,2026-04-15,186293384,152,KALASH STOCK MARKET PVT. LTD.,Sri Hari Securities Pvt. Ltd.,2026-04-15 11:09:38.564935,National Hydro Power Company Limited
2026041504001060,NHPC,20,56,1195,336.2,401759.0,2026-04-15,186293385,152,Sipla Securities Private Limited,Sri Hari Securities Pvt. Ltd.,2026-04-15 11:09:38.565033,National Hydro Power Company Limited
2026041504001071,NHPC,20,58,475,336.2,159695.0,2026-04-15,186293486,152,Sipla Securities Private Limited,Naasa Securities Co. Ltd.,2026-04-15 11:09:47.051808,National Hydro Power Company Limited
2026041504001072,NHPC,29,58,229,336.2,76989.8,2026-04-15,186293488,152,Trisul Securities & Invt. Ltd.,Naasa Securities Co. Ltd.,2026-04-15 11:09:47.052221,National Hydro Power Company Limited
2026041504001073,NHPC,10,58,200,336.1,67220.0,2026-04-15,186293490,152,Pragyan Securities (PVT) Ltd.,Naasa Securities Co. Ltd.,2026-04-15 11:09:47.052538,National Hydro Power Company Limited
2026041504001074,NHPC,19,58,150,336.1,50415.0,2026-04-15,186293492,152,Nepal Investment And Securities Trading Private Limited,Naasa Securities Co. Ltd.,2026-04-15 11:09:47.052833,National Hydro Power Company Limited
2026041504001075,NHPC,70,58,5000,336.0,1680000.0,2026-04-15,186293494,152,Infinity Securities Limited,Naasa Securities Co. Ltd.,2026-04-15 11:09:47.053123,National Hydro Power Company Limited
2026041504001076,NHPC,58,58,150,336.0,50400.0,2026-04-15,186293496,152,Naasa Securities Co. Ltd.,Naasa Securities Co. Ltd.,2026-04-15 11:09:47.053428,National Hydro Power Company Limited
2026041504001077,NHPC,21,58,796,336.0,267456.0,2026-04-15,186293497,152,Midas Stock Broking Company Private Limited,Naasa Securities Co. Ltd.,2026-04-15 11:09:47.053717,National Hydro Power Company Limited
2026041504001086,NHPC,42,58,1000,336.3,336300.0,2026-04-15,186293594,152,Sani Securities Company Ltd.,Naasa Securities Co. Ltd.,2026-04-15 11:09:53.567618,National Hydro Power Company Limited
2026041504001087,NHPC,11,58,10,336.1,3361.0,2026-04-15,186293596,152,Malla & Malla Stock Broking Company Pvt. Limited,Naasa Securities Co. Ltd.,2026-04-15 11:09:53.567882,National Hydro Power Company Limited
2026041504001088,NHPC,21,58,394,336.0,132384.0,2026-04-15,186293598,152,Midas Stock Broking Company Private Limited,Naasa Securities Co. Ltd.,2026-04-15 11:09:53.568008,National Hydro Power Company Limited
2026041504001089,NHPC,1,58,200,336.0,67200.0,2026-04-15,186293600,152,Kumari Securities Private Limited,Naasa Securities Co. Ltd.,2026-04-15 11:09:53.568108,National Hydro Power Company Limited
2026041504001091,NHPC,57,58,10,336.0,3360.0,2026-04-15,186293652,152,Aryatara Investment & Securities,Naasa Securities Co. Ltd.,2026-04-15 11:09:58.009895,National Hydro Power Company Limited
2026041504001092,NHPC,26,58,500,336.0,168000.0,2026-04-15,186293658,152,Asian Securities Private Ltd.,Naasa Securities Co. Ltd.,2026-04-15 11:09:58.441915,National Hydro Power Company Limited
2026041504001097,NHPC,14,58,33,336.0,11088.0,2026-04-15,186293708,152,Nepal Stock House (PVT) Ltd.,Naasa Securities Co. Ltd.,2026-04-15 11:09:59.099970,National Hydro Power Company Limited
2026041504001111,NHPC,54,58,36,336.0,12096.0,2026-04-15,186293883,152,Sewa Securities Pvt. Ltd.,Naasa Securities Co. Ltd.,2026-04-15 11:10:13.035798,National Hydro Power Company Limited
2026041504001112,NHPC,54,58,104,336.0,34944.0,2026-04-15,186293886,152,Sewa Securities Pvt. Ltd.,Naasa Securities Co. Ltd.,2026-04-15 11:10:13.036099,National Hydro Power Company Limited
2026041504001116,NHPC,71,13,50,335.1,16755.0,2026-04-15,186293943,152,SHUBHAKAMANA SECURITIES PVT. LTD,Thrive Brokerage House Pvt. Ltd,2026-04-15 11:10:16.744199,National Hydro Power Company Limited
2026041504001145,NHPC,71,99,950,335.1,318345.0,2026-04-15,186294048,152,SHUBHAKAMANA SECURITIES PVT. LTD,Prabhu Stock Market Limited,2026-04-15 11:10:22.018370,National Hydro Power Company Limited
2026041504001146,NHPC,58,99,31,335.0,10385.0,2026-04-15,186294050,152,Naasa Securities Co. Ltd.,Prabhu Stock Market Limited,2026-04-15 11:10:22.018647,National Hydro Power Company Limited
2026041504001147,NHPC,58,99,10,335.0,3350.0,2026-04-15,186294052,152,Naasa Securities Co. Ltd.,Prabhu Stock Market Limited,2026-04-15 11:10:22.018790,National Hydro Power Company Limited
2026041504001148,NHPC,40,99,100,335.0,33500.0,2026-04-15,186294054,152,Creative Securities Pvt Ltd,Prabhu Stock Market Limited,2026-04-15 11:10:22.018909,National Hydro Power Company Limited
2026041504001149,NHPC,53,99,150,335.0,50250.0,2026-04-15,186294056,152,Investment Management Nepal Pvt. Ltd.,Prabhu Stock Market Limited,2026-04-15 11:10:22.019021,National Hydro Power Company Limited
2026041504001150,NHPC,56,99,1500,335.0,502500.0,2026-04-15,186294058,152,Sri Hari Securities Pvt. Ltd.,Prabhu Stock Market Limited,2026-04-15 11:10:22.019134,National Hydro Power Company Limited
2026041504001151,NHPC,11,99,10,335.0,3350.0,2026-04-15,186294060,152,Malla & Malla Stock Broking Company Pvt. Limited,Prabhu Stock Market Limited,2026-04-15 11:10:22.019244,National Hydro Power Company Limited
2026041504001152,NHPC,58,99,160,335.0,53600.0,2026-04-15,186294062,152,Naasa Securities Co. Ltd.,Prabhu Stock Market Limited,2026-04-15 11:10:22.019406,National Hydro Power Company Limited
2026041504001153,NHPC,57,99,500,335.0,167500.0,2026-04-15,186294064,152,Aryatara Investment & Securities,Prabhu Stock Market Limited,2026-04-15 11:10:22.019539,National Hydro Power Company Limited
2026041504001154,NHPC,17,99,50,335.0,16750.0,2026-04-15,186294066,152,ABC Securities Private Limited,Prabhu Stock Market Limited,2026-04-15 11:10:22.019658,National Hydro Power Company Limited
2026041504001155,NHPC,38,99,250,335.0,83750.0,2026-04-15,186294068,152,Dipshikha Dhitopatra Karobar Co. Pvt Ltd.,Prabhu Stock Market Limited,2026-04-15 11:10:22.019782,National Hydro Power Company Limited
2026041504001177,NHPC,41,13,1000,334.0,334000.0,2026-04-15,186294312,152,Linch Stock Market Ltd.,Thrive Brokerage House Pvt. Ltd,2026-04-15 11:10:36.798952,National Hydro Power Company Limited
2026041504001178,NHPC,57,13,100,334.0,33400.0,2026-04-15,186294314,152,Aryatara Investment & Securities,Thrive Brokerage House Pvt. Ltd,2026-04-15 11:10:36.799442,National Hydro Power Company Limited
2026041504001179,NHPC,70,13,1000,334.0,334000.0,2026-04-15,186294316,152,Infinity Securities Limited,Thrive Brokerage House Pvt. Ltd,2026-04-15 11:10:36.799780,National Hydro Power Company Limited
2026041504001180,NHPC,34,13,355,334.0,118570.0,2026-04-15,186294318,152,Vision Securities Pvt. Ltd,Thrive Brokerage House Pvt. Ltd,2026-04-15 11:10:36.800092,National Hydro Power Company Limited
2026041504001181,NHPC,42,13,100,334.0,33400.0,2026-04-15,186294320,152,Sani Securities Company Ltd.,Thrive Brokerage House Pvt. Ltd,2026-04-15 11:10:36.800413,National Hydro Power Company Limited
2026041504001182,NHPC,58,13,945,334.0,315630.0,2026-04-15,186294321,152,Naasa Securities Co. Ltd.,Thrive Brokerage House Pvt. Ltd,2026-04-15 11:10:36.800720,National Hydro Power Company Limited
2026041504001210,NHPC,20,99,1200,335.0,402000.0,2026-04-15,186294526,152,Sipla Securities Private Limited,Prabhu Stock Market Limited,2026-04-15 11:10:42.054178,National Hydro Power Company Limited
2026041504001229,NHPC,44,99,10,335.0,3350.0,2026-04-15,186294746,152,Dynamic Money Managers Securities Pvt. Ltd.,Prabhu Stock Market Limited,2026-04-15 11:10:50.839411,National Hydro Power Company Limited
2026041504001240,NHPC,49,99,79,335.0,26465.0,2026-04-15,186294807,152,Online Securities Pvt. Ltd.,Prabhu Stock Market Limited,2026-04-15 11:10:56.383044,National Hydro Power Company Limited
2026041504001241,NHPC,49,50,69,335.0,23115.0,2026-04-15,186294810,152,Online Securities Pvt. Ltd.,Cristal Kanchanjanga Securites Pvt. Ltd.,2026-04-15 11:10:56.383538,National Hydro Power Company Limited
2026041504001248,NHPC,57,50,50,335.0,16750.0,2026-04-15,186294832,152,Aryatara Investment & Securities,Cristal Kanchanjanga Securites Pvt. Ltd.,2026-04-15 11:10:57.963516,National Hydro Power Company Limited
2026041504001254,NHPC,58,58,55,334.0,18370.0,2026-04-15,186294878,152,Naasa Securities Co. Ltd.,Naasa Securities Co. Ltd.,2026-04-15 11:11:02.180209,National Hydro Power Company Limited
2026041504001255,NHPC,25,58,53,334.0,17702.0,2026-04-15,186294879,152,Sweta Securities Private Limited,Naasa Securities Co. Ltd.,2026-04-15 11:11:02.180307,National Hydro Power Company Limited
2026041504001271,NHPC,41,50,20,335.0,6700.0,2026-04-15,186294972,152,Linch Stock Market Ltd.,Cristal Kanchanjanga Securites Pvt. Ltd.,2026-04-15 11:11:10.021851,National Hydro Power Company Limited
2026041504001280,NHPC,25,58,182,334.0,60788.0,2026-04-15,186295032,152,Sweta Securities Private Limited,Naasa Securities Co. Ltd.,2026-04-15 11:11:14.944998,National Hydro Power Company Limited
2026041504001300,NHPC,4,58,200,334.0,66800.0,2026-04-15,186295128,152,Opal Securities Investment (PVT) Ltd.,Naasa Securities Co. Ltd.,2026-04-15 11:11:24.239740,National Hydro Power Company Limited
2026041504001304,NHPC,7,58,14,334.0,4676.0,2026-04-15,186295163,152,J.F. Securites (PVT) Ltd.,Naasa Securities Co. Ltd.,2026-04-15 11:11:27.177531,National Hydro Power Company Limited
2026041504001305,NHPC,7,50,986,335.0,330310.0,2026-04-15,186295166,152,J.F. Securites (PVT) Ltd.,Cristal Kanchanjanga Securites Pvt. Ltd.,2026-04-15 11:11:27.177648,National Hydro Power Company Limited
2026041504001320,NHPC,66,50,175,335.0,58625.0,2026-04-15,186295265,152,Miyo Securities Pvt Ltd,Cristal Kanchanjanga Securites Pvt. Ltd.,2026-04-15 11:11:34.786113,National Hydro Power Company Limited
2026041504001321,NHPC,66,6,140,335.0,46900.0,2026-04-15,186295267,152,Miyo Securities Pvt Ltd,Agrawal Securities (PVT) Ltd.,2026-04-15 11:11:34.786378,National Hydro Power Company Limited
2026041504001322,NHPC,66,99,3085,335.0,1033475.0,2026-04-15,186295270,152,Miyo Securities Pvt Ltd,Prabhu Stock Market Limited,2026-04-15 11:11:34.786497,National Hydro Power Company Limited
2026041504001338,NHPC,58,48,20,334.0,6680.0,2026-04-15,186295341,152,Naasa Securities Co. Ltd.,Trishakti Securities Public Limited,2026-04-15 11:11:37.458242,National Hydro Power Company Limited
2026041504001362,NHPC,58,13,30,334.0,10020.0,2026-04-15,186295535,152,Naasa Securities Co. Ltd.,Thrive Brokerage House Pvt. Ltd,2026-04-15 11:11:45.822705,National Hydro Power Company Limited
2026041504001372,NHPC,58,43,50,334.0,16700.0,2026-04-15,186295636,152,Naasa Securities Co. Ltd.,South Asian Bulls Pvt. Ltd.,2026-04-15 11:11:53.222920,National Hydro Power Company Limited
2026041504001373,NHPC,70,43,1038,334.0,346692.0,2026-04-15,186295637,152,Infinity Securities Limited,South Asian Bulls Pvt. Ltd.,2026-04-15 11:11:53.222990,National Hydro Power Company Limited
2026041504001374,NHPC,100,99,1915,335.0,641525.0,2026-04-15,186295667,152,Sunrise Securities Limited,Prabhu Stock Market Limited,2026-04-15 11:11:55.175917,National Hydro Power Company Limited
2026041504001375,NHPC,100,47,1000,335.0,335000.0,2026-04-15,186295669,152,Sunrise Securities Limited,Neev Securities Pvt. Ltd.,2026-04-15 11:11:55.176565,National Hydro Power Company Limited
2026041504001376,NHPC,100,39,40,335.0,13400.0,2026-04-15,186295671,152,Sunrise Securities Limited,Sumeru Securities Pvt. Ltd.,2026-04-15 11:11:55.176968,National Hydro Power Company Limited
2026041504001377,NHPC,100,58,200,335.0,67000.0,2026-04-15,186295673,152,Sunrise Securities Limited,Naasa Securities Co. Ltd.,2026-04-15 11:11:55.177382,National Hydro Power Company Limited
2026041504001378,NHPC,100,49,50,335.0,16750.0,2026-04-15,186295675,152,Sunrise Securities Limited,Online Securities Pvt. Ltd.,2026-04-15 11:11:55.177799,National Hydro Power Company Limited
2026041504001379,NHPC,100,99,5000,335.0,1675000.0,2026-04-15,186295677,152,Sunrise Securities Limited,Prabhu Stock Market Limited,2026-04-15 11:11:55.178198,National Hydro Power Company Limited
2026041504001382,NHPC,100,67,300,335.0,100500.0,2026-04-15,186295697,152,Sunrise Securities Limited,Property Wiard Limited,2026-04-15 11:11:57.096501,National Hydro Power Company Limited
2026041504001384,NHPC,100,29,302,335.0,101170.0,2026-04-15,186295701,152,Sunrise Securities Limited,Trisul Securities & Invt. Ltd.,2026-04-15 11:11:57.588432,National Hydro Power Company Limited
2026041504001405,NHPC,58,17,250,336.0,84000.0,2026-04-15,186295792,152,Naasa Securities Co. Ltd.,ABC Securities Private Limited,2026-04-15 11:12:06.720996,National Hydro Power Company Limited
2026041504001422,NHPC,58,58,5,337.0,1685.0,2026-04-15,186295931,152,Naasa Securities Co. Ltd.,Naasa Securities Co. Ltd.,2026-04-15 11:12:15.386071,National Hydro Power Company Limited
2026041504001425,NHPC,100,5,1193,335.0,399655.0,2026-04-15,186295948,152,Sunrise Securities Limited,Market Securities & Exchange (PVT) Ltd.,2026-04-15 11:12:17.671236,National Hydro Power Company Limited
2026041504001449,NHPC,7,5,1000,335.0,335000.0,2026-04-15,186296028,152,J.F. Securites (PVT) Ltd.,Market Securities & Exchange (PVT) Ltd.,2026-04-15 11:12:23.822013,National Hydro Power Company Limited
2026041504001454,NHPC,56,34,100,334.1,33410.0,2026-04-15,186296059,152,Sri Hari Securities Pvt. Ltd.,Vision Securities Pvt. Ltd,2026-04-15 11:12:26.591776,National Hydro Power Company Limited
2026041504001467,NHPC,56,5,200,335.0,67000.0,2026-04-15,186296118,152,Sri Hari Securities Pvt. Ltd.,Market Securities & Exchange (PVT) Ltd.,2026-04-15 11:12:29.765672,National Hydro Power Company Limited
2026041504001473,NHPC,19,5,10,335.0,3350.0,2026-04-15,186296184,152,Nepal Investment And Securities Trading Private Limited,Market Securities & Exchange (PVT) Ltd.,2026-04-15 11:12:35.499669,National Hydro Power Company Limited
2026041504001484,NHPC,58,58,10,334.3,3343.0,2026-04-15,186296227,152,Naasa Securities Co. Ltd.,Naasa Securities Co. Ltd.,2026-04-15 11:12:37.829096,National Hydro Power Company Limited
2026041504001506,NHPC,66,5,97,335.0,32495.0,2026-04-15,186296463,152,Miyo Securities Pvt Ltd,Market Securities & Exchange (PVT) Ltd.,2026-04-15 11:12:56.359991,National Hydro Power Company Limited
2026041504001507,NHPC,66,42,3350,335.0,1122250.0,2026-04-15,186296465,152,Miyo Securities Pvt Ltd,Sani Securities Company Ltd.,2026-04-15 11:12:56.360331,National Hydro Power Company Limited
2026041504001508,NHPC,66,34,45,335.0,15075.0,2026-04-15,186296467,152,Miyo Securities Pvt Ltd,Vision Securities Pvt. Ltd,2026-04-15 11:12:56.360510,National Hydro Power Company Limited
2026041504001509,NHPC,66,17,250,336.0,84000.0,2026-04-15,186296469,152,Miyo Securities Pvt Ltd,ABC Securities Private Limited,2026-04-15 11:12:56.360709,National Hydro Power Company Limited
2026041504001510,NHPC,66,25,300,336.0,100800.0,2026-04-15,186296471,152,Miyo Securities Pvt Ltd,Sweta Securities Private Limited,2026-04-15 11:12:56.360891,National Hydro Power Company Limited
2026041504001511,NHPC,66,57,250,336.0,84000.0,2026-04-15,186296473,152,Miyo Securities Pvt Ltd,Aryatara Investment & Securities,2026-04-15 11:12:56.361075,National Hydro Power Company Limited
2026041504001512,NHPC,66,56,413,336.0,138768.0,2026-04-15,186296475,152,Miyo Securities Pvt Ltd,Sri Hari Securities Pvt. Ltd.,2026-04-15 11:12:56.361263,National Hydro Power Company Limited
2026041504001513,NHPC,66,49,50,336.0,16800.0,2026-04-15,186296477,152,Miyo Securities Pvt Ltd,Online Securities Pvt. Ltd.,2026-04-15 11:12:56.361466,National Hydro Power Company Limited
2026041504001514,NHPC,66,21,50,336.0,16800.0,2026-04-15,186296479,152,Miyo Securities Pvt Ltd,Midas Stock Broking Company Private Limited,2026-04-15 11:12:56.361658,National Hydro Power Company Limited
2026041504001515,NHPC,66,6,533,336.0,179088.0,2026-04-15,186296481,152,Miyo Securities Pvt Ltd,Agrawal Securities (PVT) Ltd.,2026-04-15 11:12:56.361849,National Hydro Power Company Limited
2026041504001516,NHPC,66,58,10,336.0,3360.0,2026-04-15,186296483,152,Miyo Securities Pvt Ltd,Naasa Securities Co. Ltd.,2026-04-15 11:12:56.362042,National Hydro Power Company Limited
2026041504001517,NHPC,66,58,202,337.0,68074.0,2026-04-15,186296485,152,Miyo Securities Pvt Ltd,Naasa Securities Co. Ltd.,2026-04-15 11:12:56.362178,National Hydro Power Company Limited
2026041504001518,NHPC,66,34,450,337.0,151650.0,2026-04-15,186296488,152,Miyo Securities Pvt Ltd,Vision Securities Pvt. Ltd,2026-04-15 11:12:56.362330,National Hydro Power Company Limited
2026041504001527,NHPC,57,99,290,335.0,97150.0,2026-04-15,186296636,152,Aryatara Investment & Securities,Prabhu Stock Market Limited,2026-04-15 11:13:09.412942,National Hydro Power Company Limited
2026041504001534,NHPC,34,99,100,335.0,33500.0,2026-04-15,186296682,152,Vision Securities Pvt. Ltd,Prabhu Stock Market Limited,2026-04-15 11:13:15.037768,National Hydro Power Company Limited
2026041504001543,NHPC,45,99,200,335.0,67000.0,2026-04-15,186296770,152,Imperial Securities Company Pvt. Ltd.,Prabhu Stock Market Limited,2026-04-15 11:13:22.563712,National Hydro Power Company Limited
2026041504001545,NHPC,66,99,4410,335.0,1477350.0,2026-04-15,186296779,152,Miyo Securities Pvt Ltd,Prabhu Stock Market Limited,2026-04-15 11:13:24.121654,National Hydro Power Company Limited
2026041504001546,NHPC,66,34,432,337.0,145584.0,2026-04-15,186296783,152,Miyo Securities Pvt Ltd,Vision Securities Pvt. Ltd,2026-04-15 11:13:24.121950,National Hydro Power Company Limited
2026041504001547,NHPC,66,45,500,337.0,168500.0,2026-04-15,186296787,152,Miyo Securities Pvt Ltd,Imperial Securities Company Pvt. Ltd.,2026-04-15 11:13:24.122089,National Hydro Power Company Limited
2026041504001548,NHPC,66,49,50,337.0,16850.0,2026-04-15,186296791,152,Miyo Securities Pvt Ltd,Online Securities Pvt. Ltd.,2026-04-15 11:13:24.122226,National Hydro Power Company Limited
2026041504001549,NHPC,66,22,280,337.0,94360.0,2026-04-15,186296793,152,Miyo Securities Pvt Ltd,Siprabi Securities Pvt. Ltd.,2026-04-15 11:13:24.122383,National Hydro Power Company Limited
2026041504001550,NHPC,66,29,100,337.0,33700.0,2026-04-15,186296795,152,Miyo Securities Pvt Ltd,Trisul Securities & Invt. Ltd.,2026-04-15 11:13:24.122529,National Hydro Power Company Limited
2026041504001570,NHPC,66,5,228,337.0,76836.0,2026-04-15,186296997,152,Miyo Securities Pvt Ltd,Market Securities & Exchange (PVT) Ltd.,2026-04-15 11:13:43.606361,National Hydro Power Company Limited
2026041504001630,NHPC,58,5,490,335.3,164297.0,2026-04-15,186297380,152,Naasa Securities Co. Ltd.,Market Securities & Exchange (PVT) Ltd.,2026-04-15 11:14:09.353031,National Hydro Power Company Limited
2026041504001631,NHPC,10,5,500,335.2,167600.0,2026-04-15,186297382,152,Pragyan Securities (PVT) Ltd.,Market Securities & Exchange (PVT) Ltd.,2026-04-15 11:14:09.353699,National Hydro Power Company Limited
2026041504001632,NHPC,40,5,250,335.1,83775.0,2026-04-15,186297384,152,Creative Securities Pvt Ltd,Market Securities & Exchange (PVT) Ltd.,2026-04-15 11:14:09.354183,National Hydro Power Company Limited
2026041504001633,NHPC,100,5,32,335.0,10720.0,2026-04-15,186297385,152,Sunrise Securities Limited,Market Securities & Exchange (PVT) Ltd.,2026-04-15 11:14:09.354659,National Hydro Power Company Limited
2026041504001656,NHPC,100,99,2968,335.0,994280.0,2026-04-15,186297476,152,Sunrise Securities Limited,Prabhu Stock Market Limited,2026-04-15 11:14:16.160997,National Hydro Power Company Limited
2026041504001657,NHPC,56,99,50,335.0,16750.0,2026-04-15,186297478,152,Sri Hari Securities Pvt. Ltd.,Prabhu Stock Market Limited,2026-04-15 11:14:16.161376,National Hydro Power Company Limited
2026041504001658,NHPC,41,99,1000,335.0,335000.0,2026-04-15,186297480,152,Linch Stock Market Ltd.,Prabhu Stock Market Limited,2026-04-15 11:14:16.161543,National Hydro Power Company Limited
2026041504001659,NHPC,49,99,1000,335.0,335000.0,2026-04-15,186297482,152,Online Securities Pvt. Ltd.,Prabhu Stock Market Limited,2026-04-15 11:14:16.161713,National Hydro Power Company Limited
2026041504001660,NHPC,58,99,500,335.0,167500.0,2026-04-15,186297484,152,Naasa Securities Co. Ltd.,Prabhu Stock Market Limited,2026-04-15 11:14:16.161900,National Hydro Power Company Limited
2026041504001661,NHPC,25,99,500,335.0,167500.0,2026-04-15,186297486,152,Sweta Securities Private Limited,Prabhu Stock Market Limited,2026-04-15 11:14:16.162065,National Hydro Power Company Limited
2026041504001662,NHPC,70,99,3982,335.0,1333970.0,2026-04-15,186297487,152,Infinity Securities Limited,Prabhu Stock Market Limited,2026-04-15 11:14:16.162260,National Hydro Power Company Limited
2026041504001714,NHPC,66,42,500,336.0,168000.0,2026-04-15,186297945,152,Miyo Securities Pvt Ltd,Sani Securities Company Ltd.,2026-04-15 11:14:57.062830,National Hydro Power Company Limited
2026041504001715,NHPC,66,13,150,336.9,50535.0,2026-04-15,186297947,152,Miyo Securities Pvt Ltd,Thrive Brokerage House Pvt. Ltd,2026-04-15 11:14:57.062893,National Hydro Power Company Limited
2026041504001716,NHPC,66,49,83,337.0,27971.0,2026-04-15,186297949,152,Miyo Securities Pvt Ltd,Online Securities Pvt. Ltd.,2026-04-15 11:14:57.062922,National Hydro Power Company Limited
2026041504001717,NHPC,66,49,300,337.0,101100.0,2026-04-15,186297951,152,Miyo Securities Pvt Ltd,Online Securities Pvt. Ltd.,2026-04-15 11:14:57.062943,National Hydro Power Company Limited
2026041504001718,NHPC,66,32,961,337.0,323857.0,2026-04-15,186297953,152,Miyo Securities Pvt Ltd,Premier Securities Company Ltd.,2026-04-15 11:14:57.062963,National Hydro Power Company Limited
2026041504001719,NHPC,66,47,100,337.9,33790.0,2026-04-15,186297955,152,Miyo Securities Pvt Ltd,Neev Securities Pvt. Ltd.,2026-04-15 11:14:57.062990,National Hydro Power Company Limited
2026041504001720,NHPC,66,38,280,337.9,94612.0,2026-04-15,186297957,152,Miyo Securities Pvt Ltd,Dipshikha Dhitopatra Karobar Co. Pvt Ltd.,2026-04-15 11:14:57.063011,National Hydro Power Company Limited
2026041504001721,NHPC,66,57,757,338.0,255866.0,2026-04-15,186297959,152,Miyo Securities Pvt Ltd,Aryatara Investment & Securities,2026-04-15 11:14:57.063035,National Hydro Power Company Limited
2026041504001722,NHPC,66,42,500,338.0,169000.0,2026-04-15,186297961,152,Miyo Securities Pvt Ltd,Sani Securities Company Ltd.,2026-04-15 11:14:57.063057,National Hydro Power Company Limited
2026041504001723,NHPC,66,49,20,338.0,6760.0,2026-04-15,186297963,152,Miyo Securities Pvt Ltd,Online Securities Pvt. Ltd.,2026-04-15 11:14:57.063080,National Hydro Power Company Limited
2026041504001724,NHPC,66,54,655,338.0,221390.0,2026-04-15,186297965,152,Miyo Securities Pvt Ltd,Sewa Securities Pvt. Ltd.,2026-04-15 11:14:57.063100,National Hydro Power Company Limited
2026041504001725,NHPC,66,49,1846,338.0,623948.0,2026-04-15,186297967,152,Miyo Securities Pvt Ltd,Online Securities Pvt. Ltd.,2026-04-15 11:14:57.063120,National Hydro Power Company Limited
2026041504001726,NHPC,66,50,10,338.0,3380.0,2026-04-15,186297969,152,Miyo Securities Pvt Ltd,Cristal Kanchanjanga Securites Pvt. Ltd.,2026-04-15 11:14:57.063142,National Hydro Power Company Limited
2026041504001727,NHPC,66,58,100,338.0,33800.0,2026-04-15,186297971,152,Miyo Securities Pvt Ltd,Naasa Securities Co. Ltd.,2026-04-15 11:14:57.063161,National Hydro Power Company Limited
2026041504001728,NHPC,66,39,400,338.0,135200.0,2026-04-15,186297973,152,Miyo Securities Pvt Ltd,Sumeru Securities Pvt. Ltd.,2026-04-15 11:14:57.063182,National Hydro Power Company Limited
2026041504001729,NHPC,66,21,10,338.1,3381.0,2026-04-15,186297975,152,Miyo Securities Pvt Ltd,Midas Stock Broking Company Private Limited,2026-04-15 11:14:57.063203,National Hydro Power Company Limited
2026041504001730,NHPC,66,21,10,338.2,3382.0,2026-04-15,186297977,152,Miyo Securities Pvt Ltd,Midas Stock Broking Company Private Limited,2026-04-15 11:14:57.063223,National Hydro Power Company Limited
2026041504001731,NHPC,66,21,10,338.3,3383.0,2026-04-15,186297979,152,Miyo Securities Pvt Ltd,Midas Stock Broking Company Private Limited,2026-04-15 11:14:57.063247,National Hydro Power Company Limited
2026041504001732,NHPC,66,71,100,339.0,33900.0,2026-04-15,186297981,152,Miyo Securities Pvt Ltd,SHUBHAKAMANA SECURITIES PVT. LTD,2026-04-15 11:14:57.063268,National Hydro Power Company Limited
2026041504001733,NHPC,66,28,950,339.0,322050.0,2026-04-15,186297983,152,Miyo Securities Pvt Ltd,Shree Krishna Securities Ltd.,2026-04-15 11:14:57.063293,National Hydro Power Company Limited
2026041504001734,NHPC,66,49,500,339.0,169500.0,2026-04-15,186297985,152,Miyo Securities Pvt Ltd,Online Securities Pvt. Ltd.,2026-04-15 11:14:57.063328,National Hydro Power Company Limited
2026041504001735,NHPC,66,54,500,339.0,169500.0,2026-04-15,186297987,152,Miyo Securities Pvt Ltd,Sewa Securities Pvt. Ltd.,2026-04-15 11:14:57.063357,National Hydro Power Company Limited
2026041504001736,NHPC,66,35,10,339.0,3390.0,2026-04-15,186297989,152,Miyo Securities Pvt Ltd,Kohinoor Investment & Securities Pvt. Ltd.,2026-04-15 11:14:57.063394,National Hydro Power Company Limited
2026041504001737,NHPC,66,50,300,339.0,101700.0,2026-04-15,186297991,152,Miyo Securities Pvt Ltd,Cristal Kanchanjanga Securites Pvt. Ltd.,2026-04-15 11:14:57.063415,National Hydro Power Company Limited
2026041504001738,NHPC,66,80,33,339.0,11187.0,2026-04-15,186297993,152,Miyo Securities Pvt Ltd,Indira securities pvt. ltd,2026-04-15 11:14:57.063435,National Hydro Power Company Limited
2026041504001739,NHPC,66,56,500,339.0,169500.0,2026-04-15,186297995,152,Miyo Securities Pvt Ltd,Sri Hari Securities Pvt. Ltd.,2026-04-15 11:14:57.063456,National Hydro Power Company Limited
2026041504001740,NHPC,66,13,100,339.9,33990.0,2026-04-15,186297997,152,Miyo Securities Pvt Ltd,Thrive Brokerage House Pvt. Ltd,2026-04-15 11:14:57.063475,National Hydro Power Company Limited
2026041504001741,NHPC,66,50,78,339.9,26512.2,2026-04-15,186297999,152,Miyo Securities Pvt Ltd,Cristal Kanchanjanga Securites Pvt. Ltd.,2026-04-15 11:14:57.063496,National Hydro Power Company Limited
2026041504001742,NHPC,66,58,237,339.9,80556.3,2026-04-15,186298002,152,Miyo Securities Pvt Ltd,Naasa Securities Co. Ltd.,2026-04-15 11:14:57.063517,National Hydro Power Company Limited
2026041504001785,NHPC,91,45,10,336.0,3360.0,2026-04-15,186298312,152,Citizens Share Broker Limited,Imperial Securities Company Pvt. Ltd.,2026-04-15 11:15:26.227005,National Hydro Power Company Limited
2026041504001825,NHPC,34,42,10,336.0,3360.0,2026-04-15,186298564,152,Vision Securities Pvt. Ltd,Sani Securities Company Ltd.,2026-04-15 11:15:44.122534,National Hydro Power Company Limited
2026041504001826,NHPC,49,42,100,336.0,33600.0,2026-04-15,186298566,152,Online Securities Pvt. Ltd.,Sani Securities Company Ltd.,2026-04-15 11:15:44.123168,National Hydro Power Company Limited
2026041504001832,NHPC,7,42,90,336.0,30240.0,2026-04-15,186298593,152,J.F. Securites (PVT) Ltd.,Sani Securities Company Ltd.,2026-04-15 11:15:47.532178,National Hydro Power Company Limited
2026041504001861,NHPC,7,67,700,336.1,235270.0,2026-04-15,186298853,152,J.F. Securites (PVT) Ltd.,Property Wiard Limited,2026-04-15 11:16:04.818307,National Hydro Power Company Limited
2026041504001868,NHPC,7,56,100,336.1,33610.0,2026-04-15,186298903,152,J.F. Securites (PVT) Ltd.,Sri Hari Securities Pvt. Ltd.,2026-04-15 11:16:07.315781,National Hydro Power Company Limited
2026041504001890,NHPC,74,70,200,336.2,67240.0,2026-04-15,186299072,152,KALASH STOCK MARKET PVT. LTD.,Infinity Securities Limited,2026-04-15 11:16:17.973860,National Hydro Power Company Limited
2026041504001891,NHPC,7,70,110,336.1,36971.0,2026-04-15,186299074,152,J.F. Securites (PVT) Ltd.,Infinity Securities Limited,2026-04-15 11:16:17.974197,National Hydro Power Company Limited
2026041504001892,NHPC,94,70,100,336.1,33610.0,2026-04-15,186299076,152,K.B.L. Securities Limited ,Infinity Securities Limited,2026-04-15 11:16:17.974374,National Hydro Power Company Limited
2026041504001893,NHPC,58,70,200,336.0,67200.0,2026-04-15,186299078,152,Naasa Securities Co. Ltd.,Infinity Securities Limited,2026-04-15 11:16:17.974540,National Hydro Power Company Limited
2026041504001894,NHPC,58,70,15,336.0,5040.0,2026-04-15,186299080,152,Naasa Securities Co. Ltd.,Infinity Securities Limited,2026-04-15 11:16:17.974708,National Hydro Power Company Limited
2026041504001906,NHPC,64,70,1000,336.0,336000.0,2026-04-15,186299156,152,SUN SECURITIES PVT LTD,Infinity Securities Limited,2026-04-15 11:16:25.287912,National Hydro Power Company Limited
2026041504001909,NHPC,58,70,34,336.0,11424.0,2026-04-15,186299248,152,Naasa Securities Co. Ltd.,Infinity Securities Limited,2026-04-15 11:16:27.630727,National Hydro Power Company Limited
2026041504001910,NHPC,58,70,20,336.0,6720.0,2026-04-15,186299250,152,Naasa Securities Co. Ltd.,Infinity Securities Limited,2026-04-15 11:16:27.635145,National Hydro Power Company Limited
2026041504001912,NHPC,26,70,3321,336.0,1115856.0,2026-04-15,186299255,152,Asian Securities Private Ltd.,Infinity Securities Limited,2026-04-15 11:16:27.857556,National Hydro Power Company Limited
2026041504001953,NHPC,7,13,100,337.9,33790.0,2026-04-15,186299599,152,J.F. Securites (PVT) Ltd.,Thrive Brokerage House Pvt. Ltd,2026-04-15 11:17:02.001737,National Hydro Power Company Limited
2026041504001954,NHPC,7,71,200,338.0,67600.0,2026-04-15,186299601,152,J.F. Securites (PVT) Ltd.,SHUBHAKAMANA SECURITIES PVT. LTD,2026-04-15 11:17:02.002547,National Hydro Power Company Limited
2026041504001955,NHPC,7,57,400,338.0,135200.0,2026-04-15,186299603,152,J.F. Securites (PVT) Ltd.,Aryatara Investment & Securities,2026-04-15 11:17:02.003113,National Hydro Power Company Limited
2026041504001956,NHPC,7,38,300,338.0,101400.0,2026-04-15,186299606,152,J.F. Securites (PVT) Ltd.,Dipshikha Dhitopatra Karobar Co. Pvt Ltd.,2026-04-15 11:17:02.003674,National Hydro Power Company Limited
2026041504001957,NHPC,43,38,10,338.0,3380.0,2026-04-15,186299618,152,South Asian Bulls Pvt. Ltd.,Dipshikha Dhitopatra Karobar Co. Pvt Ltd.,2026-04-15 11:17:03.235286,National Hydro Power Company Limited
2026041504001973,NHPC,57,62,300,337.5,101250.0,2026-04-15,186299711,152,Aryatara Investment & Securities,Capital Max Securities Ltd,2026-04-15 11:17:08.238782,National Hydro Power Company Limited
2026041504001974,NHPC,57,35,100,337.5,33750.0,2026-04-15,186299714,152,Aryatara Investment & Securities,Kohinoor Investment & Securities Pvt. Ltd.,2026-04-15 11:17:10.035604,National Hydro Power Company Limited
2026041504001975,NHPC,61,35,700,337.0,235900.0,2026-04-15,186299715,152,BHOLE GANESH SECURITIES LTD,Kohinoor Investment & Securities Pvt. Ltd.,2026-04-15 11:17:10.036372,National Hydro Power Company Limited
2026041504001977,NHPC,61,58,100,337.0,33700.0,2026-04-15,186299722,152,BHOLE GANESH SECURITIES LTD,Naasa Securities Co. Ltd.,2026-04-15 11:17:10.909508,National Hydro Power Company Limited
2026041504001978,NHPC,58,58,10,337.0,3370.0,2026-04-15,186299724,152,Naasa Securities Co. Ltd.,Naasa Securities Co. Ltd.,2026-04-15 11:17:10.909903,National Hydro Power Company Limited
2026041504001990,NHPC,35,99,100,336.1,33610.0,2026-04-15,186299800,152,Kohinoor Investment & Securities Pvt. Ltd.,Prabhu Stock Market Limited,2026-04-15 11:17:18.188672,National Hydro Power Company Limited
2026041504001991,NHPC,49,99,1000,336.1,336100.0,2026-04-15,186299802,152,Online Securities Pvt. Ltd.,Prabhu Stock Market Limited,2026-04-15 11:17:18.189483,National Hydro Power Company Limited
2026041504001992,NHPC,26,99,3679,336.0,1236144.0,2026-04-15,186299804,152,Asian Securities Private Ltd.,Prabhu Stock Market Limited,2026-04-15 11:17:18.190037,National Hydro Power Company Limited
2026041504001993,NHPC,58,99,100,336.0,33600.0,2026-04-15,186299806,152,Naasa Securities Co. Ltd.,Prabhu Stock Market Limited,2026-04-15 11:17:18.190593,National Hydro Power Company Limited
2026041504001994,NHPC,42,99,50,336.0,16800.0,2026-04-15,186299808,152,Sani Securities Company Ltd.,Prabhu Stock Market Limited,2026-04-15 11:17:18.191137,National Hydro Power Company Limited
2026041504001995,NHPC,47,99,348,336.0,116928.0,2026-04-15,186299809,152,Neev Securities Pvt. Ltd.,Prabhu Stock Market Limited,2026-04-15 11:17:18.191732,National Hydro Power Company Limited
2026041504001998,NHPC,1,58,240,337.0,80880.0,2026-04-15,186299846,152,Kumari Securities Private Limited,Naasa Securities Co. Ltd.,2026-04-15 11:17:20.930231,National Hydro Power Company Limited
2026041504002030,NHPC,66,19,500,336.5,168250.0,2026-04-15,186300003,152,Miyo Securities Pvt Ltd,Nepal Investment And Securities Trading Private Limited,2026-04-15 11:17:34.410403,National Hydro Power Company Limited
2026041504002031,NHPC,66,47,100,336.9,33690.0,2026-04-15,186300005,152,Miyo Securities Pvt Ltd,Neev Securities Pvt. Ltd.,2026-04-15 11:17:34.410509,National Hydro Power Company Limited
2026041504002032,NHPC,66,58,4650,337.0,1567050.0,2026-04-15,186300007,152,Miyo Securities Pvt Ltd,Naasa Securities Co. Ltd.,2026-04-15 11:17:34.410582,National Hydro Power Company Limited
2026041504002033,NHPC,66,38,190,338.0,64220.0,2026-04-15,186300009,152,Miyo Securities Pvt Ltd,Dipshikha Dhitopatra Karobar Co. Pvt Ltd.,2026-04-15 11:17:34.410671,National Hydro Power Company Limited
2026041504002034,NHPC,66,41,600,338.0,202800.0,2026-04-15,186300011,152,Miyo Securities Pvt Ltd,Linch Stock Market Ltd.,2026-04-15 11:17:34.410746,National Hydro Power Company Limited
2026041504002035,NHPC,66,35,10,338.0,3380.0,2026-04-15,186300013,152,Miyo Securities Pvt Ltd,Kohinoor Investment & Securities Pvt. Ltd.,2026-04-15 11:17:34.410820,National Hydro Power Company Limited
2026041504002036,NHPC,66,65,950,338.0,321100.0,2026-04-15,186300016,152,Miyo Securities Pvt Ltd,Sharepro Securities Private Limited,2026-04-15 11:17:34.410909,National Hydro Power Company Limited
2026041504002041,NHPC,57,58,10,337.0,3370.0,2026-04-15,186300082,152,Aryatara Investment & Securities,Naasa Securities Co. Ltd.,2026-04-15 11:17:42.675566,National Hydro Power Company Limited
2026041504002060,NHPC,75,45,100,336.9,33690.0,2026-04-15,186300164,152,N.I.M.B. Stock Markets Limited,Imperial Securities Company Pvt. Ltd.,2026-04-15 11:17:48.062183,National Hydro Power Company Limited
2026041504002069,NHPC,1,45,500,336.9,168450.0,2026-04-15,186300302,152,Kumari Securities Private Limited,Imperial Securities Company Pvt. Ltd.,2026-04-15 11:18:00.854484,National Hydro Power Company Limited
2026041504002074,NHPC,54,48,90,336.6,30294.0,2026-04-15,186300356,152,Sewa Securities Pvt. Ltd.,Trishakti Securities Public Limited,2026-04-15 11:18:05.930584,National Hydro Power Company Limited
2026041504002075,NHPC,52,48,410,336.5,137965.0,2026-04-15,186300357,152,Sundhara Securities Limited,Trishakti Securities Public Limited,2026-04-15 11:18:05.931364,National Hydro Power Company Limited
2026041504002076,NHPC,21,45,100,336.9,33690.0,2026-04-15,186300366,152,Midas Stock Broking Company Private Limited,Imperial Securities Company Pvt. Ltd.,2026-04-15 11:18:06.444041,National Hydro Power Company Limited
2026041504002092,NHPC,52,25,90,336.5,30285.0,2026-04-15,186300448,152,Sundhara Securities Limited,Sweta Securities Private Limited,2026-04-15 11:18:12.691068,National Hydro Power Company Limited
2026041504002112,NHPC,74,42,200,336.3,67260.0,2026-04-15,186300538,152,KALASH STOCK MARKET PVT. LTD.,Sani Securities Company Ltd.,2026-04-15 11:18:19.586142,National Hydro Power Company Limited
2026041504002113,NHPC,47,42,152,336.0,51072.0,2026-04-15,186300540,152,Neev Securities Pvt. Ltd.,Sani Securities Company Ltd.,2026-04-15 11:18:19.586180,National Hydro Power Company Limited
2026041504002114,NHPC,58,42,10,336.0,3360.0,2026-04-15,186300542,152,Naasa Securities Co. Ltd.,Sani Securities Company Ltd.,2026-04-15 11:18:19.586207,National Hydro Power Company Limited
2026041504002115,NHPC,45,42,300,336.0,100800.0,2026-04-15,186300544,152,Imperial Securities Company Pvt. Ltd.,Sani Securities Company Ltd.,2026-04-15 11:18:19.586234,National Hydro Power Company Limited
2026041504002116,NHPC,58,42,200,336.0,67200.0,2026-04-15,186300546,152,Naasa Securities Co. Ltd.,Sani Securities Company Ltd.,2026-04-15 11:18:19.586259,National Hydro Power Company Limited
2026041504002117,NHPC,62,42,82,335.7,27527.4,2026-04-15,186300548,152,Capital Max Securities Ltd,Sani Securities Company Ltd.,2026-04-15 11:18:19.586282,National Hydro Power Company Limited
2026041504002118,NHPC,66,42,30,335.7,10071.0,2026-04-15,186300550,152,Miyo Securities Pvt Ltd,Sani Securities Company Ltd.,2026-04-15 11:18:19.586306,National Hydro Power Company Limited
2026041504002119,NHPC,44,42,50,335.6,16780.0,2026-04-15,186300552,152,Dynamic Money Managers Securities Pvt. Ltd.,Sani Securities Company Ltd.,2026-04-15 11:18:19.586337,National Hydro Power Company Limited
2026041504002120,NHPC,92,42,596,335.6,200017.6,2026-04-15,186300553,152,Roadshow securities limited,Sani Securities Company Ltd.,2026-04-15 11:18:19.586359,National Hydro Power Company Limited
2026041504002144,NHPC,92,70,2000,335.6,671200.0,2026-04-15,186300865,152,Roadshow securities limited,Infinity Securities Limited,2026-04-15 11:18:38.907186,National Hydro Power Company Limited
2026041504002148,NHPC,34,71,100,335.7,33570.0,2026-04-15,186300957,152,Vision Securities Pvt. Ltd,SHUBHAKAMANA SECURITIES PVT. LTD,2026-04-15 11:18:43.598139,National Hydro Power Company Limited
2026041504002155,NHPC,100,45,500,336.0,168000.0,2026-04-15,186301102,152,Sunrise Securities Limited,Imperial Securities Company Pvt. Ltd.,2026-04-15 11:18:52.863934,National Hydro Power Company Limited
2026041504002167,NHPC,34,58,1200,335.7,402840.0,2026-04-15,186301242,152,Vision Securities Pvt. Ltd,Naasa Securities Co. Ltd.,2026-04-15 11:19:03.823536,National Hydro Power Company Limited
2026041504002168,NHPC,48,58,500,335.7,167850.0,2026-04-15,186301244,152,Trishakti Securities Public Limited,Naasa Securities Co. Ltd.,2026-04-15 11:19:03.824401,National Hydro Power Company Limited
2026041504002169,NHPC,92,58,3004,335.6,1008142.4,2026-04-15,186301246,152,Roadshow securities limited,Naasa Securities Co. Ltd.,2026-04-15 11:19:03.825026,National Hydro Power Company Limited
2026041504002170,NHPC,92,58,150,335.6,50340.0,2026-04-15,186301248,152,Roadshow securities limited,Naasa Securities Co. Ltd.,2026-04-15 11:19:03.825689,National Hydro Power Company Limited
2026041504002171,NHPC,58,58,10000,335.6,3356000.0,2026-04-15,186301250,152,Naasa Securities Co. Ltd.,Naasa Securities Co. Ltd.,2026-04-15 11:19:03.826297,National Hydro Power Company Limited
2026041504002172,NHPC,34,58,1111,335.5,372740.5,2026-04-15,186301252,152,Vision Securities Pvt. Ltd,Naasa Securities Co. Ltd.,2026-04-15 11:19:03.826930,National Hydro Power Company Limited
2026041504002173,NHPC,58,58,9035,335.5,3031242.5,2026-04-15,186301253,152,Naasa Securities Co. Ltd.,Naasa Securities Co. Ltd.,2026-04-15 11:19:03.827544,National Hydro Power Company Limited
2026041504002176,NHPC,7,58,1000,336.0,336000.0,2026-04-15,186301286,152,J.F. Securites (PVT) Ltd.,Naasa Securities Co. Ltd.,2026-04-15 11:19:09.354953,National Hydro Power Company Limited
2026041504002177,NHPC,58,58,965,335.5,323757.5,2026-04-15,186301288,152,Naasa Securities Co. Ltd.,Naasa Securities Co. Ltd.,2026-04-15 11:19:09.355364,National Hydro Power Company Limited
2026041504002178,NHPC,48,58,2000,335.4,670800.0,2026-04-15,186301290,152,Trishakti Securities Public Limited,Naasa Securities Co. Ltd.,2026-04-15 11:19:09.355577,National Hydro Power Company Limited
2026041504002179,NHPC,70,58,1025,335.4,343785.0,2026-04-15,186301291,152,Infinity Securities Limited,Naasa Securities Co. Ltd.,2026-04-15 11:19:09.355784,National Hydro Power Company Limited
2026041504002180,NHPC,34,45,300,336.4,100920.0,2026-04-15,186301297,152,Vision Securities Pvt. Ltd,Imperial Securities Company Pvt. Ltd.,2026-04-15 11:19:10.114552,National Hydro Power Company Limited
2026041504002181,NHPC,34,25,10,336.5,3365.0,2026-04-15,186301299,152,Vision Securities Pvt. Ltd,Sweta Securities Private Limited,2026-04-15 11:19:10.114956,National Hydro Power Company Limited
2026041504002182,NHPC,34,49,63,336.5,21199.5,2026-04-15,186301301,152,Vision Securities Pvt. Ltd,Online Securities Pvt. Ltd.,2026-04-15 11:19:10.115163,National Hydro Power Company Limited
2026041504002188,NHPC,58,19,500,336.8,168400.0,2026-04-15,186301343,152,Naasa Securities Co. Ltd.,Nepal Investment And Securities Trading Private Limited,2026-04-15 11:19:14.469679,National Hydro Power Company Limited
2026041504002189,NHPC,58,57,2000,336.8,673600.0,2026-04-15,186301346,152,Naasa Securities Co. Ltd.,Aryatara Investment & Securities,2026-04-15 11:19:14.470532,National Hydro Power Company Limited
2026041504002196,NHPC,34,42,3800,336.5,1278700.0,2026-04-15,186301378,152,Vision Securities Pvt. Ltd,Sani Securities Company Ltd.,2026-04-15 11:19:17.918237,National Hydro Power Company Limited
2026041504002212,NHPC,70,48,210,335.4,70434.0,2026-04-15,186301467,152,Infinity Securities Limited,Trishakti Securities Public Limited,2026-04-15 11:19:28.023018,National Hydro Power Company Limited
2026041504002275,NHPC,48,58,500,335.5,167750.0,2026-04-15,186301820,152,Trishakti Securities Public Limited,Naasa Securities Co. Ltd.,2026-04-15 11:19:49.529136,National Hydro Power Company Limited
2026041504002276,NHPC,70,58,3745,335.4,1256073.0,2026-04-15,186301822,152,Infinity Securities Limited,Naasa Securities Co. Ltd.,2026-04-15 11:19:49.529975,National Hydro Power Company Limited
2026041504002277,NHPC,13,58,500,335.3,167650.0,2026-04-15,186301824,152,Thrive Brokerage House Pvt. Ltd,Naasa Securities Co. Ltd.,2026-04-15 11:19:49.530606,National Hydro Power Company Limited
2026041504002278,NHPC,56,58,1900,335.2,636880.0,2026-04-15,186301826,152,Sri Hari Securities Pvt. Ltd.,Naasa Securities Co. Ltd.,2026-04-15 11:19:49.531239,National Hydro Power Company Limited
2026041504002279,NHPC,74,58,200,335.1,67020.0,2026-04-15,186301828,152,KALASH STOCK MARKET PVT. LTD.,Naasa Securities Co. Ltd.,2026-04-15 11:19:49.531841,National Hydro Power Company Limited
2026041504002280,NHPC,41,58,1000,335.0,335000.0,2026-04-15,186301830,152,Linch Stock Market Ltd.,Naasa Securities Co. Ltd.,2026-04-15 11:19:49.532467,National Hydro Power Company Limited
2026041504002281,NHPC,58,58,200,335.0,67000.0,2026-04-15,186301832,152,Naasa Securities Co. Ltd.,Naasa Securities Co. Ltd.,2026-04-15 11:19:49.533064,National Hydro Power Company Limited
2026041504002282,NHPC,26,58,50,335.0,16750.0,2026-04-15,186301834,152,Asian Securities Private Ltd.,Naasa Securities Co. Ltd.,2026-04-15 11:19:49.533677,National Hydro Power Company Limited
2026041504002283,NHPC,18,58,50,335.0,16750.0,2026-04-15,186301836,152,Sagarmatha Securities Private Limited,Naasa Securities Co. Ltd.,2026-04-15 11:19:49.534273,National Hydro Power Company Limited
2026041504002284,NHPC,7,58,1000,335.0,335000.0,2026-04-15,186301838,152,J.F. Securites (PVT) Ltd.,Naasa Securities Co. Ltd.,2026-04-15 11:19:49.534881,National Hydro Power Company Limited
2026041504002285,NHPC,25,58,10,335.0,3350.0,2026-04-15,186301840,152,Sweta Securities Private Limited,Naasa Securities Co. Ltd.,2026-04-15 11:19:49.535498,National Hydro Power Company Limited
2026041504002286,NHPC,57,58,845,335.0,283075.0,2026-04-15,186301841,152,Aryatara Investment & Securities,Naasa Securities Co. Ltd.,2026-04-15 11:19:49.536092,National Hydro Power Company Limited
2026041504002288,NHPC,57,47,155,335.0,51925.0,2026-04-15,186301868,152,Aryatara Investment & Securities,Neev Securities Pvt. Ltd.,2026-04-15 11:19:52.001449,National Hydro Power Company Limited
2026041504002289,NHPC,57,47,60,335.0,20100.0,2026-04-15,186301870,152,Aryatara Investment & Securities,Neev Securities Pvt. Ltd.,2026-04-15 11:19:52.001542,National Hydro Power Company Limited
2026041504002290,NHPC,20,47,1800,334.4,601920.0,2026-04-15,186301872,152,Sipla Securities Private Limited,Neev Securities Pvt. Ltd.,2026-04-15 11:19:52.001618,National Hydro Power Company Limited
2026041504002291,NHPC,64,47,150,334.0,50100.0,2026-04-15,186301874,152,SUN SECURITIES PVT LTD,Neev Securities Pvt. Ltd.,2026-04-15 11:19:52.001698,National Hydro Power Company Limited
2026041504002292,NHPC,70,47,1000,334.0,334000.0,2026-04-15,186301876,152,Infinity Securities Limited,Neev Securities Pvt. Ltd.,2026-04-15 11:19:52.001770,National Hydro Power Company Limited
2026041504002293,NHPC,26,47,300,334.0,100200.0,2026-04-15,186301878,152,Asian Securities Private Ltd.,Neev Securities Pvt. Ltd.,2026-04-15 11:19:52.001842,National Hydro Power Company Limited
2026041504002294,NHPC,35,47,43,334.0,14362.0,2026-04-15,186301880,152,Kohinoor Investment & Securities Pvt. Ltd.,Neev Securities Pvt. Ltd.,2026-04-15 11:19:52.001913,National Hydro Power Company Limited
2026041504002295,NHPC,58,47,200,334.0,66800.0,2026-04-15,186301882,152,Naasa Securities Co. Ltd.,Neev Securities Pvt. Ltd.,2026-04-15 11:19:52.001983,National Hydro Power Company Limited
2026041504002296,NHPC,49,47,15,333.5,5002.5,2026-04-15,186301884,152,Online Securities Pvt. Ltd.,Neev Securities Pvt. Ltd.,2026-04-15 11:19:52.002043,National Hydro Power Company Limited
2026041504002297,NHPC,29,47,60,333.5,20010.0,2026-04-15,186301886,152,Trisul Securities & Invt. Ltd.,Neev Securities Pvt. Ltd.,2026-04-15 11:19:52.002119,National Hydro Power Company Limited
2026041504002298,NHPC,70,47,217,333.2,72304.4,2026-04-15,186301887,152,Infinity Securities Limited,Neev Securities Pvt. Ltd.,2026-04-15 11:19:52.002182,National Hydro Power Company Limited
2026041504002330,NHPC,58,40,56,335.0,18760.0,2026-04-15,186302077,152,Naasa Securities Co. Ltd.,Creative Securities Pvt Ltd,2026-04-15 11:20:02.684983,National Hydro Power Company Limited
2026041504002331,NHPC,58,65,194,335.0,64990.0,2026-04-15,186302080,152,Naasa Securities Co. Ltd.,Sharepro Securities Private Limited,2026-04-15 11:20:02.685459,National Hydro Power Company Limited
2026041504002368,NHPC,49,42,50,334.0,16700.0,2026-04-15,186302567,152,Online Securities Pvt. Ltd.,Sani Securities Company Ltd.,2026-04-15 11:20:25.331841,National Hydro Power Company Limited
2026041504002372,NHPC,49,33,60,334.0,20040.0,2026-04-15,186302602,152,Online Securities Pvt. Ltd.,Dakshinkali Investment & Securities Pvt. Ltd.,2026-04-15 11:20:27.665037,National Hydro Power Company Limited
2026041504002373,NHPC,6,33,190,333.5,63365.0,2026-04-15,186302603,152,Agrawal Securities (PVT) Ltd.,Dakshinkali Investment & Securities Pvt. Ltd.,2026-04-15 11:20:27.665893,National Hydro Power Company Limited
2026041504002378,NHPC,6,40,56,333.6,18681.6,2026-04-15,186302661,152,Agrawal Securities (PVT) Ltd.,Creative Securities Pvt Ltd,2026-04-15 11:20:32.106321,National Hydro Power Company Limited
2026041504002390,NHPC,58,36,500,333.7,166850.0,2026-04-15,186302783,152,Naasa Securities Co. Ltd.,Secured Securities Ltd.,2026-04-15 11:20:40.852162,National Hydro Power Company Limited
2026041504002395,NHPC,6,98,585,333.6,195156.0,2026-04-15,186302909,152,Agrawal Securities (PVT) Ltd.,Trademow Securities Private Limited,2026-04-15 11:20:43.397684,National Hydro Power Company Limited
2026041504002417,NHPC,6,58,1359,333.6,453362.4,2026-04-15,186303026,152,Agrawal Securities (PVT) Ltd.,Naasa Securities Co. Ltd.,2026-04-15 11:20:52.617081,National Hydro Power Company Limited
2026041504002418,NHPC,34,58,67,333.6,22351.2,2026-04-15,186303028,152,Vision Securities Pvt. Ltd,Naasa Securities Co. Ltd.,2026-04-15 11:20:52.617514,National Hydro Power Company Limited
2026041504002419,NHPC,6,58,1810,333.5,603635.0,2026-04-15,186303030,152,Agrawal Securities (PVT) Ltd.,Naasa Securities Co. Ltd.,2026-04-15 11:20:52.617738,National Hydro Power Company Limited
2026041504002420,NHPC,60,58,2400,333.4,800160.0,2026-04-15,186303032,152,Nagarik Stock Dealer ,Naasa Securities Co. Ltd.,2026-04-15 11:20:52.617955,National Hydro Power Company Limited
2026041504002421,NHPC,70,58,783,333.2,260895.6,2026-04-15,186303034,152,Infinity Securities Limited,Naasa Securities Co. Ltd.,2026-04-15 11:20:52.618181,National Hydro Power Company Limited
2026041504002422,NHPC,36,58,300,333.1,99930.0,2026-04-15,186303036,152,Secured Securities Ltd.,Naasa Securities Co. Ltd.,2026-04-15 11:20:52.618417,National Hydro Power Company Limited
2026041504002423,NHPC,57,58,100,333.1,33310.0,2026-04-15,186303038,152,Aryatara Investment & Securities,Naasa Securities Co. Ltd.,2026-04-15 11:20:52.618636,National Hydro Power Company Limited
2026041504002424,NHPC,74,58,1500,333.0,499500.0,2026-04-15,186303040,152,KALASH STOCK MARKET PVT. LTD.,Naasa Securities Co. Ltd.,2026-04-15 11:20:52.618866,National Hydro Power Company Limited
2026041504002425,NHPC,17,58,100,333.0,33300.0,2026-04-15,186303042,152,ABC Securities Private Limited,Naasa Securities Co. Ltd.,2026-04-15 11:20:52.619093,National Hydro Power Company Limited
2026041504002426,NHPC,6,58,1000,333.0,333000.0,2026-04-15,186303044,152,Agrawal Securities (PVT) Ltd.,Naasa Securities Co. Ltd.,2026-04-15 11:20:52.619321,National Hydro Power Company Limited
2026041504002427,NHPC,58,58,100,333.0,33300.0,2026-04-15,186303046,152,Naasa Securities Co. Ltd.,Naasa Securities Co. Ltd.,2026-04-15 11:20:52.619556,National Hydro Power Company Limited
2026041504002428,NHPC,57,58,1000,333.0,333000.0,2026-04-15,186303048,152,Aryatara Investment & Securities,Naasa Securities Co. Ltd.,2026-04-15 11:20:52.619780,National Hydro Power Company Limited
2026041504002429,NHPC,57,58,50,333.0,16650.0,2026-04-15,186303050,152,Aryatara Investment & Securities,Naasa Securities Co. Ltd.,2026-04-15 11:20:52.620015,National Hydro Power Company Limited
2026041504002430,NHPC,22,58,300,333.0,99900.0,2026-04-15,186303052,152,Siprabi Securities Pvt. Ltd.,Naasa Securities Co. Ltd.,2026-04-15 11:20:52.620243,National Hydro Power Company Limited
2026041504002431,NHPC,58,58,200,333.0,66600.0,2026-04-15,186303054,152,Naasa Securities Co. Ltd.,Naasa Securities Co. Ltd.,2026-04-15 11:20:52.620533,National Hydro Power Company Limited
2026041504002432,NHPC,42,58,1030,333.0,342990.0,2026-04-15,186303056,152,Sani Securities Company Ltd.,Naasa Securities Co. Ltd.,2026-04-15 11:20:52.620808,National Hydro Power Company Limited
2026041504002433,NHPC,76,58,300,333.0,99900.0,2026-04-15,186303058,152,Machhapuchchhre Securities Limited,Naasa Securities Co. Ltd.,2026-04-15 11:20:52.621044,National Hydro Power Company Limited
2026041504002434,NHPC,50,58,1000,333.0,333000.0,2026-04-15,186303060,152,Cristal Kanchanjanga Securites Pvt. Ltd.,Naasa Securities Co. Ltd.,2026-04-15 11:20:52.621262,National Hydro Power Company Limited
2026041504002435,NHPC,7,58,500,333.0,166500.0,2026-04-15,186303062,152,J.F. Securites (PVT) Ltd.,Naasa Securities Co. Ltd.,2026-04-15 11:20:52.621512,National Hydro Power Company Limited
2026041504002437,NHPC,41,58,20,333.0,6660.0,2026-04-15,186303078,152,Linch Stock Market Ltd.,Naasa Securities Co. Ltd.,2026-04-15 11:20:53.459133,National Hydro Power Company Limited
2026041504002439,NHPC,88,58,1000,333.0,333000.0,2026-04-15,186303087,152,Blue Chip Securities Ltd,Naasa Securities Co. Ltd.,2026-04-15 11:20:54.811825,National Hydro Power Company Limited
2026041504002441,NHPC,49,58,500,333.0,166500.0,2026-04-15,186303106,152,Online Securities Pvt. Ltd.,Naasa Securities Co. Ltd.,2026-04-15 11:20:56.127031,National Hydro Power Company Limited
2026041504002471,NHPC,42,7,200,332.1,66420.0,2026-04-15,186303336,152,Sani Securities Company Ltd.,J.F. Securites (PVT) Ltd.,2026-04-15 11:21:08.089552,National Hydro Power Company Limited
2026041504002488,NHPC,45,58,300,332.0,99600.0,2026-04-15,186303490,152,Imperial Securities Company Pvt. Ltd.,Naasa Securities Co. Ltd.,2026-04-15 11:21:18.094397,National Hydro Power Company Limited
2026041504002489,NHPC,92,58,200,332.0,66400.0,2026-04-15,186303492,152,Roadshow securities limited,Naasa Securities Co. Ltd.,2026-04-15 11:21:18.095265,National Hydro Power Company Limited
2026041504002490,NHPC,33,58,50,332.0,16600.0,2026-04-15,186303494,152,Dakshinkali Investment & Securities Pvt. Ltd.,Naasa Securities Co. Ltd.,2026-04-15 11:21:18.095919,National Hydro Power Company Limited
2026041504002491,NHPC,59,58,100,332.0,33200.0,2026-04-15,186303496,152,Deevyaa Securities & Stock House Pvt. Ltd,Naasa Securities Co. Ltd.,2026-04-15 11:21:18.096565,National Hydro Power Company Limited
2026041504002492,NHPC,58,58,10,332.0,3320.0,2026-04-15,186303498,152,Naasa Securities Co. Ltd.,Naasa Securities Co. Ltd.,2026-04-15 11:21:18.097195,National Hydro Power Company Limited
2026041504002493,NHPC,1,58,100,332.0,33200.0,2026-04-15,186303500,152,Kumari Securities Private Limited,Naasa Securities Co. Ltd.,2026-04-15 11:21:18.097828,National Hydro Power Company Limited
2026041504002494,NHPC,49,58,25,332.0,8300.0,2026-04-15,186303502,152,Online Securities Pvt. Ltd.,Naasa Securities Co. Ltd.,2026-04-15 11:21:18.098456,National Hydro Power Company Limited
2026041504002495,NHPC,28,58,215,332.0,71380.0,2026-04-15,186303503,152,Shree Krishna Securities Ltd.,Naasa Securities Co. Ltd.,2026-04-15 11:21:18.099093,National Hydro Power Company Limited
2026041504002496,NHPC,58,7,21,332.1,6974.1,2026-04-15,186303512,152,Naasa Securities Co. Ltd.,J.F. Securites (PVT) Ltd.,2026-04-15 11:21:18.501944,National Hydro Power Company Limited
2026041504002501,NHPC,29,7,79,332.1,26235.9,2026-04-15,186303541,152,Trisul Securities & Invt. Ltd.,J.F. Securites (PVT) Ltd.,2026-04-15 11:21:22.417619,National Hydro Power Company Limited
2026041504002516,NHPC,29,54,200,332.1,66420.0,2026-04-15,186303659,152,Trisul Securities & Invt. Ltd.,Sewa Securities Pvt. Ltd.,2026-04-15 11:21:29.024725,National Hydro Power Company Limited
2026041504002531,NHPC,26,42,100,332.2,33220.0,2026-04-15,186303744,152,Asian Securities Private Ltd.,Sani Securities Company Ltd.,2026-04-15 11:21:35.320508,National Hydro Power Company Limited
2026041504002532,NHPC,29,42,200,332.1,66420.0,2026-04-15,186303745,152,Trisul Securities & Invt. Ltd.,Sani Securities Company Ltd.,2026-04-15 11:21:35.320886,National Hydro Power Company Limited
2026041504002585,NHPC,57,58,100,333.0,33300.0,2026-04-15,186303953,152,Aryatara Investment & Securities,Naasa Securities Co. Ltd.,2026-04-15 11:21:48.325020,National Hydro Power Company Limited
2026041504002594,NHPC,29,50,100,332.1,33210.0,2026-04-15,186304047,152,Trisul Securities & Invt. Ltd.,Cristal Kanchanjanga Securites Pvt. Ltd.,2026-04-15 11:21:54.336443,National Hydro Power Company Limited
2026041504002603,NHPC,29,32,350,332.1,116235.0,2026-04-15,186304155,152,Trisul Securities & Invt. Ltd.,Premier Securities Company Ltd.,2026-04-15 11:22:03.732111,National Hydro Power Company Limited
2026041504002629,NHPC,29,14,500,332.1,166050.0,2026-04-15,186304299,152,Trisul Securities & Invt. Ltd.,Nepal Stock House (PVT) Ltd.,2026-04-15 11:22:15.965724,National Hydro Power Company Limited
2026041504002630,NHPC,46,17,200,332.9,66580.0,2026-04-15,186304301,152,Kalika Securities Pvt. Ltd.,ABC Securities Private Limited,2026-04-15 11:22:16.065280,National Hydro Power Company Limited
2026041504002631,NHPC,46,58,13,333.0,4329.0,2026-04-15,186304304,152,Kalika Securities Pvt. Ltd.,Naasa Securities Co. Ltd.,2026-04-15 11:22:16.065679,National Hydro Power Company Limited
2026041504002647,NHPC,52,63,500,332.2,166100.0,2026-04-15,186304512,152,Sundhara Securities Limited,Himalayan Brokerage Company Limited,2026-04-15 11:22:24.157959,National Hydro Power Company Limited
2026041504002648,NHPC,29,63,3571,332.1,1185929.1,2026-04-15,186304514,152,Trisul Securities & Invt. Ltd.,Himalayan Brokerage Company Limited,2026-04-15 11:22:24.158381,National Hydro Power Company Limited
2026041504002649,NHPC,38,63,200,332.0,66400.0,2026-04-15,186304516,152,Dipshikha Dhitopatra Karobar Co. Pvt Ltd.,Himalayan Brokerage Company Limited,2026-04-15 11:22:24.158596,National Hydro Power Company Limited
2026041504002650,NHPC,58,63,500,332.0,166000.0,2026-04-15,186304518,152,Naasa Securities Co. Ltd.,Himalayan Brokerage Company Limited,2026-04-15 11:22:24.158803,National Hydro Power Company Limited
2026041504002651,NHPC,51,63,50,332.0,16600.0,2026-04-15,186304520,152,Oxford Securities Pvt. Ltd.,Himalayan Brokerage Company Limited,2026-04-15 11:22:24.159014,National Hydro Power Company Limited
2026041504002652,NHPC,57,63,100,332.0,33200.0,2026-04-15,186304522,152,Aryatara Investment & Securities,Himalayan Brokerage Company Limited,2026-04-15 11:22:24.159223,National Hydro Power Company Limited
2026041504002661,NHPC,75,63,79,332.0,26228.0,2026-04-15,186304621,152,N.I.M.B. Stock Markets Limited,Himalayan Brokerage Company Limited,2026-04-15 11:22:31.012347,National Hydro Power Company Limited
2026041504002662,NHPC,75,47,1000,332.0,332000.0,2026-04-15,186304623,152,N.I.M.B. Stock Markets Limited,Neev Securities Pvt. Ltd.,2026-04-15 11:22:31.012823,National Hydro Power Company Limited
2026041504002663,NHPC,75,58,8921,333.0,2970693.0,2026-04-15,186304626,152,N.I.M.B. Stock Markets Limited,Naasa Securities Co. Ltd.,2026-04-15 11:22:31.013116,National Hydro Power Company Limited
2026041504002671,NHPC,58,58,20,333.0,6660.0,2026-04-15,186304688,152,Naasa Securities Co. Ltd.,Naasa Securities Co. Ltd.,2026-04-15 11:22:34.676367,National Hydro Power Company Limited
