contractId,stockSymbol,buyerMemberId,sellerMemberId,quantity,rate,amount,businessDate,tradeBookId,stockId,buyerBrokerName,sellerBrokerName,transaction_time,securityName
2026041501000141,NICA,49,45,60,370.0,22200.0,2026-04-15,186285307,139,Online Securities Pvt. Ltd.,Imperial Securities Company Pvt. Ltd.,2026-04-15 11:00:55.122342,NIC Asia Bank Ltd.
2026041501001547,NICA,32,42,300,372.0,111600.0,2026-04-15,186289473,139,Premier Securities Company Ltd.,Sani Securities Company Ltd.,2026-04-15 11:04:59.937553,NIC Asia Bank Ltd.
2026041501001548,NICA,32,34,30,372.0,11160.0,2026-04-15,186289475,139,Premier Securities Company Ltd.,Vision Securities Pvt. Ltd,2026-04-15 11:04:59.937611,NIC Asia Bank Ltd.
2026041501001549,NICA,32,36,870,372.0,323640.0,2026-04-15,186289478,139,Premier Securities Company Ltd.,Secured Securities Ltd.,2026-04-15 11:04:59.937636,NIC Asia Bank Ltd.
2026041501001899,NICA,56,7,100,375.0,37500.0,2026-04-15,186290817,139,Sri Hari Securities Pvt. Ltd.,J.F. Securites (PVT) Ltd.,2026-04-15 11:06:42.514572,NIC Asia Bank Ltd.
2026041501001900,NICA,56,74,300,375.9,112770.0,2026-04-15,186290819,139,Sri Hari Securities Pvt. Ltd.,KALASH STOCK MARKET PVT. LTD.,2026-04-15 11:06:42.514621,NIC Asia Bank Ltd.
2026041501001901,NICA,56,42,1000,375.9,375900.0,2026-04-15,186290821,139,Sri Hari Securities Pvt. Ltd.,Sani Securities Company Ltd.,2026-04-15 11:06:42.514651,NIC Asia Bank Ltd.
2026041501001903,NICA,56,54,600,375.9,225540.0,2026-04-15,186290830,139,Sri Hari Securities Pvt. Ltd.,Sewa Securities Pvt. Ltd.,2026-04-15 11:06:43.220229,NIC Asia Bank Ltd.
2026041501003000,NICA,52,65,100,371.0,37100.0,2026-04-15,186295256,139,Sundhara Securities Limited,Sharepro Securities Private Limited,2026-04-15 11:11:33.918775,NIC Asia Bank Ltd.
2026041501003001,NICA,74,65,10,370.0,3700.0,2026-04-15,186295258,139,KALASH STOCK MARKET PVT. LTD.,Sharepro Securities Private Limited,2026-04-15 11:11:33.918919,NIC Asia Bank Ltd.
2026041501003002,NICA,46,65,102,370.0,37740.0,2026-04-15,186295259,139,Kalika Securities Pvt. Ltd.,Sharepro Securities Private Limited,2026-04-15 11:11:33.919019,NIC Asia Bank Ltd.
2026041501003179,NICA,56,65,10,370.1,3701.0,2026-04-15,186295945,139,Sri Hari Securities Pvt. Ltd.,Sharepro Securities Private Limited,2026-04-15 11:12:17.343502,NIC Asia Bank Ltd.
2026041501003331,NICA,56,45,20,370.1,7402.0,2026-04-15,186296557,139,Sri Hari Securities Pvt. Ltd.,Imperial Securities Company Pvt. Ltd.,2026-04-15 11:13:01.767588,NIC Asia Bank Ltd.
2026041501003422,NICA,56,21,500,370.1,185050.0,2026-04-15,186296915,139,Sri Hari Securities Pvt. Ltd.,Midas Stock Broking Company Private Limited,2026-04-15 11:13:36.551547,NIC Asia Bank Ltd.
2026041501004229,NICA,49,14,500,372.0,186000.0,2026-04-15,186300601,139,Online Securities Pvt. Ltd.,Nepal Stock House (PVT) Ltd.,2026-04-15 11:18:23.475581,NIC Asia Bank Ltd.
2026041501004300,NICA,42,84,500,373.9,186950.0,2026-04-15,186300785,139,Sani Securities Company Ltd.,MILKY WAY SHARE BROKER COMPANY LTD ,2026-04-15 11:18:32.827331,NIC Asia Bank Ltd.
2026041501004305,NICA,56,29,500,374.0,187000.0,2026-04-15,186300801,139,Sri Hari Securities Pvt. Ltd.,Trisul Securities & Invt. Ltd.,2026-04-15 11:18:33.441967,NIC Asia Bank Ltd.
2026041501004306,NICA,56,36,504,374.0,188496.0,2026-04-15,186300803,139,Sri Hari Securities Pvt. Ltd.,Secured Securities Ltd.,2026-04-15 11:18:33.442048,NIC Asia Bank Ltd.
2026041501004450,NICA,56,44,360,374.0,134640.0,2026-04-15,186301333,139,Sri Hari Securities Pvt. Ltd.,Dynamic Money Managers Securities Pvt. Ltd.,2026-04-15 11:19:13.806539,NIC Asia Bank Ltd.
2026041501004674,NICA,56,46,200,375.0,75000.0,2026-04-15,186302299,139,Sri Hari Securities Pvt. Ltd.,Kalika Securities Pvt. Ltd.,2026-04-15 11:20:14.345712,NIC Asia Bank Ltd.
2026041501004675,NICA,56,58,200,375.0,75000.0,2026-04-15,186302301,139,Sri Hari Securities Pvt. Ltd.,Naasa Securities Co. Ltd.,2026-04-15 11:20:14.345790,NIC Asia Bank Ltd.
2026041501004676,NICA,56,57,236,375.0,88500.0,2026-04-15,186302304,139,Sri Hari Securities Pvt. Ltd.,Aryatara Investment & Securities,2026-04-15 11:20:14.345840,NIC Asia Bank Ltd.
2026041501004888,NICA,22,43,90,374.5,33705.0,2026-04-15,186303275,139,Siprabi Securities Pvt. Ltd.,South Asian Bulls Pvt. Ltd.,2026-04-15 11:21:04.177866,NIC Asia Bank Ltd.
2026041501004907,NICA,58,51,10,374.8,3748.0,2026-04-15,186303319,139,Naasa Securities Co. Ltd.,Oxford Securities Pvt. Ltd.,2026-04-15 11:21:05.881305,NIC Asia Bank Ltd.
2026041501004980,NICA,58,54,10,374.8,3748.0,2026-04-15,186303591,139,Naasa Securities Co. Ltd.,Sewa Securities Pvt. Ltd.,2026-04-15 11:21:25.064518,NIC Asia Bank Ltd.
2026041501005329,NICA,22,57,10,374.5,3745.0,2026-04-15,186305150,139,Siprabi Securities Pvt. Ltd.,Aryatara Investment & Securities,2026-04-15 11:23:05.486394,NIC Asia Bank Ltd.
2026041501005330,NICA,18,57,200,374.1,74820.0,2026-04-15,186305152,139,Sagarmatha Securities Private Limited,Aryatara Investment & Securities,2026-04-15 11:23:05.486504,NIC Asia Bank Ltd.
2026041501005843,NICA,58,14,21,374.0,7854.0,2026-04-15,186307775,139,Naasa Securities Co. Ltd.,Nepal Stock House (PVT) Ltd.,2026-04-15 11:25:39.315554,NIC Asia Bank Ltd.
2026041501005844,NICA,58,36,29,374.0,10846.0,2026-04-15,186307778,139,Naasa Securities Co. Ltd.,Secured Securities Ltd.,2026-04-15 11:25:39.315742,NIC Asia Bank Ltd.
2026041501005900,NICA,42,57,30,373.9,11217.0,2026-04-15,186308121,139,Sani Securities Company Ltd.,Aryatara Investment & Securities,2026-04-15 11:26:06.852162,NIC Asia Bank Ltd.
2026041501007025,NICA,58,21,54,373.0,20142.0,2026-04-15,186312852,139,Naasa Securities Co. Ltd.,Midas Stock Broking Company Private Limited,2026-04-15 11:30:59.998974,NIC Asia Bank Ltd.
2026041501007081,NICA,45,21,46,373.0,17158.0,2026-04-15,186313155,139,Imperial Securities Company Pvt. Ltd.,Midas Stock Broking Company Private Limited,2026-04-15 11:31:17.492784,NIC Asia Bank Ltd.
2026041501007082,NICA,45,36,154,373.0,57442.0,2026-04-15,186313158,139,Imperial Securities Company Pvt. Ltd.,Secured Securities Ltd.,2026-04-15 11:31:17.492953,NIC Asia Bank Ltd.
2026041501007220,NICA,49,28,2,370.0,740.0,2026-04-15,186313761,139,Online Securities Pvt. Ltd.,Shree Krishna Securities Ltd.,2026-04-15 11:31:51.666266,NIC Asia Bank Ltd.
2026041501007634,NICA,49,58,300,372.0,111600.0,2026-04-15,186315140,139,Online Securities Pvt. Ltd.,Naasa Securities Co. Ltd.,2026-04-15 11:33:09.354150,NIC Asia Bank Ltd.
2026041501007635,NICA,66,58,200,372.0,74400.0,2026-04-15,186315141,139,Miyo Securities Pvt Ltd,Naasa Securities Co. Ltd.,2026-04-15 11:33:09.354362,NIC Asia Bank Ltd.
2026041501007713,NICA,58,36,17,373.0,6341.0,2026-04-15,186315445,139,Naasa Securities Co. Ltd.,Secured Securities Ltd.,2026-04-15 11:33:27.363148,NIC Asia Bank Ltd.
2026041501007714,NICA,58,58,48,373.0,17904.0,2026-04-15,186315447,139,Naasa Securities Co. Ltd.,Naasa Securities Co. Ltd.,2026-04-15 11:33:27.363242,NIC Asia Bank Ltd.
2026041501007745,NICA,58,36,35,373.0,13055.0,2026-04-15,186315658,139,Naasa Securities Co. Ltd.,Secured Securities Ltd.,2026-04-15 11:33:42.810052,NIC Asia Bank Ltd.
2026041501007887,NICA,60,36,265,373.0,98845.0,2026-04-15,186316316,139,Nagarik Stock Dealer ,Secured Securities Ltd.,2026-04-15 11:34:14.943130,NIC Asia Bank Ltd.
2026041501008160,NICA,49,21,1,370.0,370.0,2026-04-15,186318005,139,Online Securities Pvt. Ltd.,Midas Stock Broking Company Private Limited,2026-04-15 11:35:58.041238,NIC Asia Bank Ltd.
2026041501009758,NICA,59,45,15,373.0,5595.0,2026-04-15,186325391,139,Deevyaa Securities & Stock House Pvt. Ltd,Imperial Securities Company Pvt. Ltd.,2026-04-15 11:43:49.535514,NIC Asia Bank Ltd.
2026041501009759,NICA,59,4,25,373.0,9325.0,2026-04-15,186325394,139,Deevyaa Securities & Stock House Pvt. Ltd,Opal Securities Investment (PVT) Ltd.,2026-04-15 11:43:49.535659,NIC Asia Bank Ltd.
2026041501010056,NICA,58,54,15,373.0,5595.0,2026-04-15,186326842,139,Naasa Securities Co. Ltd.,Sewa Securities Pvt. Ltd.,2026-04-15 11:45:25.212806,NIC Asia Bank Ltd.
2026041501010089,NICA,41,54,36,373.0,13428.0,2026-04-15,186326959,139,Linch Stock Market Ltd.,Sewa Securities Pvt. Ltd.,2026-04-15 11:45:31.327405,NIC Asia Bank Ltd.
2026041501010090,NICA,41,47,100,373.9,37390.0,2026-04-15,186326961,139,Linch Stock Market Ltd.,Neev Securities Pvt. Ltd.,2026-04-15 11:45:31.327519,NIC Asia Bank Ltd.
2026041501010091,NICA,41,16,355,374.8,133054.0,2026-04-15,186326963,139,Linch Stock Market Ltd.,Primo Securities (PVT) Ltd.,2026-04-15 11:45:31.327572,NIC Asia Bank Ltd.
2026041501010092,NICA,41,57,554,374.9,207694.6,2026-04-15,186326965,139,Linch Stock Market Ltd.,Aryatara Investment & Securities,2026-04-15 11:45:31.327623,NIC Asia Bank Ltd.
2026041501010093,NICA,41,89,11,375.0,4125.0,2026-04-15,186326967,139,Linch Stock Market Ltd.,Global IME Securities Limited,2026-04-15 11:45:31.327672,NIC Asia Bank Ltd.
2026041501010094,NICA,41,58,310,375.0,116250.0,2026-04-15,186326969,139,Linch Stock Market Ltd.,Naasa Securities Co. Ltd.,2026-04-15 11:45:31.327720,NIC Asia Bank Ltd.
2026041501010095,NICA,41,21,634,375.0,237750.0,2026-04-15,186326972,139,Linch Stock Market Ltd.,Midas Stock Broking Company Private Limited,2026-04-15 11:45:31.327767,NIC Asia Bank Ltd.
2026041501010609,NICA,49,4,5,373.0,1865.0,2026-04-15,186329199,139,Online Securities Pvt. Ltd.,Opal Securities Investment (PVT) Ltd.,2026-04-15 11:47:30.874263,NIC Asia Bank Ltd.
2026041501011269,NICA,58,17,276,374.9,103472.4,2026-04-15,186331944,139,Naasa Securities Co. Ltd.,ABC Securities Private Limited,2026-04-15 11:49:35.732335,NIC Asia Bank Ltd.
2026041501012227,NICA,36,21,50,374.5,18725.0,2026-04-15,186335520,139,Secured Securities Ltd.,Midas Stock Broking Company Private Limited,2026-04-15 11:51:25.750882,NIC Asia Bank Ltd.
2026041501012357,NICA,34,21,1316,374.5,492842.0,2026-04-15,186336043,139,Vision Securities Pvt. Ltd,Midas Stock Broking Company Private Limited,2026-04-15 11:51:51.867629,NIC Asia Bank Ltd.
2026041501012358,NICA,34,17,684,374.9,256431.6,2026-04-15,186336046,139,Vision Securities Pvt. Ltd,ABC Securities Private Limited,2026-04-15 11:51:51.867756,NIC Asia Bank Ltd.
2026041501012550,NICA,71,17,40,374.9,14996.0,2026-04-15,186337009,139,SHUBHAKAMANA SECURITIES PVT. LTD,ABC Securities Private Limited,2026-04-15 11:52:37.465329,NIC Asia Bank Ltd.
2026041501012551,NICA,71,1,150,375.0,56250.0,2026-04-15,186337011,139,SHUBHAKAMANA SECURITIES PVT. LTD,Kumari Securities Private Limited,2026-04-15 11:52:37.465565,NIC Asia Bank Ltd.
2026041501012552,NICA,71,36,150,375.0,56250.0,2026-04-15,186337013,139,SHUBHAKAMANA SECURITIES PVT. LTD,Secured Securities Ltd.,2026-04-15 11:52:37.465714,NIC Asia Bank Ltd.
2026041501012553,NICA,71,17,160,375.9,60144.0,2026-04-15,186337016,139,SHUBHAKAMANA SECURITIES PVT. LTD,ABC Securities Private Limited,2026-04-15 11:52:37.465863,NIC Asia Bank Ltd.
2026041501012593,NICA,34,17,840,375.9,315756.0,2026-04-15,186337199,139,Vision Securities Pvt. Ltd,ABC Securities Private Limited,2026-04-15 11:52:47.341533,NIC Asia Bank Ltd.
2026041501012594,NICA,34,47,100,375.9,37590.0,2026-04-15,186337201,139,Vision Securities Pvt. Ltd,Neev Securities Pvt. Ltd.,2026-04-15 11:52:47.341674,NIC Asia Bank Ltd.
2026041501012595,NICA,34,4,50,376.0,18800.0,2026-04-15,186337203,139,Vision Securities Pvt. Ltd,Opal Securities Investment (PVT) Ltd.,2026-04-15 11:52:47.341740,NIC Asia Bank Ltd.
2026041501012596,NICA,34,54,400,376.0,150400.0,2026-04-15,186337205,139,Vision Securities Pvt. Ltd,Sewa Securities Pvt. Ltd.,2026-04-15 11:52:47.341797,NIC Asia Bank Ltd.
2026041501012597,NICA,34,57,500,376.0,188000.0,2026-04-15,186337207,139,Vision Securities Pvt. Ltd,Aryatara Investment & Securities,2026-04-15 11:52:47.341848,NIC Asia Bank Ltd.
2026041501012598,NICA,34,51,110,376.0,41360.0,2026-04-15,186337210,139,Vision Securities Pvt. Ltd,Oxford Securities Pvt. Ltd.,2026-04-15 11:52:47.341897,NIC Asia Bank Ltd.
2026041501013479,NICA,68,51,122,376.0,45872.0,2026-04-15,186341225,139,Elite Stock House Limited,Oxford Securities Pvt. Ltd.,2026-04-15 11:55:45.164825,NIC Asia Bank Ltd.
2026041501013480,NICA,68,58,35,376.0,13160.0,2026-04-15,186341227,139,Elite Stock House Limited,Naasa Securities Co. Ltd.,2026-04-15 11:55:45.165074,NIC Asia Bank Ltd.
2026041501013481,NICA,68,52,20,376.2,7524.0,2026-04-15,186341229,139,Elite Stock House Limited,Sundhara Securities Limited,2026-04-15 11:55:45.165225,NIC Asia Bank Ltd.
2026041501013482,NICA,68,42,300,376.3,112890.0,2026-04-15,186341231,139,Elite Stock House Limited,Sani Securities Company Ltd.,2026-04-15 11:55:45.165368,NIC Asia Bank Ltd.
2026041501013483,NICA,68,17,523,376.9,197118.7,2026-04-15,186341234,139,Elite Stock House Limited,ABC Securities Private Limited,2026-04-15 11:55:45.165510,NIC Asia Bank Ltd.
2026041501013801,NICA,53,52,1500,376.8,565200.0,2026-04-15,186342938,139,Investment Management Nepal Pvt. Ltd.,Sundhara Securities Limited,2026-04-15 11:57:01.370166,NIC Asia Bank Ltd.
2026041501014174,NICA,42,45,10,376.8,3768.0,2026-04-15,186345160,139,Sani Securities Company Ltd.,Imperial Securities Company Pvt. Ltd.,2026-04-15 11:58:42.932685,NIC Asia Bank Ltd.
2026041501014180,NICA,16,45,40,376.8,15072.0,2026-04-15,186345193,139,Primo Securities (PVT) Ltd.,Imperial Securities Company Pvt. Ltd.,2026-04-15 11:58:45.437551,NIC Asia Bank Ltd.
2026041501014358,NICA,60,17,1477,376.9,556681.3,2026-04-15,186346029,139,Nagarik Stock Dealer ,ABC Securities Private Limited,2026-04-15 11:59:12.699368,NIC Asia Bank Ltd.
2026041501014359,NICA,60,47,100,376.9,37690.0,2026-04-15,186346031,139,Nagarik Stock Dealer ,Neev Securities Pvt. Ltd.,2026-04-15 11:59:12.699605,NIC Asia Bank Ltd.
2026041501014444,NICA,60,42,1000,376.9,376900.0,2026-04-15,186346341,139,Nagarik Stock Dealer ,Sani Securities Company Ltd.,2026-04-15 11:59:23.982042,NIC Asia Bank Ltd.
2026041501014469,NICA,58,58,12,377.0,4524.0,2026-04-15,186346437,139,Naasa Securities Co. Ltd.,Naasa Securities Co. Ltd.,2026-04-15 11:59:31.163204,NIC Asia Bank Ltd.
2026041501014470,NICA,58,3,38,377.0,14326.0,2026-04-15,186346440,139,Naasa Securities Co. Ltd.,Arun Securities (PVT) Ltd.,2026-04-15 11:59:31.163484,NIC Asia Bank Ltd.
2026041501014917,NICA,60,3,383,377.0,144391.0,2026-04-15,186348678,139,Nagarik Stock Dealer ,Arun Securities (PVT) Ltd.,2026-04-15 12:01:21.234679,NIC Asia Bank Ltd.
2026041501015005,NICA,5,36,50,376.9,18845.0,2026-04-15,186349269,139,Market Securities & Exchange (PVT) Ltd.,Secured Securities Ltd.,2026-04-15 12:01:50.937616,NIC Asia Bank Ltd.
2026041501015006,NICA,5,3,69,377.0,26013.0,2026-04-15,186349271,139,Market Securities & Exchange (PVT) Ltd.,Arun Securities (PVT) Ltd.,2026-04-15 12:01:50.937854,NIC Asia Bank Ltd.
2026041501015007,NICA,5,16,81,377.0,30537.0,2026-04-15,186349274,139,Market Securities & Exchange (PVT) Ltd.,Primo Securities (PVT) Ltd.,2026-04-15 12:01:50.938036,NIC Asia Bank Ltd.
2026041501015047,NICA,75,36,2000,375.0,750000.0,2026-04-15,186349487,139,N.I.M.B. Stock Markets Limited,Secured Securities Ltd.,2026-04-15 12:02:05.909616,NIC Asia Bank Ltd.
2026041501015098,NICA,46,16,289,377.0,108953.0,2026-04-15,186349777,139,Kalika Securities Pvt. Ltd.,Primo Securities (PVT) Ltd.,2026-04-15 12:02:18.470865,NIC Asia Bank Ltd.
2026041501015371,NICA,46,35,12,377.0,4524.0,2026-04-15,186351233,139,Kalika Securities Pvt. Ltd.,Kohinoor Investment & Securities Pvt. Ltd.,2026-04-15 12:03:33.732698,NIC Asia Bank Ltd.
2026041501015410,NICA,46,8,244,377.0,91988.0,2026-04-15,186351502,139,Kalika Securities Pvt. Ltd.,Brilliant Securities Pvt. Ltd.,2026-04-15 12:03:49.757126,NIC Asia Bank Ltd.
2026041501015411,NICA,5,8,156,377.0,58812.0,2026-04-15,186351503,139,Market Securities & Exchange (PVT) Ltd.,Brilliant Securities Pvt. Ltd.,2026-04-15 12:03:49.757316,NIC Asia Bank Ltd.
2026041501015731,NICA,5,36,44,377.0,16588.0,2026-04-15,186353244,139,Market Securities & Exchange (PVT) Ltd.,Secured Securities Ltd.,2026-04-15 12:05:19.986120,NIC Asia Bank Ltd.
2026041501015732,NICA,46,36,10,377.0,3770.0,2026-04-15,186353246,139,Kalika Securities Pvt. Ltd.,Secured Securities Ltd.,2026-04-15 12:05:19.986283,NIC Asia Bank Ltd.
2026041501015943,NICA,58,56,4050,375.3,1519965.0,2026-04-15,186354380,139,Naasa Securities Co. Ltd.,Sri Hari Securities Pvt. Ltd.,2026-04-15 12:06:26.782924,NIC Asia Bank Ltd.
2026041501015944,NICA,32,56,500,375.2,187600.0,2026-04-15,186354382,139,Premier Securities Company Ltd.,Sri Hari Securities Pvt. Ltd.,2026-04-15 12:06:26.783076,NIC Asia Bank Ltd.
2026041501015945,NICA,48,56,200,375.2,75040.0,2026-04-15,186354384,139,Trishakti Securities Public Limited,Sri Hari Securities Pvt. Ltd.,2026-04-15 12:06:26.783142,NIC Asia Bank Ltd.
2026041501015946,NICA,38,56,274,375.2,102804.8,2026-04-15,186354385,139,Dipshikha Dhitopatra Karobar Co. Pvt Ltd.,Sri Hari Securities Pvt. Ltd.,2026-04-15 12:06:26.783193,NIC Asia Bank Ltd.
2026041501016004,NICA,38,49,568,375.2,213113.6,2026-04-15,186354691,139,Dipshikha Dhitopatra Karobar Co. Pvt Ltd.,Online Securities Pvt. Ltd.,2026-04-15 12:06:46.286545,NIC Asia Bank Ltd.
2026041501016128,NICA,58,1,500,375.5,187750.0,2026-04-15,186355345,139,Naasa Securities Co. Ltd.,Kumari Securities Private Limited,2026-04-15 12:07:21.977613,NIC Asia Bank Ltd.
2026041501016214,NICA,38,21,12,375.2,4502.4,2026-04-15,186355799,139,Dipshikha Dhitopatra Karobar Co. Pvt Ltd.,Midas Stock Broking Company Private Limited,2026-04-15 12:07:46.149045,NIC Asia Bank Ltd.
2026041501016266,NICA,96,16,10,375.3,3753.0,2026-04-15,186356129,139,Himalayan Securities Limited,Primo Securities (PVT) Ltd.,2026-04-15 12:08:08.698268,NIC Asia Bank Ltd.
2026041501016415,NICA,96,45,1990,375.3,746847.0,2026-04-15,186356924,139,Himalayan Securities Limited,Imperial Securities Company Pvt. Ltd.,2026-04-15 12:08:59.951793,NIC Asia Bank Ltd.
2026041501016416,NICA,38,45,146,375.2,54779.2,2026-04-15,186356926,139,Dipshikha Dhitopatra Karobar Co. Pvt Ltd.,Imperial Securities Company Pvt. Ltd.,2026-04-15 12:08:59.951976,NIC Asia Bank Ltd.
2026041501016417,NICA,25,45,300,375.2,112560.0,2026-04-15,186356928,139,Sweta Securities Private Limited,Imperial Securities Company Pvt. Ltd.,2026-04-15 12:08:59.952040,NIC Asia Bank Ltd.
2026041501016418,NICA,25,45,400,375.1,150040.0,2026-04-15,186356930,139,Sweta Securities Private Limited,Imperial Securities Company Pvt. Ltd.,2026-04-15 12:08:59.952097,NIC Asia Bank Ltd.
2026041501016419,NICA,75,45,32164,375.0,12061500.0,2026-04-15,186356931,139,N.I.M.B. Stock Markets Limited,Imperial Securities Company Pvt. Ltd.,2026-04-15 12:08:59.952172,NIC Asia Bank Ltd.
2026041501016806,NICA,32,58,12,375.1,4501.2,2026-04-15,186358879,139,Premier Securities Company Ltd.,Naasa Securities Co. Ltd.,2026-04-15 12:11:08.104901,NIC Asia Bank Ltd.
2026041501016979,NICA,32,42,488,375.1,183048.8,2026-04-15,186359650,139,Premier Securities Company Ltd.,Sani Securities Company Ltd.,2026-04-15 12:12:02.926571,NIC Asia Bank Ltd.
2026041501016980,NICA,75,42,2336,375.0,876000.0,2026-04-15,186359652,139,N.I.M.B. Stock Markets Limited,Sani Securities Company Ltd.,2026-04-15 12:12:02.926863,NIC Asia Bank Ltd.
2026041501016981,NICA,57,42,50,375.0,18750.0,2026-04-15,186359654,139,Aryatara Investment & Securities,Sani Securities Company Ltd.,2026-04-15 12:12:02.927019,NIC Asia Bank Ltd.
2026041501016982,NICA,49,42,10,375.0,3750.0,2026-04-15,186359656,139,Online Securities Pvt. Ltd.,Sani Securities Company Ltd.,2026-04-15 12:12:02.927201,NIC Asia Bank Ltd.
2026041501016983,NICA,29,42,100,375.0,37500.0,2026-04-15,186359658,139,Trisul Securities & Invt. Ltd.,Sani Securities Company Ltd.,2026-04-15 12:12:02.927360,NIC Asia Bank Ltd.
2026041501016984,NICA,96,42,4016,374.3,1503188.8,2026-04-15,186359659,139,Himalayan Securities Limited,Sani Securities Company Ltd.,2026-04-15 12:12:02.927519,NIC Asia Bank Ltd.
2026041501017042,NICA,96,42,984,374.3,368311.2,2026-04-15,186360062,139,Himalayan Securities Limited,Sani Securities Company Ltd.,2026-04-15 12:12:33.523538,NIC Asia Bank Ltd.
2026041501017043,NICA,43,42,16,374.2,5987.2,2026-04-15,186360063,139,South Asian Bulls Pvt. Ltd.,Sani Securities Company Ltd.,2026-04-15 12:12:33.523874,NIC Asia Bank Ltd.
2026041501017178,NICA,43,42,119,374.2,44529.8,2026-04-15,186360750,139,South Asian Bulls Pvt. Ltd.,Sani Securities Company Ltd.,2026-04-15 12:13:17.191535,NIC Asia Bank Ltd.
2026041501017179,NICA,4,42,50,374.2,18710.0,2026-04-15,186360752,139,Opal Securities Investment (PVT) Ltd.,Sani Securities Company Ltd.,2026-04-15 12:13:17.191669,NIC Asia Bank Ltd.
2026041501017180,NICA,39,42,300,374.0,112200.0,2026-04-15,186360754,139,Sumeru Securities Pvt. Ltd.,Sani Securities Company Ltd.,2026-04-15 12:13:17.191724,NIC Asia Bank Ltd.
2026041501017181,NICA,35,42,100,373.1,37310.0,2026-04-15,186360756,139,Kohinoor Investment & Securities Pvt. Ltd.,Sani Securities Company Ltd.,2026-04-15 12:13:17.191783,NIC Asia Bank Ltd.
2026041501017182,NICA,7,42,6000,373.0,2238000.0,2026-04-15,186360758,139,J.F. Securites (PVT) Ltd.,Sani Securities Company Ltd.,2026-04-15 12:13:17.191841,NIC Asia Bank Ltd.
2026041501017183,NICA,58,42,431,373.0,160763.0,2026-04-15,186360759,139,Naasa Securities Co. Ltd.,Sani Securities Company Ltd.,2026-04-15 12:13:17.191894,NIC Asia Bank Ltd.
2026041501019715,NICA,5,35,10,375.0,3750.0,2026-04-15,186369084,139,Market Securities & Exchange (PVT) Ltd.,Kohinoor Investment & Securities Pvt. Ltd.,2026-04-15 12:17:57.872443,NIC Asia Bank Ltd.
2026041501019874,NICA,22,35,10,375.0,3750.0,2026-04-15,186369812,139,Siprabi Securities Pvt. Ltd.,Kohinoor Investment & Securities Pvt. Ltd.,2026-04-15 12:18:25.945199,NIC Asia Bank Ltd.
2026041501019875,NICA,22,89,53,375.0,19875.0,2026-04-15,186369814,139,Siprabi Securities Pvt. Ltd.,Global IME Securities Limited,2026-04-15 12:18:25.945344,NIC Asia Bank Ltd.
2026041501019876,NICA,22,17,10,376.0,3760.0,2026-04-15,186369817,139,Siprabi Securities Pvt. Ltd.,ABC Securities Private Limited,2026-04-15 12:18:25.945406,NIC Asia Bank Ltd.
2026041501020029,NICA,59,17,990,376.0,372240.0,2026-04-15,186370423,139,Deevyaa Securities & Stock House Pvt. Ltd,ABC Securities Private Limited,2026-04-15 12:18:48.992972,NIC Asia Bank Ltd.
2026041501020030,NICA,59,43,1000,376.0,376000.0,2026-04-15,186370425,139,Deevyaa Securities & Stock House Pvt. Ltd,South Asian Bulls Pvt. Ltd.,2026-04-15 12:18:48.993124,NIC Asia Bank Ltd.
2026041501020181,NICA,58,17,10,376.9,3769.0,2026-04-15,186371116,139,Naasa Securities Co. Ltd.,ABC Securities Private Limited,2026-04-15 12:19:30.896894,NIC Asia Bank Ltd.
2026041501020260,NICA,57,17,150,376.9,56535.0,2026-04-15,186371354,139,Aryatara Investment & Securities,ABC Securities Private Limited,2026-04-15 12:19:42.494642,NIC Asia Bank Ltd.
2026041501020263,NICA,58,17,10,376.9,3769.0,2026-04-15,186371366,139,Naasa Securities Co. Ltd.,ABC Securities Private Limited,2026-04-15 12:19:44.925047,NIC Asia Bank Ltd.
2026041501020277,NICA,44,17,830,376.9,312827.0,2026-04-15,186371443,139,Dynamic Money Managers Securities Pvt. Ltd.,ABC Securities Private Limited,2026-04-15 12:19:50.913673,NIC Asia Bank Ltd.
2026041501020330,NICA,44,8,170,376.9,64073.0,2026-04-15,186371630,139,Dynamic Money Managers Securities Pvt. Ltd.,Brilliant Securities Pvt. Ltd.,2026-04-15 12:19:59.665902,NIC Asia Bank Ltd.
2026041501020575,NICA,94,8,10,376.9,3769.0,2026-04-15,186372902,139,K.B.L. Securities Limited ,Brilliant Securities Pvt. Ltd.,2026-04-15 12:21:00.865290,NIC Asia Bank Ltd.
2026041501021034,NICA,51,8,320,376.9,120608.0,2026-04-15,186374887,139,Oxford Securities Pvt. Ltd.,Brilliant Securities Pvt. Ltd.,2026-04-15 12:22:22.132223,NIC Asia Bank Ltd.
2026041501021072,NICA,51,8,10,376.9,3769.0,2026-04-15,186375144,139,Oxford Securities Pvt. Ltd.,Brilliant Securities Pvt. Ltd.,2026-04-15 12:22:35.360926,NIC Asia Bank Ltd.
2026041501021301,NICA,14,8,490,376.9,184681.0,2026-04-15,186376521,139,Nepal Stock House (PVT) Ltd.,Brilliant Securities Pvt. Ltd.,2026-04-15 12:23:41.110811,NIC Asia Bank Ltd.
2026041501021302,NICA,14,36,46,377.0,17342.0,2026-04-15,186376523,139,Nepal Stock House (PVT) Ltd.,Secured Securities Ltd.,2026-04-15 12:23:41.110964,NIC Asia Bank Ltd.
2026041501021303,NICA,14,21,464,377.0,174928.0,2026-04-15,186376526,139,Nepal Stock House (PVT) Ltd.,Midas Stock Broking Company Private Limited,2026-04-15 12:23:41.111067,NIC Asia Bank Ltd.
2026041501021311,NICA,13,21,36,377.0,13572.0,2026-04-15,186376563,139,Thrive Brokerage House Pvt. Ltd,Midas Stock Broking Company Private Limited,2026-04-15 12:23:42.140436,NIC Asia Bank Ltd.
2026041501021312,NICA,13,17,164,377.0,61828.0,2026-04-15,186376566,139,Thrive Brokerage House Pvt. Ltd,ABC Securities Private Limited,2026-04-15 12:23:42.140718,NIC Asia Bank Ltd.
2026041501021492,NICA,38,17,836,377.0,315172.0,2026-04-15,186377255,139,Dipshikha Dhitopatra Karobar Co. Pvt Ltd.,ABC Securities Private Limited,2026-04-15 12:24:08.956741,NIC Asia Bank Ltd.
2026041501021493,NICA,38,45,20,377.0,7540.0,2026-04-15,186377257,139,Dipshikha Dhitopatra Karobar Co. Pvt Ltd.,Imperial Securities Company Pvt. Ltd.,2026-04-15 12:24:08.956889,NIC Asia Bank Ltd.
2026041501021494,NICA,38,25,100,377.0,37700.0,2026-04-15,186377260,139,Dipshikha Dhitopatra Karobar Co. Pvt Ltd.,Sweta Securities Private Limited,2026-04-15 12:24:08.956956,NIC Asia Bank Ltd.
2026041501021730,NICA,58,49,100,376.9,37690.0,2026-04-15,186378494,139,Naasa Securities Co. Ltd.,Online Securities Pvt. Ltd.,2026-04-15 12:25:05.820564,NIC Asia Bank Ltd.
2026041501021854,NICA,71,8,500,376.9,188450.0,2026-04-15,186379187,139,SHUBHAKAMANA SECURITIES PVT. LTD,Brilliant Securities Pvt. Ltd.,2026-04-15 12:25:44.827927,NIC Asia Bank Ltd.
2026041501021855,NICA,71,17,1000,377.0,377000.0,2026-04-15,186379189,139,SHUBHAKAMANA SECURITIES PVT. LTD,ABC Securities Private Limited,2026-04-15 12:25:44.828082,NIC Asia Bank Ltd.
2026041501021856,NICA,71,8,500,377.4,188700.0,2026-04-15,186379191,139,SHUBHAKAMANA SECURITIES PVT. LTD,Brilliant Securities Pvt. Ltd.,2026-04-15 12:25:44.828167,NIC Asia Bank Ltd.
2026041501021857,NICA,71,21,661,377.5,249527.5,2026-04-15,186379193,139,SHUBHAKAMANA SECURITIES PVT. LTD,Midas Stock Broking Company Private Limited,2026-04-15 12:25:44.828228,NIC Asia Bank Ltd.
2026041501021858,NICA,71,47,100,377.9,37790.0,2026-04-15,186379195,139,SHUBHAKAMANA SECURITIES PVT. LTD,Neev Securities Pvt. Ltd.,2026-04-15 12:25:44.828287,NIC Asia Bank Ltd.
2026041501021859,NICA,71,8,1000,377.9,377900.0,2026-04-15,186379197,139,SHUBHAKAMANA SECURITIES PVT. LTD,Brilliant Securities Pvt. Ltd.,2026-04-15 12:25:44.828351,NIC Asia Bank Ltd.
2026041501021860,NICA,71,41,50,378.0,18900.0,2026-04-15,186379199,139,SHUBHAKAMANA SECURITIES PVT. LTD,Linch Stock Market Ltd.,2026-04-15 12:25:44.828413,NIC Asia Bank Ltd.
2026041501021861,NICA,71,57,20,378.0,7560.0,2026-04-15,186379201,139,SHUBHAKAMANA SECURITIES PVT. LTD,Aryatara Investment & Securities,2026-04-15 12:25:44.828472,NIC Asia Bank Ltd.
2026041501021862,NICA,71,45,50,378.0,18900.0,2026-04-15,186379203,139,SHUBHAKAMANA SECURITIES PVT. LTD,Imperial Securities Company Pvt. Ltd.,2026-04-15 12:25:44.828530,NIC Asia Bank Ltd.
2026041501021910,NICA,14,8,1000,378.8,378800.0,2026-04-15,186379486,139,Nepal Stock House (PVT) Ltd.,Brilliant Securities Pvt. Ltd.,2026-04-15 12:25:54.663940,NIC Asia Bank Ltd.
2026041501022037,NICA,71,5,20,376.2,7524.0,2026-04-15,186380035,139,SHUBHAKAMANA SECURITIES PVT. LTD,Market Securities & Exchange (PVT) Ltd.,2026-04-15 12:26:24.408993,NIC Asia Bank Ltd.
2026041501022102,NICA,17,45,1000,378.9,378900.0,2026-04-15,186380325,139,ABC Securities Private Limited,Imperial Securities Company Pvt. Ltd.,2026-04-15 12:26:35.113500,NIC Asia Bank Ltd.
2026041501022103,NICA,17,38,1000,379.0,379000.0,2026-04-15,186380327,139,ABC Securities Private Limited,Dipshikha Dhitopatra Karobar Co. Pvt Ltd.,2026-04-15 12:26:35.113569,NIC Asia Bank Ltd.
2026041501022104,NICA,17,48,600,379.0,227400.0,2026-04-15,186380329,139,ABC Securities Private Limited,Trishakti Securities Public Limited,2026-04-15 12:26:35.113606,NIC Asia Bank Ltd.
2026041501022105,NICA,17,8,1000,379.8,379800.0,2026-04-15,186380331,139,ABC Securities Private Limited,Brilliant Securities Pvt. Ltd.,2026-04-15 12:26:35.113649,NIC Asia Bank Ltd.
2026041501022106,NICA,17,21,500,379.9,189950.0,2026-04-15,186380333,139,ABC Securities Private Limited,Midas Stock Broking Company Private Limited,2026-04-15 12:26:35.113680,NIC Asia Bank Ltd.
2026041501022107,NICA,17,21,500,379.9,189950.0,2026-04-15,186380335,139,ABC Securities Private Limited,Midas Stock Broking Company Private Limited,2026-04-15 12:26:35.113708,NIC Asia Bank Ltd.
2026041501022108,NICA,17,37,1500,380.0,570000.0,2026-04-15,186380337,139,ABC Securities Private Limited,Swarna Laxmi Securities Pvt. Ltd.,2026-04-15 12:26:35.113738,NIC Asia Bank Ltd.
2026041501022109,NICA,17,1,11,380.0,4180.0,2026-04-15,186380339,139,ABC Securities Private Limited,Kumari Securities Private Limited,2026-04-15 12:26:35.113765,NIC Asia Bank Ltd.
2026041501022110,NICA,17,40,690,380.0,262200.0,2026-04-15,186380341,139,ABC Securities Private Limited,Creative Securities Pvt Ltd,2026-04-15 12:26:35.113793,NIC Asia Bank Ltd.
2026041501022111,NICA,17,5,10,380.0,3800.0,2026-04-15,186380343,139,ABC Securities Private Limited,Market Securities & Exchange (PVT) Ltd.,2026-04-15 12:26:35.113835,NIC Asia Bank Ltd.
2026041501022112,NICA,17,48,100,380.0,38000.0,2026-04-15,186380345,139,ABC Securities Private Limited,Trishakti Securities Public Limited,2026-04-15 12:26:35.113881,NIC Asia Bank Ltd.
2026041501022113,NICA,17,33,430,380.0,163400.0,2026-04-15,186380347,139,ABC Securities Private Limited,Dakshinkali Investment & Securities Pvt. Ltd.,2026-04-15 12:26:35.113909,NIC Asia Bank Ltd.
2026041501022114,NICA,17,49,70,380.0,26600.0,2026-04-15,186380349,139,ABC Securities Private Limited,Online Securities Pvt. Ltd.,2026-04-15 12:26:35.113938,NIC Asia Bank Ltd.
2026041501022115,NICA,17,49,40,380.0,15200.0,2026-04-15,186380351,139,ABC Securities Private Limited,Online Securities Pvt. Ltd.,2026-04-15 12:26:35.113967,NIC Asia Bank Ltd.
2026041501022116,NICA,17,57,500,380.0,190000.0,2026-04-15,186380353,139,ABC Securities Private Limited,Aryatara Investment & Securities,2026-04-15 12:26:35.113991,NIC Asia Bank Ltd.
2026041501022117,NICA,17,43,1200,380.0,456000.0,2026-04-15,186380355,139,ABC Securities Private Limited,South Asian Bulls Pvt. Ltd.,2026-04-15 12:26:35.114014,NIC Asia Bank Ltd.
2026041501022118,NICA,17,53,120,380.0,45600.0,2026-04-15,186380357,139,ABC Securities Private Limited,Investment Management Nepal Pvt. Ltd.,2026-04-15 12:26:35.114045,NIC Asia Bank Ltd.
2026041501022119,NICA,17,41,241,380.0,91580.0,2026-04-15,186380359,139,ABC Securities Private Limited,Linch Stock Market Ltd.,2026-04-15 12:26:35.114072,NIC Asia Bank Ltd.
2026041501022120,NICA,17,8,129,380.0,49020.0,2026-04-15,186380361,139,ABC Securities Private Limited,Brilliant Securities Pvt. Ltd.,2026-04-15 12:26:35.114100,NIC Asia Bank Ltd.
2026041501022121,NICA,17,75,10,380.0,3800.0,2026-04-15,186380363,139,ABC Securities Private Limited,N.I.M.B. Stock Markets Limited,2026-04-15 12:26:35.114131,NIC Asia Bank Ltd.
2026041501022122,NICA,17,42,349,380.0,132620.0,2026-04-15,186380366,139,ABC Securities Private Limited,Sani Securities Company Ltd.,2026-04-15 12:26:35.114160,NIC Asia Bank Ltd.
2026041501022214,NICA,71,42,151,380.0,57380.0,2026-04-15,186380741,139,SHUBHAKAMANA SECURITIES PVT. LTD,Sani Securities Company Ltd.,2026-04-15 12:26:59.404686,NIC Asia Bank Ltd.
2026041501022215,NICA,71,42,500,380.4,190200.0,2026-04-15,186380743,139,SHUBHAKAMANA SECURITIES PVT. LTD,Sani Securities Company Ltd.,2026-04-15 12:26:59.404807,NIC Asia Bank Ltd.
2026041501022216,NICA,71,54,10,380.4,3804.0,2026-04-15,186380745,139,SHUBHAKAMANA SECURITIES PVT. LTD,Sewa Securities Pvt. Ltd.,2026-04-15 12:26:59.404868,NIC Asia Bank Ltd.
2026041501022217,NICA,71,49,438,381.0,166878.0,2026-04-15,186380748,139,SHUBHAKAMANA SECURITIES PVT. LTD,Online Securities Pvt. Ltd.,2026-04-15 12:26:59.404927,NIC Asia Bank Ltd.
2026041501022455,NICA,13,17,20,380.0,7600.0,2026-04-15,186382289,139,Thrive Brokerage House Pvt. Ltd,ABC Securities Private Limited,2026-04-15 12:28:21.479698,NIC Asia Bank Ltd.
2026041501022456,NICA,13,49,62,381.0,23622.0,2026-04-15,186382291,139,Thrive Brokerage House Pvt. Ltd,Online Securities Pvt. Ltd.,2026-04-15 12:28:21.479952,NIC Asia Bank Ltd.
2026041501022457,NICA,13,52,50,381.0,19050.0,2026-04-15,186382293,139,Thrive Brokerage House Pvt. Ltd,Sundhara Securities Limited,2026-04-15 12:28:21.480149,NIC Asia Bank Ltd.
2026041501022458,NICA,13,58,10,381.0,3810.0,2026-04-15,186382295,139,Thrive Brokerage House Pvt. Ltd,Naasa Securities Co. Ltd.,2026-04-15 12:28:21.480312,NIC Asia Bank Ltd.
2026041501022459,NICA,13,43,600,381.0,228600.0,2026-04-15,186382297,139,Thrive Brokerage House Pvt. Ltd,South Asian Bulls Pvt. Ltd.,2026-04-15 12:28:21.480473,NIC Asia Bank Ltd.
2026041501022460,NICA,13,17,100,381.0,38100.0,2026-04-15,186382299,139,Thrive Brokerage House Pvt. Ltd,ABC Securities Private Limited,2026-04-15 12:28:21.480630,NIC Asia Bank Ltd.
2026041501022527,NICA,13,45,10,381.0,3810.0,2026-04-15,186382769,139,Thrive Brokerage House Pvt. Ltd,Imperial Securities Company Pvt. Ltd.,2026-04-15 12:28:44.439913,NIC Asia Bank Ltd.
2026041501022555,NICA,13,5,148,381.0,56388.0,2026-04-15,186382998,139,Thrive Brokerage House Pvt. Ltd,Market Securities & Exchange (PVT) Ltd.,2026-04-15 12:28:58.309337,NIC Asia Bank Ltd.
2026041501022556,NICA,58,5,32,376.4,12044.8,2026-04-15,186382999,139,Naasa Securities Co. Ltd.,Market Securities & Exchange (PVT) Ltd.,2026-04-15 12:28:58.309429,NIC Asia Bank Ltd.
2026041501022575,NICA,57,8,500,381.3,190650.0,2026-04-15,186383138,139,Aryatara Investment & Securities,Brilliant Securities Pvt. Ltd.,2026-04-15 12:29:03.729482,NIC Asia Bank Ltd.
2026041501023433,NICA,81,49,500,380.0,190000.0,2026-04-15,186387064,139,Aakashbhairab Securities Ltd.,Online Securities Pvt. Ltd.,2026-04-15 12:32:38.190949,NIC Asia Bank Ltd.
2026041501023679,NICA,17,49,500,380.0,190000.0,2026-04-15,186388031,139,ABC Securities Private Limited,Online Securities Pvt. Ltd.,2026-04-15 12:33:24.066474,NIC Asia Bank Ltd.
2026041501023680,NICA,17,17,1500,380.0,570000.0,2026-04-15,186388034,139,ABC Securities Private Limited,ABC Securities Private Limited,2026-04-15 12:33:24.066507,NIC Asia Bank Ltd.
2026041501024051,NICA,17,17,2500,380.0,950000.0,2026-04-15,186389755,139,ABC Securities Private Limited,ABC Securities Private Limited,2026-04-15 12:34:43.220198,NIC Asia Bank Ltd.
2026041501024052,NICA,17,28,100,380.0,38000.0,2026-04-15,186389757,139,ABC Securities Private Limited,Shree Krishna Securities Ltd.,2026-04-15 12:34:43.220230,NIC Asia Bank Ltd.
2026041501024053,NICA,17,6,1000,380.0,380000.0,2026-04-15,186389760,139,ABC Securities Private Limited,Agrawal Securities (PVT) Ltd.,2026-04-15 12:34:43.220255,NIC Asia Bank Ltd.
2026041501024863,NICA,17,17,500,380.0,190000.0,2026-04-15,186393225,139,ABC Securities Private Limited,ABC Securities Private Limited,2026-04-15 12:37:29.567532,NIC Asia Bank Ltd.
2026041501024864,NICA,17,58,200,381.0,76200.0,2026-04-15,186393227,139,ABC Securities Private Limited,Naasa Securities Co. Ltd.,2026-04-15 12:37:29.567571,NIC Asia Bank Ltd.
2026041501024865,NICA,17,21,10,381.0,3810.0,2026-04-15,186393229,139,ABC Securities Private Limited,Midas Stock Broking Company Private Limited,2026-04-15 12:37:29.567597,NIC Asia Bank Ltd.
2026041501024866,NICA,17,42,500,381.0,190500.0,2026-04-15,186393231,139,ABC Securities Private Limited,Sani Securities Company Ltd.,2026-04-15 12:37:29.567620,NIC Asia Bank Ltd.
2026041501024867,NICA,17,8,500,381.3,190650.0,2026-04-15,186393233,139,ABC Securities Private Limited,Brilliant Securities Pvt. Ltd.,2026-04-15 12:37:29.567645,NIC Asia Bank Ltd.
2026041501024868,NICA,17,37,100,381.3,38130.0,2026-04-15,186393235,139,ABC Securities Private Limited,Swarna Laxmi Securities Pvt. Ltd.,2026-04-15 12:37:29.567671,NIC Asia Bank Ltd.
2026041501024869,NICA,17,62,2000,381.4,762800.0,2026-04-15,186393237,139,ABC Securities Private Limited,Capital Max Securities Ltd,2026-04-15 12:37:29.567695,NIC Asia Bank Ltd.
2026041501024870,NICA,17,3,190,381.9,72561.0,2026-04-15,186393240,139,ABC Securities Private Limited,Arun Securities (PVT) Ltd.,2026-04-15 12:37:29.567723,NIC Asia Bank Ltd.
2026041501025113,NICA,17,62,50,381.0,19050.0,2026-04-15,186394467,139,ABC Securities Private Limited,Capital Max Securities Ltd,2026-04-15 12:38:38.572812,NIC Asia Bank Ltd.
2026041501025114,NICA,17,3,300,381.9,114570.0,2026-04-15,186394469,139,ABC Securities Private Limited,Arun Securities (PVT) Ltd.,2026-04-15 12:38:38.572915,NIC Asia Bank Ltd.
2026041501025115,NICA,17,38,33,381.9,12602.7,2026-04-15,186394471,139,ABC Securities Private Limited,Dipshikha Dhitopatra Karobar Co. Pvt Ltd.,2026-04-15 12:38:38.573010,NIC Asia Bank Ltd.
2026041501025116,NICA,17,1,50,382.0,19100.0,2026-04-15,186394473,139,ABC Securities Private Limited,Kumari Securities Private Limited,2026-04-15 12:38:38.573104,NIC Asia Bank Ltd.
2026041501025117,NICA,17,67,10,382.0,3820.0,2026-04-15,186394475,139,ABC Securities Private Limited,Property Wiard Limited,2026-04-15 12:38:38.573169,NIC Asia Bank Ltd.
2026041501025118,NICA,17,49,50,382.0,19100.0,2026-04-15,186394477,139,ABC Securities Private Limited,Online Securities Pvt. Ltd.,2026-04-15 12:38:38.573234,NIC Asia Bank Ltd.
2026041501025191,NICA,49,8,500,381.8,190900.0,2026-04-15,186394866,139,Online Securities Pvt. Ltd.,Brilliant Securities Pvt. Ltd.,2026-04-15 12:39:03.506767,NIC Asia Bank Ltd.
2026041501025192,NICA,49,57,100,382.0,38200.0,2026-04-15,186394869,139,Online Securities Pvt. Ltd.,Aryatara Investment & Securities,2026-04-15 12:39:03.506920,NIC Asia Bank Ltd.
2026041501025193,NICA,49,42,900,382.0,343800.0,2026-04-15,186394872,139,Online Securities Pvt. Ltd.,Sani Securities Company Ltd.,2026-04-15 12:39:03.506985,NIC Asia Bank Ltd.
2026041501026042,NICA,50,42,65,382.0,24830.0,2026-04-15,186398661,139,Cristal Kanchanjanga Securites Pvt. Ltd.,Sani Securities Company Ltd.,2026-04-15 12:42:31.925299,NIC Asia Bank Ltd.
2026041501026043,NICA,50,71,435,382.0,166170.0,2026-04-15,186398664,139,Cristal Kanchanjanga Securites Pvt. Ltd.,SHUBHAKAMANA SECURITIES PVT. LTD,2026-04-15 12:42:31.925579,NIC Asia Bank Ltd.
2026041501026246,NICA,57,71,30,382.0,11460.0,2026-04-15,186399472,139,Aryatara Investment & Securities,SHUBHAKAMANA SECURITIES PVT. LTD,2026-04-15 12:43:13.503664,NIC Asia Bank Ltd.
2026041501026267,NICA,6,34,20,381.0,7620.0,2026-04-15,186399637,139,Agrawal Securities (PVT) Ltd.,Vision Securities Pvt. Ltd,2026-04-15 12:43:22.300959,NIC Asia Bank Ltd.
2026041501026295,NICA,51,71,35,382.0,13370.0,2026-04-15,186399787,139,Oxford Securities Pvt. Ltd.,SHUBHAKAMANA SECURITIES PVT. LTD,2026-04-15 12:43:32.110087,NIC Asia Bank Ltd.
2026041501026316,NICA,51,42,165,382.0,63030.0,2026-04-15,186399922,139,Oxford Securities Pvt. Ltd.,Sani Securities Company Ltd.,2026-04-15 12:43:38.189508,NIC Asia Bank Ltd.
2026041501026339,NICA,6,57,100,381.0,38100.0,2026-04-15,186400053,139,Agrawal Securities (PVT) Ltd.,Aryatara Investment & Securities,2026-04-15 12:43:46.976129,NIC Asia Bank Ltd.
2026041501026612,NICA,58,59,200,381.1,76220.0,2026-04-15,186401439,139,Naasa Securities Co. Ltd.,Deevyaa Securities & Stock House Pvt. Ltd,2026-04-15 12:45:27.197429,NIC Asia Bank Ltd.
2026041501026864,NICA,6,39,380,381.0,144780.0,2026-04-15,186402500,139,Agrawal Securities (PVT) Ltd.,Sumeru Securities Pvt. Ltd.,2026-04-15 12:46:29.617093,NIC Asia Bank Ltd.
2026041501027051,NICA,58,39,620,381.0,236220.0,2026-04-15,186403547,139,Naasa Securities Co. Ltd.,Sumeru Securities Pvt. Ltd.,2026-04-15 12:47:34.105148,NIC Asia Bank Ltd.
2026041501027071,NICA,58,45,509,381.0,193929.0,2026-04-15,186403645,139,Naasa Securities Co. Ltd.,Imperial Securities Company Pvt. Ltd.,2026-04-15 12:47:41.510924,NIC Asia Bank Ltd.
2026041501027079,NICA,58,35,700,381.0,266700.0,2026-04-15,186403681,139,Naasa Securities Co. Ltd.,Kohinoor Investment & Securities Pvt. Ltd.,2026-04-15 12:47:44.248594,NIC Asia Bank Ltd.
2026041501027120,NICA,58,35,171,381.0,65151.0,2026-04-15,186403878,139,Naasa Securities Co. Ltd.,Kohinoor Investment & Securities Pvt. Ltd.,2026-04-15 12:47:56.113218,NIC Asia Bank Ltd.
2026041501027200,NICA,61,36,113,380.0,42940.0,2026-04-15,186404173,139,BHOLE GANESH SECURITIES LTD,Secured Securities Ltd.,2026-04-15 12:48:14.866752,NIC Asia Bank Ltd.
2026041501027421,NICA,61,62,387,380.0,147060.0,2026-04-15,186405554,139,BHOLE GANESH SECURITIES LTD,Capital Max Securities Ltd,2026-04-15 12:49:44.266785,NIC Asia Bank Ltd.
2026041501027422,NICA,42,62,100,380.0,38000.0,2026-04-15,186405556,139,Sani Securities Company Ltd.,Capital Max Securities Ltd,2026-04-15 12:49:44.266932,NIC Asia Bank Ltd.
2026041501027773,NICA,58,62,68,380.0,25840.0,2026-04-15,186406946,139,Naasa Securities Co. Ltd.,Capital Max Securities Ltd,2026-04-15 12:51:11.873101,NIC Asia Bank Ltd.
2026041501027818,NICA,14,62,445,380.0,169100.0,2026-04-15,186407089,139,Nepal Stock House (PVT) Ltd.,Capital Max Securities Ltd,2026-04-15 12:51:21.515645,NIC Asia Bank Ltd.
2026041501027819,NICA,14,49,150,380.0,57000.0,2026-04-15,186407091,139,Nepal Stock House (PVT) Ltd.,Online Securities Pvt. Ltd.,2026-04-15 12:51:21.515870,NIC Asia Bank Ltd.
2026041501027820,NICA,14,62,905,380.0,343900.0,2026-04-15,186407094,139,Nepal Stock House (PVT) Ltd.,Capital Max Securities Ltd,2026-04-15 12:51:21.515941,NIC Asia Bank Ltd.
2026041501028133,NICA,59,13,300,378.5,113550.0,2026-04-15,186408465,139,Deevyaa Securities & Stock House Pvt. Ltd,Thrive Brokerage House Pvt. Ltd,2026-04-15 12:52:46.139461,NIC Asia Bank Ltd.
2026041501028464,NICA,49,29,100,379.9,37990.0,2026-04-15,186410081,139,Online Securities Pvt. Ltd.,Trisul Securities & Invt. Ltd.,2026-04-15 12:54:29.821720,NIC Asia Bank Ltd.
2026041501028465,NICA,49,8,300,379.9,113970.0,2026-04-15,186410083,139,Online Securities Pvt. Ltd.,Brilliant Securities Pvt. Ltd.,2026-04-15 12:54:29.821786,NIC Asia Bank Ltd.
2026041501028466,NICA,49,62,600,380.0,228000.0,2026-04-15,186410086,139,Online Securities Pvt. Ltd.,Capital Max Securities Ltd,2026-04-15 12:54:29.821817,NIC Asia Bank Ltd.
2026041501028627,NICA,29,94,500,379.0,189500.0,2026-04-15,186410789,139,Trisul Securities & Invt. Ltd.,K.B.L. Securities Limited ,2026-04-15 12:55:06.360682,NIC Asia Bank Ltd.
2026041501028863,NICA,62,42,28,379.0,10612.0,2026-04-15,186412007,139,Capital Max Securities Ltd,Sani Securities Company Ltd.,2026-04-15 12:56:19.330582,NIC Asia Bank Ltd.
2026041501028864,NICA,62,62,22,380.0,8360.0,2026-04-15,186412010,139,Capital Max Securities Ltd,Capital Max Securities Ltd,2026-04-15 12:56:19.330766,NIC Asia Bank Ltd.
2026041501029198,NICA,61,36,50,379.1,18955.0,2026-04-15,186413477,139,BHOLE GANESH SECURITIES LTD,Secured Securities Ltd.,2026-04-15 12:57:35.107284,NIC Asia Bank Ltd.
2026041501029279,NICA,59,62,322,380.0,122360.0,2026-04-15,186413921,139,Deevyaa Securities & Stock House Pvt. Ltd,Capital Max Securities Ltd,2026-04-15 12:58:04.066920,NIC Asia Bank Ltd.
2026041501029280,NICA,59,58,178,380.0,67640.0,2026-04-15,186413924,139,Deevyaa Securities & Stock House Pvt. Ltd,Naasa Securities Co. Ltd.,2026-04-15 12:58:04.067318,NIC Asia Bank Ltd.
2026041501029611,NICA,61,8,450,379.9,170955.0,2026-04-15,186415564,139,BHOLE GANESH SECURITIES LTD,Brilliant Securities Pvt. Ltd.,2026-04-15 13:00:11.399967,NIC Asia Bank Ltd.
2026041501029643,NICA,49,8,50,379.9,18995.0,2026-04-15,186415831,139,Online Securities Pvt. Ltd.,Brilliant Securities Pvt. Ltd.,2026-04-15 13:00:25.437510,NIC Asia Bank Ltd.
2026041501029644,NICA,49,8,500,379.9,189950.0,2026-04-15,186415833,139,Online Securities Pvt. Ltd.,Brilliant Securities Pvt. Ltd.,2026-04-15 13:00:25.437608,NIC Asia Bank Ltd.
2026041501029645,NICA,49,58,22,380.0,8360.0,2026-04-15,186415835,139,Online Securities Pvt. Ltd.,Naasa Securities Co. Ltd.,2026-04-15 13:00:25.437682,NIC Asia Bank Ltd.
2026041501029646,NICA,49,35,50,380.0,19000.0,2026-04-15,186415837,139,Online Securities Pvt. Ltd.,Kohinoor Investment & Securities Pvt. Ltd.,2026-04-15 13:00:25.437748,NIC Asia Bank Ltd.
2026041501029647,NICA,49,29,378,380.0,143640.0,2026-04-15,186415840,139,Online Securities Pvt. Ltd.,Trisul Securities & Invt. Ltd.,2026-04-15 13:00:25.437812,NIC Asia Bank Ltd.
2026041501029689,NICA,49,29,272,380.0,103360.0,2026-04-15,186416013,139,Online Securities Pvt. Ltd.,Trisul Securities & Invt. Ltd.,2026-04-15 13:00:36.880146,NIC Asia Bank Ltd.
2026041501029690,NICA,49,74,255,380.0,96900.0,2026-04-15,186416016,139,Online Securities Pvt. Ltd.,KALASH STOCK MARKET PVT. LTD.,2026-04-15 13:00:36.880186,NIC Asia Bank Ltd.
2026041501029716,NICA,59,35,129,381.0,49149.0,2026-04-15,186416197,139,Deevyaa Securities & Stock House Pvt. Ltd,Kohinoor Investment & Securities Pvt. Ltd.,2026-04-15 13:00:49.536913,NIC Asia Bank Ltd.
2026041501029717,NICA,59,8,871,381.0,331851.0,2026-04-15,186416200,139,Deevyaa Securities & Stock House Pvt. Ltd,Brilliant Securities Pvt. Ltd.,2026-04-15 13:00:49.537280,NIC Asia Bank Ltd.
2026041501029795,NICA,29,8,129,381.0,49149.0,2026-04-15,186416579,139,Trisul Securities & Invt. Ltd.,Brilliant Securities Pvt. Ltd.,2026-04-15 13:01:16.856903,NIC Asia Bank Ltd.
2026041501029796,NICA,29,8,371,381.8,141647.8,2026-04-15,186416582,139,Trisul Securities & Invt. Ltd.,Brilliant Securities Pvt. Ltd.,2026-04-15 13:01:16.857106,NIC Asia Bank Ltd.
2026041501029857,NICA,14,45,26,380.0,9880.0,2026-04-15,186416847,139,Nepal Stock House (PVT) Ltd.,Imperial Securities Company Pvt. Ltd.,2026-04-15 13:01:31.138293,NIC Asia Bank Ltd.
2026041501030163,NICA,38,45,750,380.1,285075.0,2026-04-15,186418517,139,Dipshikha Dhitopatra Karobar Co. Pvt Ltd.,Imperial Securities Company Pvt. Ltd.,2026-04-15 13:03:29.201539,NIC Asia Bank Ltd.
2026041501030200,NICA,38,58,10,380.1,3801.0,2026-04-15,186418843,139,Dipshikha Dhitopatra Karobar Co. Pvt Ltd.,Naasa Securities Co. Ltd.,2026-04-15 13:03:49.489119,NIC Asia Bank Ltd.
2026041501030219,NICA,38,28,240,380.1,91224.0,2026-04-15,186418920,139,Dipshikha Dhitopatra Karobar Co. Pvt Ltd.,Shree Krishna Securities Ltd.,2026-04-15 13:03:55.333139,NIC Asia Bank Ltd.
2026041501030220,NICA,14,28,260,380.0,98800.0,2026-04-15,186418921,139,Nepal Stock House (PVT) Ltd.,Shree Krishna Securities Ltd.,2026-04-15 13:03:55.333234,NIC Asia Bank Ltd.
2026041501030746,NICA,17,40,200,380.1,76020.0,2026-04-15,186421391,139,ABC Securities Private Limited,Creative Securities Pvt Ltd,2026-04-15 13:06:15.703016,NIC Asia Bank Ltd.
2026041501030836,NICA,17,54,30,380.1,11403.0,2026-04-15,186421853,139,ABC Securities Private Limited,Sewa Securities Pvt. Ltd.,2026-04-15 13:06:47.008683,NIC Asia Bank Ltd.
2026041501030990,NICA,49,39,10,380.8,3808.0,2026-04-15,186422633,139,Online Securities Pvt. Ltd.,Sumeru Securities Pvt. Ltd.,2026-04-15 13:07:33.740587,NIC Asia Bank Ltd.
2026041501030991,NICA,49,34,500,380.9,190450.0,2026-04-15,186422635,139,Online Securities Pvt. Ltd.,Vision Securities Pvt. Ltd,2026-04-15 13:07:33.740624,NIC Asia Bank Ltd.
2026041501030992,NICA,49,8,990,381.0,377190.0,2026-04-15,186422638,139,Online Securities Pvt. Ltd.,Brilliant Securities Pvt. Ltd.,2026-04-15 13:07:33.740650,NIC Asia Bank Ltd.
2026041501031040,NICA,17,17,200,380.1,76020.0,2026-04-15,186422875,139,ABC Securities Private Limited,ABC Securities Private Limited,2026-04-15 13:07:47.080577,NIC Asia Bank Ltd.
2026041501031065,NICA,49,8,10,381.0,3810.0,2026-04-15,186423011,139,Online Securities Pvt. Ltd.,Brilliant Securities Pvt. Ltd.,2026-04-15 13:07:57.358951,NIC Asia Bank Ltd.
2026041501031066,NICA,49,58,50,381.7,19085.0,2026-04-15,186423013,139,Online Securities Pvt. Ltd.,Naasa Securities Co. Ltd.,2026-04-15 13:07:57.359064,NIC Asia Bank Ltd.
2026041501031067,NICA,49,8,129,381.8,49252.2,2026-04-15,186423015,139,Online Securities Pvt. Ltd.,Brilliant Securities Pvt. Ltd.,2026-04-15 13:07:57.359138,NIC Asia Bank Ltd.
2026041501031068,NICA,49,8,500,381.8,190900.0,2026-04-15,186423017,139,Online Securities Pvt. Ltd.,Brilliant Securities Pvt. Ltd.,2026-04-15 13:07:57.359193,NIC Asia Bank Ltd.
2026041501031069,NICA,49,49,500,381.9,190950.0,2026-04-15,186423019,139,Online Securities Pvt. Ltd.,Online Securities Pvt. Ltd.,2026-04-15 13:07:57.359263,NIC Asia Bank Ltd.
2026041501031070,NICA,49,51,15,382.0,5730.0,2026-04-15,186423021,139,Online Securities Pvt. Ltd.,Oxford Securities Pvt. Ltd.,2026-04-15 13:07:57.359325,NIC Asia Bank Ltd.
2026041501031071,NICA,49,94,300,382.0,114600.0,2026-04-15,186423023,139,Online Securities Pvt. Ltd.,K.B.L. Securities Limited ,2026-04-15 13:07:57.359386,NIC Asia Bank Ltd.
2026041501031072,NICA,49,25,50,382.0,19100.0,2026-04-15,186423025,139,Online Securities Pvt. Ltd.,Sweta Securities Private Limited,2026-04-15 13:07:57.359445,NIC Asia Bank Ltd.
2026041501031073,NICA,49,6,46,382.0,17572.0,2026-04-15,186423028,139,Online Securities Pvt. Ltd.,Agrawal Securities (PVT) Ltd.,2026-04-15 13:07:57.359497,NIC Asia Bank Ltd.
2026041501031435,NICA,17,94,70,380.1,26607.0,2026-04-15,186425063,139,ABC Securities Private Limited,K.B.L. Securities Limited ,2026-04-15 13:09:59.263067,NIC Asia Bank Ltd.
2026041501031436,NICA,14,94,214,380.0,81320.0,2026-04-15,186425067,139,Nepal Stock House (PVT) Ltd.,K.B.L. Securities Limited ,2026-04-15 13:09:59.263419,NIC Asia Bank Ltd.
2026041501031437,NICA,41,94,216,380.0,82080.0,2026-04-15,186425069,139,Linch Stock Market Ltd.,K.B.L. Securities Limited ,2026-04-15 13:09:59.263637,NIC Asia Bank Ltd.
2026041501031586,NICA,35,28,200,381.8,76360.0,2026-04-15,186425844,139,Kohinoor Investment & Securities Pvt. Ltd.,Shree Krishna Securities Ltd.,2026-04-15 13:10:50.530151,NIC Asia Bank Ltd.
2026041501031662,NICA,41,62,284,380.0,107920.0,2026-04-15,186426306,139,Linch Stock Market Ltd.,Capital Max Securities Ltd,2026-04-15 13:11:24.138033,NIC Asia Bank Ltd.
2026041501031663,NICA,58,62,100,380.0,38000.0,2026-04-15,186426308,139,Naasa Securities Co. Ltd.,Capital Max Securities Ltd,2026-04-15 13:11:24.138208,NIC Asia Bank Ltd.
2026041501031664,NICA,45,62,169,380.0,64220.0,2026-04-15,186426310,139,Imperial Securities Company Pvt. Ltd.,Capital Max Securities Ltd,2026-04-15 13:11:24.138281,NIC Asia Bank Ltd.
2026041501031674,NICA,62,62,447,380.0,169860.0,2026-04-15,186426399,139,Capital Max Securities Ltd,Capital Max Securities Ltd,2026-04-15 13:11:33.414402,NIC Asia Bank Ltd.
2026041501031771,NICA,62,62,53,380.0,20140.0,2026-04-15,186426848,139,Capital Max Securities Ltd,Capital Max Securities Ltd,2026-04-15 13:12:01.600570,NIC Asia Bank Ltd.
2026041501031854,NICA,59,62,600,379.2,227520.0,2026-04-15,186427444,139,Deevyaa Securities & Stock House Pvt. Ltd,Capital Max Securities Ltd,2026-04-15 13:12:41.765939,NIC Asia Bank Ltd.
2026041501031855,NICA,28,62,31,379.0,11749.0,2026-04-15,186427446,139,Shree Krishna Securities Ltd.,Capital Max Securities Ltd,2026-04-15 13:12:41.766312,NIC Asia Bank Ltd.
2026041501031856,NICA,34,62,290,379.0,109910.0,2026-04-15,186427448,139,Vision Securities Pvt. Ltd,Capital Max Securities Ltd,2026-04-15 13:12:41.766595,NIC Asia Bank Ltd.
2026041501031857,NICA,45,62,79,378.9,29933.1,2026-04-15,186427449,139,Imperial Securities Company Pvt. Ltd.,Capital Max Securities Ltd,2026-04-15 13:12:41.766843,NIC Asia Bank Ltd.
2026041501031939,NICA,45,62,3000,378.9,1136700.0,2026-04-15,186427907,139,Imperial Securities Company Pvt. Ltd.,Capital Max Securities Ltd,2026-04-15 13:13:05.252144,NIC Asia Bank Ltd.
2026041501033009,NICA,34,62,50,378.6,18930.0,2026-04-15,186433938,139,Vision Securities Pvt. Ltd,Capital Max Securities Ltd,2026-04-15 13:20:12.871663,NIC Asia Bank Ltd.
2026041501033010,NICA,61,62,500,378.5,189250.0,2026-04-15,186433940,139,BHOLE GANESH SECURITIES LTD,Capital Max Securities Ltd,2026-04-15 13:20:12.871842,NIC Asia Bank Ltd.
2026041501033011,NICA,53,62,100,378.1,37810.0,2026-04-15,186433942,139,Investment Management Nepal Pvt. Ltd.,Capital Max Securities Ltd,2026-04-15 13:20:12.871921,NIC Asia Bank Ltd.
2026041501033012,NICA,58,62,10,378.0,3780.0,2026-04-15,186433944,139,Naasa Securities Co. Ltd.,Capital Max Securities Ltd,2026-04-15 13:20:12.871999,NIC Asia Bank Ltd.
2026041501033013,NICA,62,62,39,378.0,14742.0,2026-04-15,186433946,139,Capital Max Securities Ltd,Capital Max Securities Ltd,2026-04-15 13:20:12.872080,NIC Asia Bank Ltd.
2026041501033351,NICA,49,62,10,378.0,3780.0,2026-04-15,186435912,139,Online Securities Pvt. Ltd.,Capital Max Securities Ltd,2026-04-15 13:22:44.397428,NIC Asia Bank Ltd.
2026041501033475,NICA,65,62,238,378.0,89964.0,2026-04-15,186436579,139,Sharepro Securities Private Limited,Capital Max Securities Ltd,2026-04-15 13:23:33.574172,NIC Asia Bank Ltd.
2026041501033568,NICA,32,8,130,379.9,49387.0,2026-04-15,186437090,139,Premier Securities Company Ltd.,Brilliant Securities Pvt. Ltd.,2026-04-15 13:24:07.359232,NIC Asia Bank Ltd.
2026041501033574,NICA,65,57,20,378.0,7560.0,2026-04-15,186437115,139,Sharepro Securities Private Limited,Aryatara Investment & Securities,2026-04-15 13:24:08.386098,NIC Asia Bank Ltd.
2026041501033667,NICA,49,38,10,378.1,3781.0,2026-04-15,186437605,139,Online Securities Pvt. Ltd.,Dipshikha Dhitopatra Karobar Co. Pvt Ltd.,2026-04-15 13:24:52.098879,NIC Asia Bank Ltd.
2026041501033719,NICA,49,58,113,378.1,42725.3,2026-04-15,186437853,139,Online Securities Pvt. Ltd.,Naasa Securities Co. Ltd.,2026-04-15 13:25:15.818354,NIC Asia Bank Ltd.
2026041501033896,NICA,49,35,487,378.1,184134.7,2026-04-15,186438778,139,Online Securities Pvt. Ltd.,Kohinoor Investment & Securities Pvt. Ltd.,2026-04-15 13:26:19.316341,NIC Asia Bank Ltd.
2026041501033897,NICA,16,35,100,378.1,37810.0,2026-04-15,186438781,139,Primo Securities (PVT) Ltd.,Kohinoor Investment & Securities Pvt. Ltd.,2026-04-15 13:26:19.316529,NIC Asia Bank Ltd.
2026041501033898,NICA,65,35,10,378.0,3780.0,2026-04-15,186438784,139,Sharepro Securities Private Limited,Kohinoor Investment & Securities Pvt. Ltd.,2026-04-15 13:26:19.316611,NIC Asia Bank Ltd.
2026041501033899,NICA,35,35,35,378.0,13230.0,2026-04-15,186438786,139,Kohinoor Investment & Securities Pvt. Ltd.,Kohinoor Investment & Securities Pvt. Ltd.,2026-04-15 13:26:19.316688,NIC Asia Bank Ltd.
2026041501033900,NICA,57,35,68,377.8,25690.4,2026-04-15,186438787,139,Aryatara Investment & Securities,Kohinoor Investment & Securities Pvt. Ltd.,2026-04-15 13:26:19.316766,NIC Asia Bank Ltd.
2026041501033979,NICA,57,47,100,377.8,37780.0,2026-04-15,186439313,139,Aryatara Investment & Securities,Neev Securities Pvt. Ltd.,2026-04-15 13:26:59.877591,NIC Asia Bank Ltd.
2026041501035315,NICA,33,42,100,377.9,37790.0,2026-04-15,186446138,139,Dakshinkali Investment & Securities Pvt. Ltd.,Sani Securities Company Ltd.,2026-04-15 13:35:10.202795,NIC Asia Bank Ltd.
2026041501035316,NICA,57,42,832,377.8,314329.6,2026-04-15,186446140,139,Aryatara Investment & Securities,Sani Securities Company Ltd.,2026-04-15 13:35:10.203178,NIC Asia Bank Ltd.
2026041501035317,NICA,25,42,100,377.7,37770.0,2026-04-15,186446142,139,Sweta Securities Private Limited,Sani Securities Company Ltd.,2026-04-15 13:35:10.203416,NIC Asia Bank Ltd.
2026041501035318,NICA,45,42,550,377.1,207405.0,2026-04-15,186446144,139,Imperial Securities Company Pvt. Ltd.,Sani Securities Company Ltd.,2026-04-15 13:35:10.203730,NIC Asia Bank Ltd.
2026041501035319,NICA,17,42,918,377.0,346086.0,2026-04-15,186446145,139,ABC Securities Private Limited,Sani Securities Company Ltd.,2026-04-15 13:35:10.204089,NIC Asia Bank Ltd.
2026041501035343,NICA,17,57,21,377.0,7917.0,2026-04-15,186446339,139,ABC Securities Private Limited,Aryatara Investment & Securities,2026-04-15 13:35:23.944892,NIC Asia Bank Ltd.
2026041501035353,NICA,44,39,10,378.5,3785.0,2026-04-15,186446406,139,Dynamic Money Managers Securities Pvt. Ltd.,Sumeru Securities Pvt. Ltd.,2026-04-15 13:35:30.507342,NIC Asia Bank Ltd.
2026041501035725,NICA,37,29,30,379.0,11370.0,2026-04-15,186448065,139,Swarna Laxmi Securities Pvt. Ltd.,Trisul Securities & Invt. Ltd.,2026-04-15 13:38:07.763078,NIC Asia Bank Ltd.
2026041501035763,NICA,37,41,70,379.0,26530.0,2026-04-15,186448389,139,Swarna Laxmi Securities Pvt. Ltd.,Linch Stock Market Ltd.,2026-04-15 13:38:41.067339,NIC Asia Bank Ltd.
2026041501036724,NICA,38,8,50,379.9,18995.0,2026-04-15,186453300,139,Dipshikha Dhitopatra Karobar Co. Pvt Ltd.,Brilliant Securities Pvt. Ltd.,2026-04-15 13:45:45.837564,NIC Asia Bank Ltd.
2026041501036966,NICA,57,8,200,379.0,75800.0,2026-04-15,186454584,139,Aryatara Investment & Securities,Brilliant Securities Pvt. Ltd.,2026-04-15 13:47:04.056811,NIC Asia Bank Ltd.
2026041501036967,NICA,59,8,20,378.0,7560.0,2026-04-15,186454586,139,Deevyaa Securities & Stock House Pvt. Ltd,Brilliant Securities Pvt. Ltd.,2026-04-15 13:47:04.057000,NIC Asia Bank Ltd.
2026041501036968,NICA,41,8,300,378.0,113400.0,2026-04-15,186454588,139,Linch Stock Market Ltd.,Brilliant Securities Pvt. Ltd.,2026-04-15 13:47:04.057091,NIC Asia Bank Ltd.
2026041501036969,NICA,51,8,10,377.3,3773.0,2026-04-15,186454590,139,Oxford Securities Pvt. Ltd.,Brilliant Securities Pvt. Ltd.,2026-04-15 13:47:04.057170,NIC Asia Bank Ltd.
2026041501036970,NICA,33,8,50,377.2,18860.0,2026-04-15,186454592,139,Dakshinkali Investment & Securities Pvt. Ltd.,Brilliant Securities Pvt. Ltd.,2026-04-15 13:47:04.057247,NIC Asia Bank Ltd.
2026041501036971,NICA,51,8,10,377.1,3771.0,2026-04-15,186454594,139,Oxford Securities Pvt. Ltd.,Brilliant Securities Pvt. Ltd.,2026-04-15 13:47:04.057325,NIC Asia Bank Ltd.
2026041501036972,NICA,17,8,61,377.0,22997.0,2026-04-15,186454596,139,ABC Securities Private Limited,Brilliant Securities Pvt. Ltd.,2026-04-15 13:47:04.057498,NIC Asia Bank Ltd.
2026041501036973,NICA,58,8,349,377.0,131573.0,2026-04-15,186454597,139,Naasa Securities Co. Ltd.,Brilliant Securities Pvt. Ltd.,2026-04-15 13:47:04.057721,NIC Asia Bank Ltd.
2026041501036996,NICA,58,8,651,377.0,245427.0,2026-04-15,186454702,139,Naasa Securities Co. Ltd.,Brilliant Securities Pvt. Ltd.,2026-04-15 13:47:17.552335,NIC Asia Bank Ltd.
2026041501036997,NICA,58,8,10,377.0,3770.0,2026-04-15,186454704,139,Naasa Securities Co. Ltd.,Brilliant Securities Pvt. Ltd.,2026-04-15 13:47:17.552550,NIC Asia Bank Ltd.
2026041501036998,NICA,58,8,320,377.0,120640.0,2026-04-15,186454706,139,Naasa Securities Co. Ltd.,Brilliant Securities Pvt. Ltd.,2026-04-15 13:47:17.552633,NIC Asia Bank Ltd.
2026041501037087,NICA,45,8,10,377.0,3770.0,2026-04-15,186455206,139,Imperial Securities Company Pvt. Ltd.,Brilliant Securities Pvt. Ltd.,2026-04-15 13:47:55.554249,NIC Asia Bank Ltd.
2026041501037376,NICA,29,8,10,379.9,3799.0,2026-04-15,186456888,139,Trisul Securities & Invt. Ltd.,Brilliant Securities Pvt. Ltd.,2026-04-15 13:50:07.132405,NIC Asia Bank Ltd.
2026041501037839,NICA,41,34,200,379.0,75800.0,2026-04-15,186459341,139,Linch Stock Market Ltd.,Vision Securities Pvt. Ltd,2026-04-15 13:52:32.942519,NIC Asia Bank Ltd.
2026041501038020,NICA,13,8,310,379.9,117769.0,2026-04-15,186460375,139,Thrive Brokerage House Pvt. Ltd,Brilliant Securities Pvt. Ltd.,2026-04-15 13:53:35.690285,NIC Asia Bank Ltd.
2026041501038021,NICA,13,14,200,380.0,76000.0,2026-04-15,186460377,139,Thrive Brokerage House Pvt. Ltd,Nepal Stock House (PVT) Ltd.,2026-04-15 13:53:35.690493,NIC Asia Bank Ltd.
2026041501038022,NICA,13,49,14,380.0,5320.0,2026-04-15,186460379,139,Thrive Brokerage House Pvt. Ltd,Online Securities Pvt. Ltd.,2026-04-15 13:53:35.690577,NIC Asia Bank Ltd.
2026041501038023,NICA,13,28,40,380.0,15200.0,2026-04-15,186460381,139,Thrive Brokerage House Pvt. Ltd,Shree Krishna Securities Ltd.,2026-04-15 13:53:35.690657,NIC Asia Bank Ltd.
2026041501038024,NICA,13,49,100,380.0,38000.0,2026-04-15,186460383,139,Thrive Brokerage House Pvt. Ltd,Online Securities Pvt. Ltd.,2026-04-15 13:53:35.690753,NIC Asia Bank Ltd.
2026041501038025,NICA,13,42,100,380.0,38000.0,2026-04-15,186460385,139,Thrive Brokerage House Pvt. Ltd,Sani Securities Company Ltd.,2026-04-15 13:53:35.690842,NIC Asia Bank Ltd.
2026041501038026,NICA,13,28,189,380.0,71820.0,2026-04-15,186460387,139,Thrive Brokerage House Pvt. Ltd,Shree Krishna Securities Ltd.,2026-04-15 13:53:35.690920,NIC Asia Bank Ltd.
2026041501038103,NICA,13,58,45,380.0,17100.0,2026-04-15,186460869,139,Thrive Brokerage House Pvt. Ltd,Naasa Securities Co. Ltd.,2026-04-15 13:54:13.690765,NIC Asia Bank Ltd.
2026041501038269,NICA,58,58,10,380.8,3808.0,2026-04-15,186461921,139,Naasa Securities Co. Ltd.,Naasa Securities Co. Ltd.,2026-04-15 13:55:40.259218,NIC Asia Bank Ltd.
2026041501038270,NICA,58,54,50,380.9,19045.0,2026-04-15,186461923,139,Naasa Securities Co. Ltd.,Sewa Securities Pvt. Ltd.,2026-04-15 13:55:40.259590,NIC Asia Bank Ltd.
2026041501038271,NICA,58,58,200,381.0,76200.0,2026-04-15,186461925,139,Naasa Securities Co. Ltd.,Naasa Securities Co. Ltd.,2026-04-15 13:55:40.259825,NIC Asia Bank Ltd.
2026041501038272,NICA,58,38,240,381.0,91440.0,2026-04-15,186461928,139,Naasa Securities Co. Ltd.,Dipshikha Dhitopatra Karobar Co. Pvt Ltd.,2026-04-15 13:55:40.260098,NIC Asia Bank Ltd.
2026041501038660,NICA,56,54,50,380.9,19045.0,2026-04-15,186463501,139,Sri Hari Securities Pvt. Ltd.,Sewa Securities Pvt. Ltd.,2026-04-15 13:57:53.608467,NIC Asia Bank Ltd.
2026041501038733,NICA,28,6,500,381.0,190500.0,2026-04-15,186463910,139,Shree Krishna Securities Ltd.,Agrawal Securities (PVT) Ltd.,2026-04-15 13:58:35.851660,NIC Asia Bank Ltd.
2026041501038773,NICA,13,34,200,381.0,76200.0,2026-04-15,186464177,139,Thrive Brokerage House Pvt. Ltd,Vision Securities Pvt. Ltd,2026-04-15 13:59:00.796853,NIC Asia Bank Ltd.
2026041501038833,NICA,13,45,300,381.0,114300.0,2026-04-15,186464468,139,Thrive Brokerage House Pvt. Ltd,Imperial Securities Company Pvt. Ltd.,2026-04-15 13:59:30.900952,NIC Asia Bank Ltd.
2026041501038834,NICA,56,45,210,380.9,79989.0,2026-04-15,186464470,139,Sri Hari Securities Pvt. Ltd.,Imperial Securities Company Pvt. Ltd.,2026-04-15 13:59:30.901487,NIC Asia Bank Ltd.
2026041501038835,NICA,13,45,700,380.0,266000.0,2026-04-15,186464471,139,Thrive Brokerage House Pvt. Ltd,Imperial Securities Company Pvt. Ltd.,2026-04-15 13:59:30.901886,NIC Asia Bank Ltd.
2026041501038898,NICA,13,49,300,380.0,114000.0,2026-04-15,186464824,139,Thrive Brokerage House Pvt. Ltd,Online Securities Pvt. Ltd.,2026-04-15 14:00:01.546128,NIC Asia Bank Ltd.
2026041501039645,NICA,65,56,500,379.1,189550.0,2026-04-15,186467960,139,Sharepro Securities Private Limited,Sri Hari Securities Pvt. Ltd.,2026-04-15 14:05:13.808978,NIC Asia Bank Ltd.
2026041501039646,NICA,65,56,200,379.1,75820.0,2026-04-15,186467962,139,Sharepro Securities Private Limited,Sri Hari Securities Pvt. Ltd.,2026-04-15 14:05:13.809392,NIC Asia Bank Ltd.
2026041501039647,NICA,41,56,200,379.0,75800.0,2026-04-15,186467963,139,Linch Stock Market Ltd.,Sri Hari Securities Pvt. Ltd.,2026-04-15 14:05:13.809643,NIC Asia Bank Ltd.
2026041501039749,NICA,54,58,20,379.5,7590.0,2026-04-15,186468489,139,Sewa Securities Pvt. Ltd.,Naasa Securities Co. Ltd.,2026-04-15 14:06:01.948506,NIC Asia Bank Ltd.
2026041501040022,NICA,53,8,50,379.9,18995.0,2026-04-15,186470030,139,Investment Management Nepal Pvt. Ltd.,Brilliant Securities Pvt. Ltd.,2026-04-15 14:08:45.788737,NIC Asia Bank Ltd.
2026041501040059,NICA,65,21,300,379.1,113730.0,2026-04-15,186470197,139,Sharepro Securities Private Limited,Midas Stock Broking Company Private Limited,2026-04-15 14:08:58.422071,NIC Asia Bank Ltd.
2026041501040291,NICA,41,22,140,379.0,53060.0,2026-04-15,186471485,139,Linch Stock Market Ltd.,Siprabi Securities Pvt. Ltd.,2026-04-15 14:11:09.171512,NIC Asia Bank Ltd.
2026041501040817,NICA,41,44,30,379.0,11370.0,2026-04-15,186474351,139,Linch Stock Market Ltd.,Dynamic Money Managers Securities Pvt. Ltd.,2026-04-15 14:15:33.240003,NIC Asia Bank Ltd.
2026041501041142,NICA,41,58,29,379.0,10991.0,2026-04-15,186475947,139,Linch Stock Market Ltd.,Naasa Securities Co. Ltd.,2026-04-15 14:17:54.789472,NIC Asia Bank Ltd.
2026041501041196,NICA,41,45,1401,379.0,530979.0,2026-04-15,186476282,139,Linch Stock Market Ltd.,Imperial Securities Company Pvt. Ltd.,2026-04-15 14:18:09.067807,NIC Asia Bank Ltd.
2026041501041197,NICA,29,45,200,379.0,75800.0,2026-04-15,186476284,139,Trisul Securities & Invt. Ltd.,Imperial Securities Company Pvt. Ltd.,2026-04-15 14:18:09.068241,NIC Asia Bank Ltd.
2026041501041198,NICA,75,45,599,379.0,227021.0,2026-04-15,186476285,139,N.I.M.B. Stock Markets Limited,Imperial Securities Company Pvt. Ltd.,2026-04-15 14:18:09.068519,NIC Asia Bank Ltd.
2026041501041221,NICA,7,17,245,377.2,92414.0,2026-04-15,186476427,139,J.F. Securites (PVT) Ltd.,ABC Securities Private Limited,2026-04-15 14:18:23.758391,NIC Asia Bank Ltd.
2026041501041225,NICA,14,17,10,377.1,3771.0,2026-04-15,186476451,139,Nepal Stock House (PVT) Ltd.,ABC Securities Private Limited,2026-04-15 14:18:27.308679,NIC Asia Bank Ltd.
2026041501041434,NICA,65,17,40,377.2,15088.0,2026-04-15,186477779,139,Sharepro Securities Private Limited,ABC Securities Private Limited,2026-04-15 14:19:56.764277,NIC Asia Bank Ltd.
2026041501041540,NICA,75,26,1,379.0,379.0,2026-04-15,186478509,139,N.I.M.B. Stock Markets Limited,Asian Securities Private Ltd.,2026-04-15 14:20:40.212957,NIC Asia Bank Ltd.
2026041501041560,NICA,65,81,260,377.2,98072.0,2026-04-15,186478684,139,Sharepro Securities Private Limited,Aakashbhairab Securities Ltd.,2026-04-15 14:20:53.022947,NIC Asia Bank Ltd.
2026041501041561,NICA,14,81,490,377.1,184779.0,2026-04-15,186478686,139,Nepal Stock House (PVT) Ltd.,Aakashbhairab Securities Ltd.,2026-04-15 14:20:53.023432,NIC Asia Bank Ltd.
2026041501041562,NICA,62,81,2000,377.1,754200.0,2026-04-15,186478688,139,Capital Max Securities Ltd,Aakashbhairab Securities Ltd.,2026-04-15 14:20:53.023685,NIC Asia Bank Ltd.
2026041501041815,NICA,51,57,10,376.9,3769.0,2026-04-15,186480084,139,Oxford Securities Pvt. Ltd.,Aryatara Investment & Securities,2026-04-15 14:22:18.736804,NIC Asia Bank Ltd.
2026041501041816,NICA,61,57,119,376.8,44839.2,2026-04-15,186480085,139,BHOLE GANESH SECURITIES LTD,Aryatara Investment & Securities,2026-04-15 14:22:18.737054,NIC Asia Bank Ltd.
2026041501042248,NICA,10,51,25,378.7,9467.5,2026-04-15,186482929,139,Pragyan Securities (PVT) Ltd.,Oxford Securities Pvt. Ltd.,2026-04-15 14:24:45.596253,NIC Asia Bank Ltd.
2026041501042284,NICA,10,57,75,378.7,28402.5,2026-04-15,186483220,139,Pragyan Securities (PVT) Ltd.,Aryatara Investment & Securities,2026-04-15 14:25:00.772965,NIC Asia Bank Ltd.
2026041501042454,NICA,32,7,20,378.0,7560.0,2026-04-15,186484523,139,Premier Securities Company Ltd.,J.F. Securites (PVT) Ltd.,2026-04-15 14:26:04.491437,NIC Asia Bank Ltd.
2026041501042455,NICA,32,57,25,378.7,9467.5,2026-04-15,186484525,139,Premier Securities Company Ltd.,Aryatara Investment & Securities,2026-04-15 14:26:04.491873,NIC Asia Bank Ltd.
2026041501042608,NICA,32,21,110,378.0,41580.0,2026-04-15,186485482,139,Premier Securities Company Ltd.,Midas Stock Broking Company Private Limited,2026-04-15 14:26:58.813260,NIC Asia Bank Ltd.
2026041501042609,NICA,34,21,90,377.0,33930.0,2026-04-15,186485483,139,Vision Securities Pvt. Ltd,Midas Stock Broking Company Private Limited,2026-04-15 14:26:58.813370,NIC Asia Bank Ltd.
2026041501042790,NICA,34,49,30,377.0,11310.0,2026-04-15,186486865,139,Vision Securities Pvt. Ltd,Online Securities Pvt. Ltd.,2026-04-15 14:28:07.523987,NIC Asia Bank Ltd.
2026041501043212,NICA,61,42,381,376.8,143560.8,2026-04-15,186489576,139,BHOLE GANESH SECURITIES LTD,Sani Securities Company Ltd.,2026-04-15 14:30:21.780551,NIC Asia Bank Ltd.
2026041501043213,NICA,53,42,1119,376.6,421415.4,2026-04-15,186489577,139,Investment Management Nepal Pvt. Ltd.,Sani Securities Company Ltd.,2026-04-15 14:30:21.780806,NIC Asia Bank Ltd.
2026041501043438,NICA,53,17,400,376.6,150640.0,2026-04-15,186490991,139,Investment Management Nepal Pvt. Ltd.,ABC Securities Private Limited,2026-04-15 14:31:39.666850,NIC Asia Bank Ltd.
2026041501043465,NICA,53,49,166,376.6,62515.6,2026-04-15,186491191,139,Investment Management Nepal Pvt. Ltd.,Online Securities Pvt. Ltd.,2026-04-15 14:31:50.190174,NIC Asia Bank Ltd.
2026041501043614,NICA,53,58,315,376.6,118629.0,2026-04-15,186492147,139,Investment Management Nepal Pvt. Ltd.,Naasa Securities Co. Ltd.,2026-04-15 14:32:37.795895,NIC Asia Bank Ltd.
2026041501043615,NICA,58,58,12,376.6,4519.2,2026-04-15,186492149,139,Naasa Securities Co. Ltd.,Naasa Securities Co. Ltd.,2026-04-15 14:32:37.796181,NIC Asia Bank Ltd.
2026041501043616,NICA,69,58,4673,376.5,1759384.5,2026-04-15,186492150,139,INDEX SECURITIES LIMITED,Naasa Securities Co. Ltd.,2026-04-15 14:32:37.796270,NIC Asia Bank Ltd.
2026041501043722,NICA,69,14,300,376.5,112950.0,2026-04-15,186492757,139,INDEX SECURITIES LIMITED,Nepal Stock House (PVT) Ltd.,2026-04-15 14:33:14.194468,NIC Asia Bank Ltd.
2026041501043788,NICA,34,57,10,376.6,3766.0,2026-04-15,186493115,139,Vision Securities Pvt. Ltd,Aryatara Investment & Securities,2026-04-15 14:33:30.675867,NIC Asia Bank Ltd.
2026041501044068,NICA,81,49,10,377.0,3770.0,2026-04-15,186494715,139,Aakashbhairab Securities Ltd.,Online Securities Pvt. Ltd.,2026-04-15 14:35:11.636905,NIC Asia Bank Ltd.
2026041501044069,NICA,81,41,490,377.0,184730.0,2026-04-15,186494718,139,Aakashbhairab Securities Ltd.,Linch Stock Market Ltd.,2026-04-15 14:35:11.637388,NIC Asia Bank Ltd.
2026041501044187,NICA,34,56,100,376.6,37660.0,2026-04-15,186495491,139,Vision Securities Pvt. Ltd,Sri Hari Securities Pvt. Ltd.,2026-04-15 14:35:42.034888,NIC Asia Bank Ltd.
2026041501044213,NICA,42,41,110,377.0,41470.0,2026-04-15,186495616,139,Sani Securities Company Ltd.,Linch Stock Market Ltd.,2026-04-15 14:35:49.571694,NIC Asia Bank Ltd.
2026041501044244,NICA,42,42,20,376.9,7538.0,2026-04-15,186495828,139,Sani Securities Company Ltd.,Sani Securities Company Ltd.,2026-04-15 14:36:02.380700,NIC Asia Bank Ltd.
2026041501044377,NICA,45,42,180,376.9,67842.0,2026-04-15,186496733,139,Imperial Securities Company Pvt. Ltd.,Sani Securities Company Ltd.,2026-04-15 14:37:00.227405,NIC Asia Bank Ltd.
2026041501044425,NICA,45,17,70,376.7,26369.0,2026-04-15,186497092,139,Imperial Securities Company Pvt. Ltd.,ABC Securities Private Limited,2026-04-15 14:37:25.113726,NIC Asia Bank Ltd.
2026041501044426,NICA,34,17,10,376.6,3766.0,2026-04-15,186497094,139,Vision Securities Pvt. Ltd,ABC Securities Private Limited,2026-04-15 14:37:25.113950,NIC Asia Bank Ltd.
2026041501044469,NICA,69,49,300,376.5,112950.0,2026-04-15,186497371,139,INDEX SECURITIES LIMITED,Online Securities Pvt. Ltd.,2026-04-15 14:37:44.739765,NIC Asia Bank Ltd.
2026041501044810,NICA,34,49,100,376.6,37660.0,2026-04-15,186499254,139,Vision Securities Pvt. Ltd,Online Securities Pvt. Ltd.,2026-04-15 14:39:45.340113,NIC Asia Bank Ltd.
2026041501045516,NICA,42,42,1500,376.6,564900.0,2026-04-15,186502879,139,Sani Securities Company Ltd.,Sani Securities Company Ltd.,2026-04-15 14:43:25.075402,NIC Asia Bank Ltd.
2026041501045617,NICA,54,17,9,380.0,3420.0,2026-04-15,186503465,139,Sewa Securities Pvt. Ltd.,ABC Securities Private Limited,2026-04-15 14:44:00.264239,NIC Asia Bank Ltd.
2026041501046056,NICA,36,45,20,377.0,7540.0,2026-04-15,186505723,139,Secured Securities Ltd.,Imperial Securities Company Pvt. Ltd.,2026-04-15 14:45:59.488837,NIC Asia Bank Ltd.
2026041501046057,NICA,36,54,30,377.4,11322.0,2026-04-15,186505726,139,Secured Securities Ltd.,Sewa Securities Pvt. Ltd.,2026-04-15 14:45:59.489095,NIC Asia Bank Ltd.
2026041501046626,NICA,4,51,35,377.0,13195.0,2026-04-15,186508589,139,Opal Securities Investment (PVT) Ltd.,Oxford Securities Pvt. Ltd.,2026-04-15 14:48:30.854798,NIC Asia Bank Ltd.
2026041501046635,NICA,4,58,80,377.0,30160.0,2026-04-15,186508675,139,Opal Securities Investment (PVT) Ltd.,Naasa Securities Co. Ltd.,2026-04-15 14:48:36.075310,NIC Asia Bank Ltd.
2026041501046984,NICA,4,35,85,377.0,32045.0,2026-04-15,186510060,139,Opal Securities Investment (PVT) Ltd.,Kohinoor Investment & Securities Pvt. Ltd.,2026-04-15 14:49:27.803917,NIC Asia Bank Ltd.
2026041501046985,NICA,81,35,250,377.0,94250.0,2026-04-15,186510062,139,Aakashbhairab Securities Ltd.,Kohinoor Investment & Securities Pvt. Ltd.,2026-04-15 14:49:27.804346,NIC Asia Bank Ltd.
2026041501047123,NICA,4,35,10,377.0,3770.0,2026-04-15,186510646,139,Opal Securities Investment (PVT) Ltd.,Kohinoor Investment & Securities Pvt. Ltd.,2026-04-15 14:49:58.463261,NIC Asia Bank Ltd.
2026041501047706,NICA,69,78,60,376.5,22590.0,2026-04-15,186512613,139,INDEX SECURITIES LIMITED,Garima Securities Limited,2026-04-15 14:50:56.966641,NIC Asia Bank Ltd.
2026041501048323,NICA,69,57,20,376.5,7530.0,2026-04-15,186515557,139,INDEX SECURITIES LIMITED,Aryatara Investment & Securities,2026-04-15 14:53:07.310087,NIC Asia Bank Ltd.
2026041501048473,NICA,69,41,100,376.5,37650.0,2026-04-15,186516429,139,INDEX SECURITIES LIMITED,Linch Stock Market Ltd.,2026-04-15 14:53:59.488067,NIC Asia Bank Ltd.
2026041501048569,NICA,95,35,55,377.0,20735.0,2026-04-15,186516959,139,Magnet Securities and Investment Company Private Limited,Kohinoor Investment & Securities Pvt. Ltd.,2026-04-15 14:54:24.135444,NIC Asia Bank Ltd.
2026041501048570,NICA,95,56,45,377.0,16965.0,2026-04-15,186516962,139,Magnet Securities and Investment Company Private Limited,Sri Hari Securities Pvt. Ltd.,2026-04-15 14:54:24.135666,NIC Asia Bank Ltd.
2026041501048601,NICA,81,56,500,377.0,188500.0,2026-04-15,186517226,139,Aakashbhairab Securities Ltd.,Sri Hari Securities Pvt. Ltd.,2026-04-15 14:54:32.537904,NIC Asia Bank Ltd.
2026041501048721,NICA,32,54,10,376.9,3769.0,2026-04-15,186517876,139,Premier Securities Company Ltd.,Sewa Securities Pvt. Ltd.,2026-04-15 14:54:58.075139,NIC Asia Bank Ltd.
2026041501048722,NICA,32,56,490,377.0,184730.0,2026-04-15,186517879,139,Premier Securities Company Ltd.,Sri Hari Securities Pvt. Ltd.,2026-04-15 14:54:58.075357,NIC Asia Bank Ltd.
2026041501048808,NICA,5,13,200,376.6,75320.0,2026-04-15,186518514,139,Market Securities & Exchange (PVT) Ltd.,Thrive Brokerage House Pvt. Ltd,2026-04-15 14:55:15.747106,NIC Asia Bank Ltd.
2026041501048809,NICA,69,13,300,376.5,112950.0,2026-04-15,186518515,139,INDEX SECURITIES LIMITED,Thrive Brokerage House Pvt. Ltd,2026-04-15 14:55:15.747313,NIC Asia Bank Ltd.
2026041501048940,NICA,58,45,150,376.6,56490.0,2026-04-15,186519230,139,Naasa Securities Co. Ltd.,Imperial Securities Company Pvt. Ltd.,2026-04-15 14:55:43.203760,NIC Asia Bank Ltd.
2026041501049261,NICA,69,78,60,376.5,22590.0,2026-04-15,186520857,139,INDEX SECURITIES LIMITED,Garima Securities Limited,2026-04-15 14:56:34.709046,NIC Asia Bank Ltd.
2026041501049366,NICA,42,45,65,376.6,24479.0,2026-04-15,186521571,139,Sani Securities Company Ltd.,Imperial Securities Company Pvt. Ltd.,2026-04-15 14:56:56.986474,NIC Asia Bank Ltd.
2026041501049592,NICA,42,45,50,376.8,18840.0,2026-04-15,186523527,139,Sani Securities Company Ltd.,Imperial Securities Company Pvt. Ltd.,2026-04-15 14:57:52.876291,NIC Asia Bank Ltd.
2026041501049593,NICA,42,14,100,376.8,37680.0,2026-04-15,186523529,139,Sani Securities Company Ltd.,Nepal Stock House (PVT) Ltd.,2026-04-15 14:57:52.876531,NIC Asia Bank Ltd.
2026041501049594,NICA,42,54,10,376.9,3769.0,2026-04-15,186523531,139,Sani Securities Company Ltd.,Sewa Securities Pvt. Ltd.,2026-04-15 14:57:52.876633,NIC Asia Bank Ltd.
2026041501049595,NICA,42,33,40,376.9,15076.0,2026-04-15,186523534,139,Sani Securities Company Ltd.,Dakshinkali Investment & Securities Pvt. Ltd.,2026-04-15 14:57:52.876722,NIC Asia Bank Ltd.
2026041501049632,NICA,42,58,35,376.6,13181.0,2026-04-15,186523832,139,Sani Securities Company Ltd.,Naasa Securities Co. Ltd.,2026-04-15 14:58:01.021096,NIC Asia Bank Ltd.
2026041501049633,NICA,69,58,175,376.5,65887.5,2026-04-15,186523833,139,INDEX SECURITIES LIMITED,Naasa Securities Co. Ltd.,2026-04-15 14:58:01.021322,NIC Asia Bank Ltd.
2026041501049697,NICA,14,33,10,376.9,3769.0,2026-04-15,186524245,139,Nepal Stock House (PVT) Ltd.,Dakshinkali Investment & Securities Pvt. Ltd.,2026-04-15 14:58:12.186246,NIC Asia Bank Ltd.
2026041501049860,NICA,69,6,100,376.5,37650.0,2026-04-15,186525215,139,INDEX SECURITIES LIMITED,Agrawal Securities (PVT) Ltd.,2026-04-15 14:58:39.208889,NIC Asia Bank Ltd.
2026041501050558,NICA,58,32,43,376.6,16193.8,2026-04-15,186530054,139,Naasa Securities Co. Ltd.,Premier Securities Company Ltd.,2026-04-15 14:59:52.941856,NIC Asia Bank Ltd.
2026041501050559,NICA,42,32,30,376.6,11298.0,2026-04-15,186530056,139,Sani Securities Company Ltd.,Premier Securities Company Ltd.,2026-04-15 14:59:52.942062,NIC Asia Bank Ltd.
2026041501050560,NICA,69,32,27,376.5,10165.5,2026-04-15,186530057,139,INDEX SECURITIES LIMITED,Premier Securities Company Ltd.,2026-04-15 14:59:52.942155,NIC Asia Bank Ltd.
2026041501050666,NICA,69,48,100,376.5,37650.0,2026-04-15,186530597,139,INDEX SECURITIES LIMITED,Trishakti Securities Public Limited,2026-04-15 14:59:56.857592,NIC Asia Bank Ltd.
