contractId,stockSymbol,buyerMemberId,sellerMemberId,quantity,rate,amount,businessDate,tradeBookId,stockId,buyerBrokerName,sellerBrokerName,transaction_time,securityName
2026041505000070,NRN,29,80,1,1615.0,1615.0,2026-04-15,186285775,2898,Trisul Securities & Invt. Ltd.,Indira securities pvt. ltd,2026-04-15 11:01:34.407330,NRN Infrastructure and Development Limited
2026041505000093,NRN,17,64,300,1635.0,490500.0,2026-04-15,186286104,2898,ABC Securities Private Limited,SUN SECURITIES PVT LTD,2026-04-15 11:01:54.383369,NRN Infrastructure and Development Limited
2026041505000190,NRN,39,32,350,1634.0,571900.0,2026-04-15,186288124,2898,Sumeru Securities Pvt. Ltd.,Premier Securities Company Ltd.,2026-04-15 11:03:37.291211,NRN Infrastructure and Development Limited
2026041505000203,NRN,81,64,200,1635.0,327000.0,2026-04-15,186288381,2898,Aakashbhairab Securities Ltd.,SUN SECURITIES PVT LTD,2026-04-15 11:03:51.500380,NRN Infrastructure and Development Limited
2026041505000204,NRN,81,28,100,1635.0,163500.0,2026-04-15,186288384,2898,Aakashbhairab Securities Ltd.,Shree Krishna Securities Ltd.,2026-04-15 11:03:51.500590,NRN Infrastructure and Development Limited
2026041505000226,NRN,91,7,100,1632.0,163200.0,2026-04-15,186288899,2898,Citizens Share Broker Limited,J.F. Securites (PVT) Ltd.,2026-04-15 11:04:20.789362,NRN Infrastructure and Development Limited
2026041505000242,NRN,21,7,500,1638.9,819450.0,2026-04-15,186289157,2898,Midas Stock Broking Company Private Limited,J.F. Securites (PVT) Ltd.,2026-04-15 11:04:37.236547,NRN Infrastructure and Development Limited
2026041505000243,NRN,21,59,200,1639.0,327800.0,2026-04-15,186289159,2898,Midas Stock Broking Company Private Limited,Deevyaa Securities & Stock House Pvt. Ltd,2026-04-15 11:04:37.236693,NRN Infrastructure and Development Limited
2026041505000244,NRN,21,7,500,1640.0,820000.0,2026-04-15,186289161,2898,Midas Stock Broking Company Private Limited,J.F. Securites (PVT) Ltd.,2026-04-15 11:04:37.236755,NRN Infrastructure and Development Limited
2026041505000245,NRN,21,39,150,1640.0,246000.0,2026-04-15,186289163,2898,Midas Stock Broking Company Private Limited,Sumeru Securities Pvt. Ltd.,2026-04-15 11:04:37.236808,NRN Infrastructure and Development Limited
2026041505000246,NRN,21,57,10,1640.0,16400.0,2026-04-15,186289165,2898,Midas Stock Broking Company Private Limited,Aryatara Investment & Securities,2026-04-15 11:04:37.236858,NRN Infrastructure and Development Limited
2026041505000247,NRN,21,22,100,1640.0,164000.0,2026-04-15,186289167,2898,Midas Stock Broking Company Private Limited,Siprabi Securities Pvt. Ltd.,2026-04-15 11:04:37.236907,NRN Infrastructure and Development Limited
2026041505000248,NRN,21,64,500,1640.0,820000.0,2026-04-15,186289169,2898,Midas Stock Broking Company Private Limited,SUN SECURITIES PVT LTD,2026-04-15 11:04:37.236957,NRN Infrastructure and Development Limited
2026041505000249,NRN,21,57,40,1640.0,65600.0,2026-04-15,186289172,2898,Midas Stock Broking Company Private Limited,Aryatara Investment & Securities,2026-04-15 11:04:37.237005,NRN Infrastructure and Development Limited
2026041505000257,NRN,59,57,10,1640.0,16400.0,2026-04-15,186289361,2898,Deevyaa Securities & Stock House Pvt. Ltd,Aryatara Investment & Securities,2026-04-15 11:04:51.939143,NRN Infrastructure and Development Limited
2026041505000258,NRN,59,22,10,1640.0,16400.0,2026-04-15,186289363,2898,Deevyaa Securities & Stock House Pvt. Ltd,Siprabi Securities Pvt. Ltd.,2026-04-15 11:04:51.939382,NRN Infrastructure and Development Limited
2026041505000297,NRN,59,59,15,1640.0,24600.0,2026-04-15,186289771,2898,Deevyaa Securities & Stock House Pvt. Ltd,Deevyaa Securities & Stock House Pvt. Ltd,2026-04-15 11:05:27.046646,NRN Infrastructure and Development Limited
2026041505000307,NRN,80,26,100,1644.0,164400.0,2026-04-15,186289967,2898,Indira securities pvt. ltd,Asian Securities Private Ltd.,2026-04-15 11:05:38.228141,NRN Infrastructure and Development Limited
2026041505000317,NRN,80,6,50,1645.0,82250.0,2026-04-15,186290080,2898,Indira securities pvt. ltd,Agrawal Securities (PVT) Ltd.,2026-04-15 11:05:49.888378,NRN Infrastructure and Development Limited
2026041505000371,NRN,58,62,50,1644.0,82200.0,2026-04-15,186290681,2898,Naasa Securities Co. Ltd.,Capital Max Securities Ltd,2026-04-15 11:06:32.524455,NRN Infrastructure and Development Limited
2026041505000372,NRN,58,6,50,1645.0,82250.0,2026-04-15,186290683,2898,Naasa Securities Co. Ltd.,Agrawal Securities (PVT) Ltd.,2026-04-15 11:06:32.524721,NRN Infrastructure and Development Limited
2026041505000373,NRN,58,22,100,1645.0,164500.0,2026-04-15,186290686,2898,Naasa Securities Co. Ltd.,Siprabi Securities Pvt. Ltd.,2026-04-15 11:06:32.524895,NRN Infrastructure and Development Limited
2026041505000401,NRN,58,22,100,1645.0,164500.0,2026-04-15,186290960,2898,Naasa Securities Co. Ltd.,Siprabi Securities Pvt. Ltd.,2026-04-15 11:06:54.452285,NRN Infrastructure and Development Limited
2026041505000412,NRN,14,25,100,1642.0,164200.0,2026-04-15,186291089,2898,Nepal Stock House (PVT) Ltd.,Sweta Securities Private Limited,2026-04-15 11:07:04.255476,NRN Infrastructure and Development Limited
2026041505000456,NRN,34,91,50,1646.0,82300.0,2026-04-15,186291687,2898,Vision Securities Pvt. Ltd,Citizens Share Broker Limited,2026-04-15 11:07:41.469836,NRN Infrastructure and Development Limited
2026041505000471,NRN,67,10,50,1645.0,82250.0,2026-04-15,186291871,2898,Property Wiard Limited,Pragyan Securities (PVT) Ltd.,2026-04-15 11:07:53.840426,NRN Infrastructure and Development Limited
2026041505000473,NRN,67,25,50,1645.0,82250.0,2026-04-15,186291888,2898,Property Wiard Limited,Sweta Securities Private Limited,2026-04-15 11:07:54.847801,NRN Infrastructure and Development Limited
2026041505000493,NRN,81,39,200,1642.0,328400.0,2026-04-15,186292220,2898,Aakashbhairab Securities Ltd.,Sumeru Securities Pvt. Ltd.,2026-04-15 11:08:12.514046,NRN Infrastructure and Development Limited
2026041505000494,NRN,54,39,100,1641.1,164110.0,2026-04-15,186292221,2898,Sewa Securities Pvt. Ltd.,Sumeru Securities Pvt. Ltd.,2026-04-15 11:08:12.514110,NRN Infrastructure and Development Limited
2026041505000534,NRN,67,51,15,1642.0,24630.0,2026-04-15,186292841,2898,Property Wiard Limited,Oxford Securities Pvt. Ltd.,2026-04-15 11:08:58.991381,NRN Infrastructure and Development Limited
2026041505000553,NRN,67,38,85,1642.0,139570.0,2026-04-15,186293095,2898,Property Wiard Limited,Dipshikha Dhitopatra Karobar Co. Pvt Ltd.,2026-04-15 11:09:15.596030,NRN Infrastructure and Development Limited
2026041505000802,NRN,92,39,171,1635.5,279670.5,2026-04-15,186295885,2898,Roadshow securities limited,Sumeru Securities Pvt. Ltd.,2026-04-15 11:12:12.573288,NRN Infrastructure and Development Limited
2026041505000893,NRN,67,25,50,1635.6,81780.0,2026-04-15,186296999,2898,Property Wiard Limited,Sweta Securities Private Limited,2026-04-15 11:13:43.635037,NRN Infrastructure and Development Limited
2026041505000911,NRN,67,48,50,1635.6,81780.0,2026-04-15,186297200,2898,Property Wiard Limited,Trishakti Securities Public Limited,2026-04-15 11:13:57.918324,NRN Infrastructure and Development Limited
2026041505000912,NRN,92,48,79,1635.5,129204.5,2026-04-15,186297202,2898,Roadshow securities limited,Trishakti Securities Public Limited,2026-04-15 11:13:57.918559,NRN Infrastructure and Development Limited
2026041505000913,NRN,35,48,71,1635.0,116085.0,2026-04-15,186297203,2898,Kohinoor Investment & Securities Pvt. Ltd.,Trishakti Securities Public Limited,2026-04-15 11:13:57.918653,NRN Infrastructure and Development Limited
2026041505000931,NRN,35,53,129,1635.0,210915.0,2026-04-15,186297334,2898,Kohinoor Investment & Securities Pvt. Ltd.,Investment Management Nepal Pvt. Ltd.,2026-04-15 11:14:06.422464,NRN Infrastructure and Development Limited
2026041505000932,NRN,28,53,10,1635.0,16350.0,2026-04-15,186297336,2898,Shree Krishna Securities Ltd.,Investment Management Nepal Pvt. Ltd.,2026-04-15 11:14:06.422672,NRN Infrastructure and Development Limited
2026041505000942,NRN,17,36,100,1632.0,163200.0,2026-04-15,186297563,2898,ABC Securities Private Limited,Secured Securities Ltd.,2026-04-15 11:14:22.637703,NRN Infrastructure and Development Limited
2026041505000977,NRN,38,16,1,1602.8,1602.8,2026-04-15,186297899,2898,Dipshikha Dhitopatra Karobar Co. Pvt Ltd.,Primo Securities (PVT) Ltd.,2026-04-15 11:14:51.644323,NRN Infrastructure and Development Limited
2026041505000991,NRN,17,78,50,1632.0,81600.0,2026-04-15,186298183,2898,ABC Securities Private Limited,Garima Securities Limited,2026-04-15 11:15:15.286415,NRN Infrastructure and Development Limited
2026041505001059,NRN,17,39,150,1632.0,244800.0,2026-04-15,186298968,2898,ABC Securities Private Limited,Sumeru Securities Pvt. Ltd.,2026-04-15 11:16:12.502546,NRN Infrastructure and Development Limited
2026041505001060,NRN,39,39,100,1631.1,163110.0,2026-04-15,186298970,2898,Sumeru Securities Pvt. Ltd.,Sumeru Securities Pvt. Ltd.,2026-04-15 11:16:12.502607,NRN Infrastructure and Development Limited
2026041505001061,NRN,54,39,100,1631.1,163110.0,2026-04-15,186298971,2898,Sewa Securities Pvt. Ltd.,Sumeru Securities Pvt. Ltd.,2026-04-15 11:16:12.502649,NRN Infrastructure and Development Limited
2026041505001096,NRN,29,45,1,1602.8,1602.8,2026-04-15,186299503,2898,Trisul Securities & Invt. Ltd.,Imperial Securities Company Pvt. Ltd.,2026-04-15 11:16:51.606363,NRN Infrastructure and Development Limited
2026041505001190,NRN,38,34,1,1603.0,1603.0,2026-04-15,186300327,2898,Dipshikha Dhitopatra Karobar Co. Pvt Ltd.,Vision Securities Pvt. Ltd,2026-04-15 11:18:03.292549,NRN Infrastructure and Development Limited
2026041505001191,NRN,39,45,100,1631.7,163170.0,2026-04-15,186300333,2898,Sumeru Securities Pvt. Ltd.,Imperial Securities Company Pvt. Ltd.,2026-04-15 11:18:03.939193,NRN Infrastructure and Development Limited
2026041505001217,NRN,85,5,200,1631.1,326220.0,2026-04-15,186300572,2898,Capital Hub P. Ltd,Market Securities & Exchange (PVT) Ltd.,2026-04-15 11:18:21.699707,NRN Infrastructure and Development Limited
2026041505001218,NRN,58,5,500,1631.0,815500.0,2026-04-15,186300573,2898,Naasa Securities Co. Ltd.,Market Securities & Exchange (PVT) Ltd.,2026-04-15 11:18:21.700126,NRN Infrastructure and Development Limited
2026041505001219,NRN,75,53,15,1632.0,24480.0,2026-04-15,186300593,2898,N.I.M.B. Stock Markets Limited,Investment Management Nepal Pvt. Ltd.,2026-04-15 11:18:22.847127,NRN Infrastructure and Development Limited
2026041505001321,NRN,75,65,100,1632.0,163200.0,2026-04-15,186301721,2898,N.I.M.B. Stock Markets Limited,Sharepro Securities Private Limited,2026-04-15 11:19:39.298856,NRN Infrastructure and Development Limited
2026041505001370,NRN,75,42,185,1632.0,301920.0,2026-04-15,186302368,2898,N.I.M.B. Stock Markets Limited,Sani Securities Company Ltd.,2026-04-15 11:20:17.959359,NRN Infrastructure and Development Limited
2026041505001371,NRN,75,42,62,1632.0,101184.0,2026-04-15,186302370,2898,N.I.M.B. Stock Markets Limited,Sani Securities Company Ltd.,2026-04-15 11:20:17.959585,NRN Infrastructure and Development Limited
2026041505001372,NRN,85,42,13,1631.1,21204.3,2026-04-15,186302371,2898,Capital Hub P. Ltd,Sani Securities Company Ltd.,2026-04-15 11:20:17.959685,NRN Infrastructure and Development Limited
2026041505001385,NRN,85,41,90,1631.1,146799.0,2026-04-15,186302467,2898,Capital Hub P. Ltd,Linch Stock Market Ltd.,2026-04-15 11:20:22.129773,NRN Infrastructure and Development Limited
2026041505001405,NRN,38,41,1,1604.0,1604.0,2026-04-15,186302667,2898,Dipshikha Dhitopatra Karobar Co. Pvt Ltd.,Linch Stock Market Ltd.,2026-04-15 11:20:32.502598,NRN Infrastructure and Development Limited
2026041505001478,NRN,85,14,40,1631.1,65244.0,2026-04-15,186303005,2898,Capital Hub P. Ltd,Nepal Stock House (PVT) Ltd.,2026-04-15 11:20:51.174423,NRN Infrastructure and Development Limited
2026041505001524,NRN,85,52,11,1631.1,17942.1,2026-04-15,186303403,2898,Capital Hub P. Ltd,Sundhara Securities Limited,2026-04-15 11:21:11.705826,NRN Infrastructure and Development Limited
2026041505001561,NRN,85,45,15,1631.1,24466.5,2026-04-15,186303831,2898,Capital Hub P. Ltd,Imperial Securities Company Pvt. Ltd.,2026-04-15 11:21:42.831937,NRN Infrastructure and Development Limited
2026041505001603,NRN,85,33,131,1631.1,213674.1,2026-04-15,186304266,2898,Capital Hub P. Ltd,Dakshinkali Investment & Securities Pvt. Ltd.,2026-04-15 11:22:13.131187,NRN Infrastructure and Development Limited
2026041505001604,NRN,58,33,69,1631.0,112539.0,2026-04-15,186304267,2898,Naasa Securities Co. Ltd.,Dakshinkali Investment & Securities Pvt. Ltd.,2026-04-15 11:22:13.131282,NRN Infrastructure and Development Limited
2026041505001662,NRN,38,58,1,1602.0,1602.0,2026-04-15,186304701,2898,Dipshikha Dhitopatra Karobar Co. Pvt Ltd.,Naasa Securities Co. Ltd.,2026-04-15 11:22:36.201748,NRN Infrastructure and Development Limited
2026041505001670,NRN,50,19,10,1631.2,16312.0,2026-04-15,186304851,2898,Cristal Kanchanjanga Securites Pvt. Ltd.,Nepal Investment And Securities Trading Private Limited,2026-04-15 11:22:44.542791,NRN Infrastructure and Development Limited
2026041505001673,NRN,50,44,220,1631.2,358864.0,2026-04-15,186304857,2898,Cristal Kanchanjanga Securites Pvt. Ltd.,Dynamic Money Managers Securities Pvt. Ltd.,2026-04-15 11:22:45.151230,NRN Infrastructure and Development Limited
2026041505001745,NRN,38,11,1,1600.0,1600.0,2026-04-15,186305313,2898,Dipshikha Dhitopatra Karobar Co. Pvt Ltd.,Malla & Malla Stock Broking Company Pvt. Limited,2026-04-15 11:23:19.025396,NRN Infrastructure and Development Limited
2026041505001751,NRN,50,25,100,1631.2,163120.0,2026-04-15,186305357,2898,Cristal Kanchanjanga Securites Pvt. Ltd.,Sweta Securities Private Limited,2026-04-15 11:23:23.569898,NRN Infrastructure and Development Limited
2026041505001754,NRN,50,48,100,1631.2,163120.0,2026-04-15,186305397,2898,Cristal Kanchanjanga Securites Pvt. Ltd.,Trishakti Securities Public Limited,2026-04-15 11:23:26.969448,NRN Infrastructure and Development Limited
2026041505001808,NRN,50,57,11,1631.2,17943.2,2026-04-15,186305875,2898,Cristal Kanchanjanga Securites Pvt. Ltd.,Aryatara Investment & Securities,2026-04-15 11:23:57.870079,NRN Infrastructure and Development Limited
2026041505001846,NRN,50,52,35,1631.2,57092.0,2026-04-15,186306125,2898,Cristal Kanchanjanga Securites Pvt. Ltd.,Sundhara Securities Limited,2026-04-15 11:24:14.531943,NRN Infrastructure and Development Limited
2026041505001860,NRN,85,75,43,1631.5,70154.5,2026-04-15,186306213,2898,Capital Hub P. Ltd,N.I.M.B. Stock Markets Limited,2026-04-15 11:24:21.180546,NRN Infrastructure and Development Limited
2026041505001861,NRN,85,44,320,1631.5,522080.0,2026-04-15,186306215,2898,Capital Hub P. Ltd,Dynamic Money Managers Securities Pvt. Ltd.,2026-04-15 11:24:21.180996,NRN Infrastructure and Development Limited
2026041505001907,NRN,58,49,100,1632.0,163200.0,2026-04-15,186306432,2898,Naasa Securities Co. Ltd.,Online Securities Pvt. Ltd.,2026-04-15 11:24:34.231081,NRN Infrastructure and Development Limited
2026041505001988,NRN,58,49,159,1632.0,259488.0,2026-04-15,186306929,2898,Naasa Securities Co. Ltd.,Online Securities Pvt. Ltd.,2026-04-15 11:24:54.180081,NRN Infrastructure and Development Limited
2026041505002046,NRN,58,54,140,1632.0,228480.0,2026-04-15,186307153,2898,Naasa Securities Co. Ltd.,Sewa Securities Pvt. Ltd.,2026-04-15 11:25:07.419382,NRN Infrastructure and Development Limited
2026041505002077,NRN,58,97,110,1632.0,179520.0,2026-04-15,186307235,2898,Naasa Securities Co. Ltd.,R.B.B. Securities Company Ltd,2026-04-15 11:25:09.640419,NRN Infrastructure and Development Limited
2026041505002150,NRN,29,44,1,1602.0,1602.0,2026-04-15,186307575,2898,Trisul Securities & Invt. Ltd.,Dynamic Money Managers Securities Pvt. Ltd.,2026-04-15 11:25:29.132988,NRN Infrastructure and Development Limited
2026041505002293,NRN,58,8,15,1632.0,24480.0,2026-04-15,186308261,2898,Naasa Securities Co. Ltd.,Brilliant Securities Pvt. Ltd.,2026-04-15 11:26:13.299678,NRN Infrastructure and Development Limited
2026041505002355,NRN,38,58,1,1601.0,1601.0,2026-04-15,186308535,2898,Dipshikha Dhitopatra Karobar Co. Pvt Ltd.,Naasa Securities Co. Ltd.,2026-04-15 11:26:28.837631,NRN Infrastructure and Development Limited
2026041505002357,NRN,47,54,1,1600.0,1600.0,2026-04-15,186308549,2898,Neev Securities Pvt. Ltd.,Sewa Securities Pvt. Ltd.,2026-04-15 11:26:31.090174,NRN Infrastructure and Development Limited
2026041505002374,NRN,50,58,24,1631.2,39148.8,2026-04-15,186308664,2898,Cristal Kanchanjanga Securites Pvt. Ltd.,Naasa Securities Co. Ltd.,2026-04-15 11:26:40.216590,NRN Infrastructure and Development Limited
2026041505002375,NRN,85,58,137,1631.2,223474.4,2026-04-15,186308666,2898,Capital Hub P. Ltd,Naasa Securities Co. Ltd.,2026-04-15 11:26:40.216842,NRN Infrastructure and Development Limited
2026041505002376,NRN,17,58,300,1630.0,489000.0,2026-04-15,186308668,2898,ABC Securities Private Limited,Naasa Securities Co. Ltd.,2026-04-15 11:26:40.216951,NRN Infrastructure and Development Limited
2026041505002419,NRN,36,36,1,1600.0,1600.0,2026-04-15,186309049,2898,Secured Securities Ltd.,Secured Securities Ltd.,2026-04-15 11:26:59.450993,NRN Infrastructure and Development Limited
2026041505002462,NRN,59,5,15,1626.1,24391.5,2026-04-15,186309389,2898,Deevyaa Securities & Stock House Pvt. Ltd,Market Securities & Exchange (PVT) Ltd.,2026-04-15 11:27:21.255939,NRN Infrastructure and Development Limited
2026041505002553,NRN,40,41,1,1602.0,1602.0,2026-04-15,186310335,2898,Creative Securities Pvt Ltd,Linch Stock Market Ltd.,2026-04-15 11:28:14.029292,NRN Infrastructure and Development Limited
2026041505002705,NRN,14,58,1,1615.0,1615.0,2026-04-15,186311653,2898,Nepal Stock House (PVT) Ltd.,Naasa Securities Co. Ltd.,2026-04-15 11:29:39.498976,NRN Infrastructure and Development Limited
2026041505002715,NRN,38,58,1,1599.0,1599.0,2026-04-15,186311773,2898,Dipshikha Dhitopatra Karobar Co. Pvt Ltd.,Naasa Securities Co. Ltd.,2026-04-15 11:29:45.963834,NRN Infrastructure and Development Limited
2026041505002826,NRN,58,8,14,1627.0,22778.0,2026-04-15,186312625,2898,Naasa Securities Co. Ltd.,Brilliant Securities Pvt. Ltd.,2026-04-15 11:30:42.556519,NRN Infrastructure and Development Limited
2026041505002831,NRN,58,5,80,1628.0,130240.0,2026-04-15,186312739,2898,Naasa Securities Co. Ltd.,Market Securities & Exchange (PVT) Ltd.,2026-04-15 11:30:48.674027,NRN Infrastructure and Development Limited
2026041505002832,NRN,58,58,39,1630.0,63570.0,2026-04-15,186312741,2898,Naasa Securities Co. Ltd.,Naasa Securities Co. Ltd.,2026-04-15 11:30:48.674087,NRN Infrastructure and Development Limited
2026041505002833,NRN,58,96,10,1630.0,16300.0,2026-04-15,186312743,2898,Naasa Securities Co. Ltd.,Himalayan Securities Limited,2026-04-15 11:30:48.674116,NRN Infrastructure and Development Limited
2026041505002834,NRN,58,14,100,1630.0,163000.0,2026-04-15,186312745,2898,Naasa Securities Co. Ltd.,Nepal Stock House (PVT) Ltd.,2026-04-15 11:30:48.674165,NRN Infrastructure and Development Limited
2026041505002835,NRN,58,58,271,1633.0,442543.0,2026-04-15,186312748,2898,Naasa Securities Co. Ltd.,Naasa Securities Co. Ltd.,2026-04-15 11:30:48.674193,NRN Infrastructure and Development Limited
2026041505003129,NRN,91,1,11,1630.1,17931.1,2026-04-15,186315543,2898,Citizens Share Broker Limited,Kumari Securities Private Limited,2026-04-15 11:33:33.347683,NRN Infrastructure and Development Limited
2026041505003147,NRN,91,13,25,1630.1,40752.5,2026-04-15,186315603,2898,Citizens Share Broker Limited,Thrive Brokerage House Pvt. Ltd,2026-04-15 11:33:37.441448,NRN Infrastructure and Development Limited
2026041505003163,NRN,58,47,10,1632.0,16320.0,2026-04-15,186315727,2898,Naasa Securities Co. Ltd.,Neev Securities Pvt. Ltd.,2026-04-15 11:33:46.335520,NRN Infrastructure and Development Limited
2026041505003241,NRN,62,91,105,1632.5,171412.5,2026-04-15,186316403,2898,Capital Max Securities Ltd,Citizens Share Broker Limited,2026-04-15 11:34:20.346585,NRN Infrastructure and Development Limited
2026041505003291,NRN,91,58,29,1633.0,47357.0,2026-04-15,186316797,2898,Citizens Share Broker Limited,Naasa Securities Co. Ltd.,2026-04-15 11:34:42.884140,NRN Infrastructure and Development Limited
2026041505003292,NRN,91,58,25,1633.9,40847.5,2026-04-15,186316799,2898,Citizens Share Broker Limited,Naasa Securities Co. Ltd.,2026-04-15 11:34:42.884451,NRN Infrastructure and Development Limited
2026041505003293,NRN,91,33,10,1634.0,16340.0,2026-04-15,186316802,2898,Citizens Share Broker Limited,Dakshinkali Investment & Securities Pvt. Ltd.,2026-04-15 11:34:42.884567,NRN Infrastructure and Development Limited
2026041505003319,NRN,58,33,10,1634.0,16340.0,2026-04-15,186317112,2898,Naasa Securities Co. Ltd.,Dakshinkali Investment & Securities Pvt. Ltd.,2026-04-15 11:34:55.862850,NRN Infrastructure and Development Limited
2026041505003329,NRN,58,33,238,1634.0,388892.0,2026-04-15,186317173,2898,Naasa Securities Co. Ltd.,Dakshinkali Investment & Securities Pvt. Ltd.,2026-04-15 11:35:02.848421,NRN Infrastructure and Development Limited
2026041505003330,NRN,58,36,100,1634.0,163400.0,2026-04-15,186317175,2898,Naasa Securities Co. Ltd.,Secured Securities Ltd.,2026-04-15 11:35:02.848956,NRN Infrastructure and Development Limited
2026041505003348,NRN,58,32,250,1634.9,408725.0,2026-04-15,186317365,2898,Naasa Securities Co. Ltd.,Premier Securities Company Ltd.,2026-04-15 11:35:17.575517,NRN Infrastructure and Development Limited
2026041505003349,NRN,58,61,100,1634.9,163490.0,2026-04-15,186317367,2898,Naasa Securities Co. Ltd.,BHOLE GANESH SECURITIES LTD,2026-04-15 11:35:17.575664,NRN Infrastructure and Development Limited
2026041505003350,NRN,58,53,150,1635.0,245250.0,2026-04-15,186317370,2898,Naasa Securities Co. Ltd.,Investment Management Nepal Pvt. Ltd.,2026-04-15 11:35:17.575771,NRN Infrastructure and Development Limited
2026041505003388,NRN,58,75,577,1634.0,942818.0,2026-04-15,186317549,2898,Naasa Securities Co. Ltd.,N.I.M.B. Stock Markets Limited,2026-04-15 11:35:30.135174,NRN Infrastructure and Development Limited
2026041505003397,NRN,26,53,211,1635.0,344985.0,2026-04-15,186317615,2898,Asian Securities Private Ltd.,Investment Management Nepal Pvt. Ltd.,2026-04-15 11:35:35.808744,NRN Infrastructure and Development Limited
2026041505003398,NRN,26,14,100,1635.0,163500.0,2026-04-15,186317617,2898,Asian Securities Private Ltd.,Nepal Stock House (PVT) Ltd.,2026-04-15 11:35:35.809288,NRN Infrastructure and Development Limited
2026041505003399,NRN,26,64,10,1635.0,16350.0,2026-04-15,186317619,2898,Asian Securities Private Ltd.,SUN SECURITIES PVT LTD,2026-04-15 11:35:35.809675,NRN Infrastructure and Development Limited
2026041505003410,NRN,14,53,1,1620.0,1620.0,2026-04-15,186317685,2898,Nepal Stock House (PVT) Ltd.,Investment Management Nepal Pvt. Ltd.,2026-04-15 11:35:39.426464,NRN Infrastructure and Development Limited
2026041505003592,NRN,57,45,15,1637.0,24555.0,2026-04-15,186318673,2898,Aryatara Investment & Securities,Imperial Securities Company Pvt. Ltd.,2026-04-15 11:36:31.776796,NRN Infrastructure and Development Limited
2026041505003593,NRN,57,58,185,1637.0,302845.0,2026-04-15,186318676,2898,Aryatara Investment & Securities,Naasa Securities Co. Ltd.,2026-04-15 11:36:31.777294,NRN Infrastructure and Development Limited
2026041505003613,NRN,14,43,1,1615.0,1615.0,2026-04-15,186318761,2898,Nepal Stock House (PVT) Ltd.,South Asian Bulls Pvt. Ltd.,2026-04-15 11:36:36.983424,NRN Infrastructure and Development Limited
2026041505003716,NRN,36,19,1,1610.0,1610.0,2026-04-15,186319375,2898,Secured Securities Ltd.,Nepal Investment And Securities Trading Private Limited,2026-04-15 11:37:16.455106,NRN Infrastructure and Development Limited
2026041505003764,NRN,40,49,1,1605.1,1605.1,2026-04-15,186319589,2898,Creative Securities Pvt Ltd,Online Securities Pvt. Ltd.,2026-04-15 11:37:33.256679,NRN Infrastructure and Development Limited
2026041505003779,NRN,67,58,100,1637.0,163700.0,2026-04-15,186319770,2898,Property Wiard Limited,Naasa Securities Co. Ltd.,2026-04-15 11:37:47.107092,NRN Infrastructure and Development Limited
2026041505003952,NRN,75,58,15,1637.0,24555.0,2026-04-15,186320889,2898,N.I.M.B. Stock Markets Limited,Naasa Securities Co. Ltd.,2026-04-15 11:39:09.105864,NRN Infrastructure and Development Limited
2026041505004024,NRN,38,49,1,1615.0,1615.0,2026-04-15,186321521,2898,Dipshikha Dhitopatra Karobar Co. Pvt Ltd.,Online Securities Pvt. Ltd.,2026-04-15 11:39:45.121368,NRN Infrastructure and Development Limited
2026041505004027,NRN,36,14,1,1605.1,1605.1,2026-04-15,186321529,2898,Secured Securities Ltd.,Nepal Stock House (PVT) Ltd.,2026-04-15 11:39:45.664907,NRN Infrastructure and Development Limited
2026041505004039,NRN,75,42,70,1638.0,114660.0,2026-04-15,186321611,2898,N.I.M.B. Stock Markets Limited,Sani Securities Company Ltd.,2026-04-15 11:39:54.305542,NRN Infrastructure and Development Limited
2026041505004040,NRN,75,42,230,1639.0,376970.0,2026-04-15,186321614,2898,N.I.M.B. Stock Markets Limited,Sani Securities Company Ltd.,2026-04-15 11:39:54.306104,NRN Infrastructure and Development Limited
2026041505004069,NRN,38,4,1,1615.0,1615.0,2026-04-15,186321924,2898,Dipshikha Dhitopatra Karobar Co. Pvt Ltd.,Opal Securities Investment (PVT) Ltd.,2026-04-15 11:40:08.588785,NRN Infrastructure and Development Limited
2026041505004123,NRN,26,42,81,1639.0,132759.0,2026-04-15,186322299,2898,Asian Securities Private Ltd.,Sani Securities Company Ltd.,2026-04-15 11:40:34.847366,NRN Infrastructure and Development Limited
2026041505004124,NRN,26,6,500,1639.0,819500.0,2026-04-15,186322301,2898,Asian Securities Private Ltd.,Agrawal Securities (PVT) Ltd.,2026-04-15 11:40:34.847655,NRN Infrastructure and Development Limited
2026041505004125,NRN,26,58,20,1639.0,32780.0,2026-04-15,186322303,2898,Asian Securities Private Ltd.,Naasa Securities Co. Ltd.,2026-04-15 11:40:34.847781,NRN Infrastructure and Development Limited
2026041505004126,NRN,26,4,10,1639.0,16390.0,2026-04-15,186322307,2898,Asian Securities Private Ltd.,Opal Securities Investment (PVT) Ltd.,2026-04-15 11:40:34.996165,NRN Infrastructure and Development Limited
2026041505004169,NRN,36,25,1,1615.0,1615.0,2026-04-15,186322665,2898,Secured Securities Ltd.,Sweta Securities Private Limited,2026-04-15 11:40:55.338470,NRN Infrastructure and Development Limited
2026041505004357,NRN,38,46,5,1626.0,8130.0,2026-04-15,186324131,2898,Dipshikha Dhitopatra Karobar Co. Pvt Ltd.,Kalika Securities Pvt. Ltd.,2026-04-15 11:42:24.614689,NRN Infrastructure and Development Limited
2026041505004402,NRN,38,43,1,1615.0,1615.0,2026-04-15,186324499,2898,Dipshikha Dhitopatra Karobar Co. Pvt Ltd.,South Asian Bulls Pvt. Ltd.,2026-04-15 11:42:52.673582,NRN Infrastructure and Development Limited
2026041505004496,NRN,26,4,10,1639.0,16390.0,2026-04-15,186325443,2898,Asian Securities Private Ltd.,Opal Securities Investment (PVT) Ltd.,2026-04-15 11:43:54.858602,NRN Infrastructure and Development Limited
2026041505004529,NRN,26,49,58,1639.0,95062.0,2026-04-15,186325970,2898,Asian Securities Private Ltd.,Online Securities Pvt. Ltd.,2026-04-15 11:44:25.723980,NRN Infrastructure and Development Limited
2026041505004677,NRN,36,59,10,1637.1,16371.0,2026-04-15,186327180,2898,Secured Securities Ltd.,Deevyaa Securities & Stock House Pvt. Ltd,2026-04-15 11:45:41.348506,NRN Infrastructure and Development Limited
2026041505004678,NRN,26,59,41,1637.1,67121.1,2026-04-15,186327181,2898,Asian Securities Private Ltd.,Deevyaa Securities & Stock House Pvt. Ltd,2026-04-15 11:45:41.348851,NRN Infrastructure and Development Limited
2026041505004685,NRN,38,49,1,1609.9,1609.9,2026-04-15,186327287,2898,Dipshikha Dhitopatra Karobar Co. Pvt Ltd.,Online Securities Pvt. Ltd.,2026-04-15 11:45:45.320669,NRN Infrastructure and Development Limited
2026041505004720,NRN,80,49,42,1639.0,68838.0,2026-04-15,186327801,2898,Indira securities pvt. ltd,Online Securities Pvt. Ltd.,2026-04-15 11:46:09.275775,NRN Infrastructure and Development Limited
2026041505004721,NRN,80,5,58,1639.0,95062.0,2026-04-15,186327804,2898,Indira securities pvt. ltd,Market Securities & Exchange (PVT) Ltd.,2026-04-15 11:46:09.276397,NRN Infrastructure and Development Limited
2026041505004727,NRN,26,1,179,1637.1,293040.9,2026-04-15,186327886,2898,Asian Securities Private Ltd.,Kumari Securities Private Limited,2026-04-15 11:46:11.539578,NRN Infrastructure and Development Limited
2026041505004728,NRN,75,1,85,1637.0,139145.0,2026-04-15,186327888,2898,N.I.M.B. Stock Markets Limited,Kumari Securities Private Limited,2026-04-15 11:46:11.539882,NRN Infrastructure and Development Limited
2026041505004729,NRN,58,1,436,1636.1,713339.6,2026-04-15,186327889,2898,Naasa Securities Co. Ltd.,Kumari Securities Private Limited,2026-04-15 11:46:11.540073,NRN Infrastructure and Development Limited
2026041505004901,NRN,40,34,1,1606.3,1606.3,2026-04-15,186329453,2898,Creative Securities Pvt Ltd,Vision Securities Pvt. Ltd,2026-04-15 11:47:44.138383,NRN Infrastructure and Development Limited
2026041505004902,NRN,36,17,1,1620.0,1620.0,2026-04-15,186329457,2898,Secured Securities Ltd.,ABC Securities Private Limited,2026-04-15 11:47:44.206530,NRN Infrastructure and Development Limited
2026041505004917,NRN,58,42,11,1638.9,18027.9,2026-04-15,186329647,2898,Naasa Securities Co. Ltd.,Sani Securities Company Ltd.,2026-04-15 11:47:54.398009,NRN Infrastructure and Development Limited
2026041505004918,NRN,58,5,10,1639.0,16390.0,2026-04-15,186329649,2898,Naasa Securities Co. Ltd.,Market Securities & Exchange (PVT) Ltd.,2026-04-15 11:47:54.398319,NRN Infrastructure and Development Limited
2026041505004919,NRN,58,58,100,1639.0,163900.0,2026-04-15,186329651,2898,Naasa Securities Co. Ltd.,Naasa Securities Co. Ltd.,2026-04-15 11:47:54.398456,NRN Infrastructure and Development Limited
2026041505004920,NRN,58,49,79,1639.0,129481.0,2026-04-15,186329654,2898,Naasa Securities Co. Ltd.,Online Securities Pvt. Ltd.,2026-04-15 11:47:54.398618,NRN Infrastructure and Development Limited
2026041505005086,NRN,38,28,1,1610.0,1610.0,2026-04-15,186330885,2898,Dipshikha Dhitopatra Karobar Co. Pvt Ltd.,Shree Krishna Securities Ltd.,2026-04-15 11:49:02.496977,NRN Infrastructure and Development Limited
2026041505005187,NRN,58,49,23,1639.0,37697.0,2026-04-15,186331993,2898,Naasa Securities Co. Ltd.,Online Securities Pvt. Ltd.,2026-04-15 11:49:37.548478,NRN Infrastructure and Development Limited
2026041505005188,NRN,58,49,100,1639.0,163900.0,2026-04-15,186331995,2898,Naasa Securities Co. Ltd.,Online Securities Pvt. Ltd.,2026-04-15 11:49:37.549062,NRN Infrastructure and Development Limited
2026041505005189,NRN,58,49,60,1639.0,98340.0,2026-04-15,186331997,2898,Naasa Securities Co. Ltd.,Online Securities Pvt. Ltd.,2026-04-15 11:49:37.549493,NRN Infrastructure and Development Limited
2026041505005225,NRN,58,51,10,1640.0,16400.0,2026-04-15,186332351,2898,Naasa Securities Co. Ltd.,Oxford Securities Pvt. Ltd.,2026-04-15 11:49:52.263776,NRN Infrastructure and Development Limited
2026041505005226,NRN,58,45,15,1640.0,24600.0,2026-04-15,186332353,2898,Naasa Securities Co. Ltd.,Imperial Securities Company Pvt. Ltd.,2026-04-15 11:49:52.264432,NRN Infrastructure and Development Limited
2026041505005262,NRN,58,1,10,1641.0,16410.0,2026-04-15,186332867,2898,Naasa Securities Co. Ltd.,Kumari Securities Private Limited,2026-04-15 11:50:08.159301,NRN Infrastructure and Development Limited
2026041505005263,NRN,58,6,165,1641.0,270765.0,2026-04-15,186332870,2898,Naasa Securities Co. Ltd.,Agrawal Securities (PVT) Ltd.,2026-04-15 11:50:08.159907,NRN Infrastructure and Development Limited
2026041505005281,NRN,58,6,67,1641.0,109947.0,2026-04-15,186332986,2898,Naasa Securities Co. Ltd.,Agrawal Securities (PVT) Ltd.,2026-04-15 11:50:14.841792,NRN Infrastructure and Development Limited
2026041505005524,NRN,14,52,1,1615.0,1615.0,2026-04-15,186335553,2898,Nepal Stock House (PVT) Ltd.,Sundhara Securities Limited,2026-04-15 11:51:26.636454,NRN Infrastructure and Development Limited
2026041505005525,NRN,14,95,1,1615.0,1615.0,2026-04-15,186335557,2898,Nepal Stock House (PVT) Ltd.,Magnet Securities and Investment Company Private Limited,2026-04-15 11:51:26.771715,NRN Infrastructure and Development Limited
2026041505005701,NRN,38,28,1,1610.0,1610.0,2026-04-15,186336845,2898,Dipshikha Dhitopatra Karobar Co. Pvt Ltd.,Shree Krishna Securities Ltd.,2026-04-15 11:52:31.223651,NRN Infrastructure and Development Limited
2026041505005728,NRN,51,74,1,1609.0,1609.0,2026-04-15,186337118,2898,Oxford Securities Pvt. Ltd.,KALASH STOCK MARKET PVT. LTD.,2026-04-15 11:52:44.929424,NRN Infrastructure and Development Limited
2026041505005731,NRN,63,28,200,1640.0,328000.0,2026-04-15,186337154,2898,Himalayan Brokerage Company Limited,Shree Krishna Securities Ltd.,2026-04-15 11:52:45.401169,NRN Infrastructure and Development Limited
2026041505005732,NRN,63,6,268,1641.0,439788.0,2026-04-15,186337156,2898,Himalayan Brokerage Company Limited,Agrawal Securities (PVT) Ltd.,2026-04-15 11:52:45.401485,NRN Infrastructure and Development Limited
2026041505005733,NRN,63,58,10,1641.0,16410.0,2026-04-15,186337158,2898,Himalayan Brokerage Company Limited,Naasa Securities Co. Ltd.,2026-04-15 11:52:45.401630,NRN Infrastructure and Development Limited
2026041505005734,NRN,63,14,22,1641.0,36102.0,2026-04-15,186337190,2898,Himalayan Brokerage Company Limited,Nepal Stock House (PVT) Ltd.,2026-04-15 11:52:46.446789,NRN Infrastructure and Development Limited
2026041505005735,NRN,58,14,36,1639.0,59004.0,2026-04-15,186337191,2898,Naasa Securities Co. Ltd.,Nepal Stock House (PVT) Ltd.,2026-04-15 11:52:46.447083,NRN Infrastructure and Development Limited
2026041505005880,NRN,58,34,10,1639.0,16390.0,2026-04-15,186338737,2898,Naasa Securities Co. Ltd.,Vision Securities Pvt. Ltd,2026-04-15 11:53:52.606426,NRN Infrastructure and Development Limited
2026041505005896,NRN,38,8,1,1609.0,1609.0,2026-04-15,186339011,2898,Dipshikha Dhitopatra Karobar Co. Pvt Ltd.,Brilliant Securities Pvt. Ltd.,2026-04-15 11:53:58.859086,NRN Infrastructure and Development Limited
2026041505005932,NRN,92,28,200,1640.0,328000.0,2026-04-15,186339177,2898,Roadshow securities limited,Shree Krishna Securities Ltd.,2026-04-15 11:54:08.487271,NRN Infrastructure and Development Limited
2026041505005933,NRN,92,14,10,1641.0,16410.0,2026-04-15,186339179,2898,Roadshow securities limited,Nepal Stock House (PVT) Ltd.,2026-04-15 11:54:08.487660,NRN Infrastructure and Development Limited
2026041505005934,NRN,92,59,200,1641.9,328380.0,2026-04-15,186339181,2898,Roadshow securities limited,Deevyaa Securities & Stock House Pvt. Ltd,2026-04-15 11:54:08.487812,NRN Infrastructure and Development Limited
2026041505005935,NRN,92,53,90,1642.0,147780.0,2026-04-15,186339184,2898,Roadshow securities limited,Investment Management Nepal Pvt. Ltd.,2026-04-15 11:54:08.487954,NRN Infrastructure and Development Limited
2026041505005937,NRN,58,34,10,1639.0,16390.0,2026-04-15,186339255,2898,Naasa Securities Co. Ltd.,Vision Securities Pvt. Ltd,2026-04-15 11:54:08.882963,NRN Infrastructure and Development Limited
2026041505005961,NRN,38,49,1,1610.0,1610.0,2026-04-15,186339481,2898,Dipshikha Dhitopatra Karobar Co. Pvt Ltd.,Online Securities Pvt. Ltd.,2026-04-15 11:54:18.961515,NRN Infrastructure and Development Limited
2026041505005982,NRN,41,38,40,1640.0,65600.0,2026-04-15,186339682,2898,Linch Stock Market Ltd.,Dipshikha Dhitopatra Karobar Co. Pvt Ltd.,2026-04-15 11:54:29.339433,NRN Infrastructure and Development Limited
2026041505005983,NRN,58,38,14,1639.0,22946.0,2026-04-15,186339684,2898,Naasa Securities Co. Ltd.,Dipshikha Dhitopatra Karobar Co. Pvt Ltd.,2026-04-15 11:54:29.339763,NRN Infrastructure and Development Limited
2026041505005984,NRN,50,38,46,1639.0,75394.0,2026-04-15,186339685,2898,Cristal Kanchanjanga Securites Pvt. Ltd.,Dipshikha Dhitopatra Karobar Co. Pvt Ltd.,2026-04-15 11:54:29.339913,NRN Infrastructure and Development Limited
2026041505006002,NRN,94,53,410,1642.0,673220.0,2026-04-15,186339831,2898,K.B.L. Securities Limited ,Investment Management Nepal Pvt. Ltd.,2026-04-15 11:54:37.016770,NRN Infrastructure and Development Limited
2026041505006003,NRN,94,34,50,1642.0,82100.0,2026-04-15,186339833,2898,K.B.L. Securities Limited ,Vision Securities Pvt. Ltd,2026-04-15 11:54:37.017079,NRN Infrastructure and Development Limited
2026041505006004,NRN,94,52,40,1642.0,65680.0,2026-04-15,186339836,2898,K.B.L. Securities Limited ,Sundhara Securities Limited,2026-04-15 11:54:37.017226,NRN Infrastructure and Development Limited
2026041505006076,NRN,50,34,10,1639.0,16390.0,2026-04-15,186340329,2898,Cristal Kanchanjanga Securites Pvt. Ltd.,Vision Securities Pvt. Ltd,2026-04-15 11:55:00.789033,NRN Infrastructure and Development Limited
2026041505006086,NRN,59,42,15,1641.0,24615.0,2026-04-15,186340436,2898,Deevyaa Securities & Stock House Pvt. Ltd,Sani Securities Company Ltd.,2026-04-15 11:55:05.768485,NRN Infrastructure and Development Limited
2026041505006148,NRN,50,29,10,1639.0,16390.0,2026-04-15,186340889,2898,Cristal Kanchanjanga Securites Pvt. Ltd.,Trisul Securities & Invt. Ltd.,2026-04-15 11:55:31.367427,NRN Infrastructure and Development Limited
2026041505006157,NRN,47,52,1,1608.0,1608.0,2026-04-15,186341011,2898,Neev Securities Pvt. Ltd.,Sundhara Securities Limited,2026-04-15 11:55:37.983147,NRN Infrastructure and Development Limited
2026041505006177,NRN,36,45,1,1609.0,1609.0,2026-04-15,186341159,2898,Secured Securities Ltd.,Imperial Securities Company Pvt. Ltd.,2026-04-15 11:55:43.822212,NRN Infrastructure and Development Limited
2026041505006432,NRN,65,29,30,1639.0,49170.0,2026-04-15,186342856,2898,Sharepro Securities Private Limited,Trisul Securities & Invt. Ltd.,2026-04-15 11:56:58.112582,NRN Infrastructure and Development Limited
2026041505006470,NRN,58,35,40,1639.0,65560.0,2026-04-15,186343233,2898,Naasa Securities Co. Ltd.,Kohinoor Investment & Securities Pvt. Ltd.,2026-04-15 11:57:16.789246,NRN Infrastructure and Development Limited
2026041505006501,NRN,45,56,10,1639.9,16399.0,2026-04-15,186343480,2898,Imperial Securities Company Pvt. Ltd.,Sri Hari Securities Pvt. Ltd.,2026-04-15 11:57:27.549548,NRN Infrastructure and Development Limited
2026041505006507,NRN,58,28,500,1639.0,819500.0,2026-04-15,186343541,2898,Naasa Securities Co. Ltd.,Shree Krishna Securities Ltd.,2026-04-15 11:57:31.320319,NRN Infrastructure and Development Limited
2026041505006552,NRN,58,42,60,1639.0,98340.0,2026-04-15,186343712,2898,Naasa Securities Co. Ltd.,Sani Securities Company Ltd.,2026-04-15 11:57:38.126886,NRN Infrastructure and Development Limited
2026041505006594,NRN,50,28,101,1637.0,165337.0,2026-04-15,186344003,2898,Cristal Kanchanjanga Securites Pvt. Ltd.,Shree Krishna Securities Ltd.,2026-04-15 11:57:51.246877,NRN Infrastructure and Development Limited
2026041505006647,NRN,80,42,40,1639.0,65560.0,2026-04-15,186344245,2898,Indira securities pvt. ltd,Sani Securities Company Ltd.,2026-04-15 11:58:03.193178,NRN Infrastructure and Development Limited
2026041505006648,NRN,80,41,100,1639.8,163980.0,2026-04-15,186344247,2898,Indira securities pvt. ltd,Linch Stock Market Ltd.,2026-04-15 11:58:03.193516,NRN Infrastructure and Development Limited
2026041505006649,NRN,80,56,160,1639.9,262384.0,2026-04-15,186344250,2898,Indira securities pvt. ltd,Sri Hari Securities Pvt. Ltd.,2026-04-15 11:58:03.193664,NRN Infrastructure and Development Limited
2026041505006996,NRN,50,85,40,1637.0,65480.0,2026-04-15,186347323,2898,Cristal Kanchanjanga Securites Pvt. Ltd.,Capital Hub P. Ltd,2026-04-15 12:00:08.067744,NRN Infrastructure and Development Limited
2026041505007011,NRN,50,32,15,1637.0,24555.0,2026-04-15,186347385,2898,Cristal Kanchanjanga Securites Pvt. Ltd.,Premier Securities Company Ltd.,2026-04-15 12:00:10.121628,NRN Infrastructure and Development Limited
2026041505007054,NRN,95,47,50,1637.1,81855.0,2026-04-15,186347702,2898,Magnet Securities and Investment Company Private Limited,Neev Securities Pvt. Ltd.,2026-04-15 12:00:27.882263,NRN Infrastructure and Development Limited
2026041505007055,NRN,50,47,150,1637.0,245550.0,2026-04-15,186347703,2898,Cristal Kanchanjanga Securites Pvt. Ltd.,Neev Securities Pvt. Ltd.,2026-04-15 12:00:27.882923,NRN Infrastructure and Development Limited
2026041505007080,NRN,50,6,128,1637.0,209536.0,2026-04-15,186347882,2898,Cristal Kanchanjanga Securites Pvt. Ltd.,Agrawal Securities (PVT) Ltd.,2026-04-15 12:00:42.202210,NRN Infrastructure and Development Limited
2026041505007081,NRN,36,6,40,1636.5,65460.0,2026-04-15,186347884,2898,Secured Securities Ltd.,Agrawal Securities (PVT) Ltd.,2026-04-15 12:00:42.202870,NRN Infrastructure and Development Limited
2026041505007082,NRN,38,6,100,1636.5,163650.0,2026-04-15,186347886,2898,Dipshikha Dhitopatra Karobar Co. Pvt Ltd.,Agrawal Securities (PVT) Ltd.,2026-04-15 12:00:42.203338,NRN Infrastructure and Development Limited
2026041505007083,NRN,56,6,100,1636.2,163620.0,2026-04-15,186347888,2898,Sri Hari Securities Pvt. Ltd.,Agrawal Securities (PVT) Ltd.,2026-04-15 12:00:42.203789,NRN Infrastructure and Development Limited
2026041505007084,NRN,58,6,564,1636.1,922760.4,2026-04-15,186347890,2898,Naasa Securities Co. Ltd.,Agrawal Securities (PVT) Ltd.,2026-04-15 12:00:42.204238,NRN Infrastructure and Development Limited
2026041505007085,NRN,83,6,68,1636.1,111254.8,2026-04-15,186347891,2898,Sanima Securities Limited,Agrawal Securities (PVT) Ltd.,2026-04-15 12:00:42.204695,NRN Infrastructure and Development Limited
2026041505007240,NRN,83,56,80,1636.1,130888.0,2026-04-15,186349611,2898,Sanima Securities Limited,Sri Hari Securities Pvt. Ltd.,2026-04-15 12:02:11.591338,NRN Infrastructure and Development Limited
2026041505007276,NRN,83,16,15,1636.1,24541.5,2026-04-15,186350041,2898,Sanima Securities Limited,Primo Securities (PVT) Ltd.,2026-04-15 12:02:32.999609,NRN Infrastructure and Development Limited
2026041505007305,NRN,83,42,337,1636.1,551365.7,2026-04-15,186350384,2898,Sanima Securities Limited,Sani Securities Company Ltd.,2026-04-15 12:02:49.362809,NRN Infrastructure and Development Limited
2026041505007306,NRN,17,42,279,1635.0,456165.0,2026-04-15,186350385,2898,ABC Securities Private Limited,Sani Securities Company Ltd.,2026-04-15 12:02:49.363576,NRN Infrastructure and Development Limited
2026041505007398,NRN,14,49,1,1608.0,1608.0,2026-04-15,186350983,2898,Nepal Stock House (PVT) Ltd.,Online Securities Pvt. Ltd.,2026-04-15 12:03:15.764458,NRN Infrastructure and Development Limited
2026041505007485,NRN,17,59,15,1635.0,24525.0,2026-04-15,186351677,2898,ABC Securities Private Limited,Deevyaa Securities & Stock House Pvt. Ltd,2026-04-15 12:03:56.367209,NRN Infrastructure and Development Limited
2026041505007584,NRN,14,17,1,1605.1,1605.1,2026-04-15,186352517,2898,Nepal Stock House (PVT) Ltd.,ABC Securities Private Limited,2026-04-15 12:04:40.237977,NRN Infrastructure and Development Limited
2026041505007589,NRN,85,50,11,1634.0,17974.0,2026-04-15,186352657,2898,Capital Hub P. Ltd,Cristal Kanchanjanga Securites Pvt. Ltd.,2026-04-15 12:04:49.288644,NRN Infrastructure and Development Limited
2026041505007657,NRN,36,58,1,1625.0,1625.0,2026-04-15,186353123,2898,Secured Securities Ltd.,Naasa Securities Co. Ltd.,2026-04-15 12:05:15.625681,NRN Infrastructure and Development Limited
2026041505007666,NRN,85,56,15,1634.0,24510.0,2026-04-15,186353199,2898,Capital Hub P. Ltd,Sri Hari Securities Pvt. Ltd.,2026-04-15 12:05:18.164434,NRN Infrastructure and Development Limited
2026041505007750,NRN,85,47,11,1634.0,17974.0,2026-04-15,186353697,2898,Capital Hub P. Ltd,Neev Securities Pvt. Ltd.,2026-04-15 12:05:52.462113,NRN Infrastructure and Development Limited
2026041505007752,NRN,85,48,24,1634.0,39216.0,2026-04-15,186353706,2898,Capital Hub P. Ltd,Trishakti Securities Public Limited,2026-04-15 12:05:53.469683,NRN Infrastructure and Development Limited
2026041505007753,NRN,62,48,45,1632.5,73462.5,2026-04-15,186353708,2898,Capital Max Securities Ltd,Trishakti Securities Public Limited,2026-04-15 12:05:53.470040,NRN Infrastructure and Development Limited
2026041505007754,NRN,17,48,300,1632.0,489600.0,2026-04-15,186353710,2898,ABC Securities Private Limited,Trishakti Securities Public Limited,2026-04-15 12:05:53.470199,NRN Infrastructure and Development Limited
2026041505007755,NRN,63,48,731,1632.0,1192992.0,2026-04-15,186353711,2898,Himalayan Brokerage Company Limited,Trishakti Securities Public Limited,2026-04-15 12:05:53.470369,NRN Infrastructure and Development Limited
2026041505007879,NRN,63,42,15,1632.0,24480.0,2026-04-15,186355073,2898,Himalayan Brokerage Company Limited,Sani Securities Company Ltd.,2026-04-15 12:07:08.207108,NRN Infrastructure and Development Limited
2026041505007916,NRN,63,4,28,1632.0,45696.0,2026-04-15,186355389,2898,Himalayan Brokerage Company Limited,Opal Securities Investment (PVT) Ltd.,2026-04-15 12:07:24.809067,NRN Infrastructure and Development Limited
2026041505007919,NRN,40,25,1,1600.0,1600.0,2026-04-15,186355442,2898,Creative Securities Pvt Ltd,Sweta Securities Private Limited,2026-04-15 12:07:27.355526,NRN Infrastructure and Development Limited
2026041505007981,NRN,63,89,226,1632.0,368832.0,2026-04-15,186355912,2898,Himalayan Brokerage Company Limited,Global IME Securities Limited,2026-04-15 12:07:53.592070,NRN Infrastructure and Development Limited
2026041505007982,NRN,17,89,300,1630.0,489000.0,2026-04-15,186355914,2898,ABC Securities Private Limited,Global IME Securities Limited,2026-04-15 12:07:53.592494,NRN Infrastructure and Development Limited
2026041505007983,NRN,58,89,20,1630.0,32600.0,2026-04-15,186355916,2898,Naasa Securities Co. Ltd.,Global IME Securities Limited,2026-04-15 12:07:53.592663,NRN Infrastructure and Development Limited
2026041505008017,NRN,17,94,300,1629.0,488700.0,2026-04-15,186356131,2898,ABC Securities Private Limited,K.B.L. Securities Limited ,2026-04-15 12:08:08.756445,NRN Infrastructure and Development Limited
2026041505008036,NRN,17,48,200,1629.0,325800.0,2026-04-15,186356373,2898,ABC Securities Private Limited,Trishakti Securities Public Limited,2026-04-15 12:08:20.640678,NRN Infrastructure and Development Limited
2026041505008037,NRN,17,89,854,1630.0,1392020.0,2026-04-15,186356376,2898,ABC Securities Private Limited,Global IME Securities Limited,2026-04-15 12:08:20.640775,NRN Infrastructure and Development Limited
2026041505008064,NRN,17,89,200,1630.0,326000.0,2026-04-15,186356536,2898,ABC Securities Private Limited,Global IME Securities Limited,2026-04-15 12:08:30.254626,NRN Infrastructure and Development Limited
2026041505008133,NRN,14,57,1,1605.1,1605.1,2026-04-15,186357069,2898,Nepal Stock House (PVT) Ltd.,Aryatara Investment & Securities,2026-04-15 12:09:04.780276,NRN Infrastructure and Development Limited
2026041505008214,NRN,36,34,1,1600.0,1600.0,2026-04-15,186357823,2898,Secured Securities Ltd.,Vision Securities Pvt. Ltd,2026-04-15 12:09:52.619942,NRN Infrastructure and Development Limited
2026041505008250,NRN,36,34,1,1600.0,1600.0,2026-04-15,186358329,2898,Secured Securities Ltd.,Vision Securities Pvt. Ltd,2026-04-15 12:10:30.467565,NRN Infrastructure and Development Limited
2026041505008329,NRN,39,53,20,1629.0,32580.0,2026-04-15,186358855,2898,Sumeru Securities Pvt. Ltd.,Investment Management Nepal Pvt. Ltd.,2026-04-15 12:11:03.951853,NRN Infrastructure and Development Limited
2026041505008367,NRN,39,21,10,1629.0,16290.0,2026-04-15,186359277,2898,Sumeru Securities Pvt. Ltd.,Midas Stock Broking Company Private Limited,2026-04-15 12:11:34.798968,NRN Infrastructure and Development Limited
2026041505008540,NRN,37,57,10,1630.0,16300.0,2026-04-15,186360560,2898,Swarna Laxmi Securities Pvt. Ltd.,Aryatara Investment & Securities,2026-04-15 12:13:04.675530,NRN Infrastructure and Development Limited
2026041505008730,NRN,14,49,1,1600.0,1600.0,2026-04-15,186362717,2898,Nepal Stock House (PVT) Ltd.,Online Securities Pvt. Ltd.,2026-04-15 12:14:39.561720,NRN Infrastructure and Development Limited
2026041505008962,NRN,49,39,50,1630.0,81500.0,2026-04-15,186365506,2898,Online Securities Pvt. Ltd.,Sumeru Securities Pvt. Ltd.,2026-04-15 12:16:07.774217,NRN Infrastructure and Development Limited
2026041505008963,NRN,36,39,20,1629.1,32582.0,2026-04-15,186365508,2898,Secured Securities Ltd.,Sumeru Securities Pvt. Ltd.,2026-04-15 12:16:07.774908,NRN Infrastructure and Development Limited
2026041505008964,NRN,39,39,30,1629.0,48870.0,2026-04-15,186365509,2898,Sumeru Securities Pvt. Ltd.,Sumeru Securities Pvt. Ltd.,2026-04-15 12:16:07.775416,NRN Infrastructure and Development Limited
2026041505009000,NRN,36,16,1,1600.0,1600.0,2026-04-15,186366629,2898,Secured Securities Ltd.,Primo Securities (PVT) Ltd.,2026-04-15 12:16:42.915362,NRN Infrastructure and Development Limited
2026041505009048,NRN,38,45,15,1630.0,24450.0,2026-04-15,186367555,2898,Dipshikha Dhitopatra Karobar Co. Pvt Ltd.,Imperial Securities Company Pvt. Ltd.,2026-04-15 12:17:05.093419,NRN Infrastructure and Development Limited
2026041505009155,NRN,36,17,1,1600.0,1600.0,2026-04-15,186369159,2898,Secured Securities Ltd.,ABC Securities Private Limited,2026-04-15 12:18:01.797210,NRN Infrastructure and Development Limited
2026041505009158,NRN,38,46,15,1630.0,24450.0,2026-04-15,186369177,2898,Dipshikha Dhitopatra Karobar Co. Pvt Ltd.,Kalika Securities Pvt. Ltd.,2026-04-15 12:18:02.889858,NRN Infrastructure and Development Limited
2026041505009159,NRN,60,65,40,1633.5,65340.0,2026-04-15,186369181,2898,Nagarik Stock Dealer ,Sharepro Securities Private Limited,2026-04-15 12:18:03.116968,NRN Infrastructure and Development Limited
2026041505009160,NRN,60,17,100,1633.8,163380.0,2026-04-15,186369183,2898,Nagarik Stock Dealer ,ABC Securities Private Limited,2026-04-15 12:18:03.117114,NRN Infrastructure and Development Limited
2026041505009161,NRN,60,66,50,1634.0,81700.0,2026-04-15,186369185,2898,Nagarik Stock Dealer ,Miyo Securities Pvt Ltd,2026-04-15 12:18:03.117190,NRN Infrastructure and Development Limited
2026041505009162,NRN,60,57,10,1634.9,16349.0,2026-04-15,186369188,2898,Nagarik Stock Dealer ,Aryatara Investment & Securities,2026-04-15 12:18:03.117270,NRN Infrastructure and Development Limited
2026041505009290,NRN,38,66,40,1630.0,65200.0,2026-04-15,186370508,2898,Dipshikha Dhitopatra Karobar Co. Pvt Ltd.,Miyo Securities Pvt Ltd,2026-04-15 12:18:54.810930,NRN Infrastructure and Development Limited
2026041505009291,NRN,38,66,52,1630.0,84760.0,2026-04-15,186370510,2898,Dipshikha Dhitopatra Karobar Co. Pvt Ltd.,Miyo Securities Pvt Ltd,2026-04-15 12:18:54.811626,NRN Infrastructure and Development Limited
2026041505009342,NRN,36,34,1,1600.0,1600.0,2026-04-15,186371029,2898,Secured Securities Ltd.,Vision Securities Pvt. Ltd,2026-04-15 12:19:25.067838,NRN Infrastructure and Development Limited
2026041505009374,NRN,26,58,15,1630.0,24450.0,2026-04-15,186371643,2898,Asian Securities Private Ltd.,Naasa Securities Co. Ltd.,2026-04-15 12:20:00.667818,NRN Infrastructure and Development Limited
2026041505009376,NRN,17,45,10,1630.0,16300.0,2026-04-15,186371671,2898,ABC Securities Private Limited,Imperial Securities Company Pvt. Ltd.,2026-04-15 12:20:02.660149,NRN Infrastructure and Development Limited
2026041505009387,NRN,17,50,90,1630.0,146700.0,2026-04-15,186371810,2898,ABC Securities Private Limited,Cristal Kanchanjanga Securites Pvt. Ltd.,2026-04-15 12:20:11.654628,NRN Infrastructure and Development Limited
2026041505009428,NRN,60,50,11,1630.0,17930.0,2026-04-15,186372095,2898,Nagarik Stock Dealer ,Cristal Kanchanjanga Securites Pvt. Ltd.,2026-04-15 12:20:28.148043,NRN Infrastructure and Development Limited
2026041505009564,NRN,60,28,100,1634.0,163400.0,2026-04-15,186373572,2898,Nagarik Stock Dealer ,Shree Krishna Securities Ltd.,2026-04-15 12:21:30.877187,NRN Infrastructure and Development Limited
2026041505009581,NRN,60,4,89,1630.1,145078.9,2026-04-15,186373904,2898,Nagarik Stock Dealer ,Opal Securities Investment (PVT) Ltd.,2026-04-15 12:21:43.220439,NRN Infrastructure and Development Limited
2026041505009582,NRN,39,4,211,1630.1,343951.1,2026-04-15,186373905,2898,Sumeru Securities Pvt. Ltd.,Opal Securities Investment (PVT) Ltd.,2026-04-15 12:21:43.220779,NRN Infrastructure and Development Limited
2026041505009648,NRN,58,4,60,1633.9,98034.0,2026-04-15,186374572,2898,Naasa Securities Co. Ltd.,Opal Securities Investment (PVT) Ltd.,2026-04-15 12:22:07.157561,NRN Infrastructure and Development Limited
2026041505010134,NRN,58,4,100,1633.9,163390.0,2026-04-15,186378786,2898,Naasa Securities Co. Ltd.,Opal Securities Investment (PVT) Ltd.,2026-04-15 12:25:21.970618,NRN Infrastructure and Development Limited
2026041505010191,NRN,36,52,1,1605.0,1605.0,2026-04-15,186379175,2898,Secured Securities Ltd.,Sundhara Securities Limited,2026-04-15 12:25:44.021956,NRN Infrastructure and Development Limited
2026041505010218,NRN,58,4,50,1633.9,81695.0,2026-04-15,186379308,2898,Naasa Securities Co. Ltd.,Opal Securities Investment (PVT) Ltd.,2026-04-15 12:25:49.283711,NRN Infrastructure and Development Limited
2026041505010234,NRN,60,4,90,1633.9,147051.0,2026-04-15,186379499,2898,Nagarik Stock Dealer ,Opal Securities Investment (PVT) Ltd.,2026-04-15 12:25:55.212729,NRN Infrastructure and Development Limited
2026041505010244,NRN,60,32,50,1633.9,81695.0,2026-04-15,186379564,2898,Nagarik Stock Dealer ,Premier Securities Company Ltd.,2026-04-15 12:25:59.331455,NRN Infrastructure and Development Limited
2026041505010289,NRN,36,44,10,1632.0,16320.0,2026-04-15,186379958,2898,Secured Securities Ltd.,Dynamic Money Managers Securities Pvt. Ltd.,2026-04-15 12:26:19.059948,NRN Infrastructure and Development Limited
2026041505010323,NRN,38,32,36,1633.0,58788.0,2026-04-15,186380226,2898,Dipshikha Dhitopatra Karobar Co. Pvt Ltd.,Premier Securities Company Ltd.,2026-04-15 12:26:32.332338,NRN Infrastructure and Development Limited
2026041505010324,NRN,38,32,28,1633.0,45724.0,2026-04-15,186380228,2898,Dipshikha Dhitopatra Karobar Co. Pvt Ltd.,Premier Securities Company Ltd.,2026-04-15 12:26:32.333837,NRN Infrastructure and Development Limited
2026041505010325,NRN,38,32,10,1633.0,16330.0,2026-04-15,186380230,2898,Dipshikha Dhitopatra Karobar Co. Pvt Ltd.,Premier Securities Company Ltd.,2026-04-15 12:26:32.360131,NRN Infrastructure and Development Limited
2026041505010326,NRN,38,32,29,1633.0,47357.0,2026-04-15,186380232,2898,Dipshikha Dhitopatra Karobar Co. Pvt Ltd.,Premier Securities Company Ltd.,2026-04-15 12:26:32.374281,NRN Infrastructure and Development Limited
2026041505010327,NRN,38,32,10,1633.0,16330.0,2026-04-15,186380234,2898,Dipshikha Dhitopatra Karobar Co. Pvt Ltd.,Premier Securities Company Ltd.,2026-04-15 12:26:32.376580,NRN Infrastructure and Development Limited
2026041505010328,NRN,38,32,10,1633.0,16330.0,2026-04-15,186380236,2898,Dipshikha Dhitopatra Karobar Co. Pvt Ltd.,Premier Securities Company Ltd.,2026-04-15 12:26:32.403415,NRN Infrastructure and Development Limited
2026041505010329,NRN,38,32,10,1633.0,16330.0,2026-04-15,186380238,2898,Dipshikha Dhitopatra Karobar Co. Pvt Ltd.,Premier Securities Company Ltd.,2026-04-15 12:26:32.424098,NRN Infrastructure and Development Limited
2026041505010330,NRN,38,32,28,1633.0,45724.0,2026-04-15,186380250,2898,Dipshikha Dhitopatra Karobar Co. Pvt Ltd.,Premier Securities Company Ltd.,2026-04-15 12:26:33.867662,NRN Infrastructure and Development Limited
2026041505010401,NRN,39,58,79,1630.1,128777.9,2026-04-15,186381162,2898,Sumeru Securities Pvt. Ltd.,Naasa Securities Co. Ltd.,2026-04-15 12:27:23.107900,NRN Infrastructure and Development Limited
2026041505010402,NRN,26,58,80,1630.0,130400.0,2026-04-15,186381164,2898,Asian Securities Private Ltd.,Naasa Securities Co. Ltd.,2026-04-15 12:27:23.108285,NRN Infrastructure and Development Limited
2026041505010403,NRN,100,58,241,1629.0,392589.0,2026-04-15,186381165,2898,Sunrise Securities Limited,Naasa Securities Co. Ltd.,2026-04-15 12:27:23.108477,NRN Infrastructure and Development Limited
2026041505010434,NRN,45,20,1,1634.0,1634.0,2026-04-15,186381305,2898,Imperial Securities Company Pvt. Ltd.,Sipla Securities Private Limited,2026-04-15 12:27:30.730016,NRN Infrastructure and Development Limited
2026041505010457,NRN,46,96,1,1600.4,1600.4,2026-04-15,186381595,2898,Kalika Securities Pvt. Ltd.,Himalayan Securities Limited,2026-04-15 12:27:43.012584,NRN Infrastructure and Development Limited
2026041505010459,NRN,46,41,1,1613.0,1613.0,2026-04-15,186381657,2898,Kalika Securities Pvt. Ltd.,Linch Stock Market Ltd.,2026-04-15 12:27:45.122426,NRN Infrastructure and Development Limited
2026041505010481,NRN,100,36,55,1629.0,89595.0,2026-04-15,186381841,2898,Sunrise Securities Limited,Secured Securities Ltd.,2026-04-15 12:27:57.866766,NRN Infrastructure and Development Limited
2026041505010503,NRN,46,36,1,1610.0,1610.0,2026-04-15,186382041,2898,Kalika Securities Pvt. Ltd.,Secured Securities Ltd.,2026-04-15 12:28:09.019093,NRN Infrastructure and Development Limited
2026041505010506,NRN,100,58,104,1629.0,169416.0,2026-04-15,186382098,2898,Sunrise Securities Limited,Naasa Securities Co. Ltd.,2026-04-15 12:28:11.436497,NRN Infrastructure and Development Limited
2026041505010522,NRN,17,58,150,1628.0,244200.0,2026-04-15,186382239,2898,ABC Securities Private Limited,Naasa Securities Co. Ltd.,2026-04-15 12:28:17.486778,NRN Infrastructure and Development Limited
2026041505010548,NRN,17,58,146,1628.0,237688.0,2026-04-15,186382381,2898,ABC Securities Private Limited,Naasa Securities Co. Ltd.,2026-04-15 12:28:27.883644,NRN Infrastructure and Development Limited
2026041505010633,NRN,60,4,200,1628.2,325640.0,2026-04-15,186383174,2898,Nagarik Stock Dealer ,Opal Securities Investment (PVT) Ltd.,2026-04-15 12:29:06.753558,NRN Infrastructure and Development Limited
2026041505010634,NRN,58,4,100,1628.1,162810.0,2026-04-15,186383175,2898,Naasa Securities Co. Ltd.,Opal Securities Investment (PVT) Ltd.,2026-04-15 12:29:06.754276,NRN Infrastructure and Development Limited
2026041505010670,NRN,41,4,180,1628.0,293040.0,2026-04-15,186383450,2898,Linch Stock Market Ltd.,Opal Securities Investment (PVT) Ltd.,2026-04-15 12:29:22.480476,NRN Infrastructure and Development Limited
2026041505010671,NRN,29,4,120,1628.0,195360.0,2026-04-15,186383451,2898,Trisul Securities & Invt. Ltd.,Opal Securities Investment (PVT) Ltd.,2026-04-15 12:29:22.480838,NRN Infrastructure and Development Limited
2026041505010709,NRN,29,4,300,1628.0,488400.0,2026-04-15,186383683,2898,Trisul Securities & Invt. Ltd.,Opal Securities Investment (PVT) Ltd.,2026-04-15 12:29:37.919783,NRN Infrastructure and Development Limited
2026041505010711,NRN,29,36,1,1610.0,1610.0,2026-04-15,186383723,2898,Trisul Securities & Invt. Ltd.,Secured Securities Ltd.,2026-04-15 12:29:41.786433,NRN Infrastructure and Development Limited
2026041505010811,NRN,41,52,1,1605.1,1605.1,2026-04-15,186384817,2898,Linch Stock Market Ltd.,Sundhara Securities Limited,2026-04-15 12:30:39.199482,NRN Infrastructure and Development Limited
2026041505010894,NRN,46,57,1,1610.0,1610.0,2026-04-15,186385867,2898,Kalika Securities Pvt. Ltd.,Aryatara Investment & Securities,2026-04-15 12:31:37.718599,NRN Infrastructure and Development Limited
2026041505010921,NRN,29,66,108,1628.1,175834.8,2026-04-15,186386017,2898,Trisul Securities & Invt. Ltd.,Miyo Securities Pvt Ltd,2026-04-15 12:31:45.924077,NRN Infrastructure and Development Limited
2026041505010969,NRN,96,45,20,1630.0,32600.0,2026-04-15,186386521,2898,Himalayan Securities Limited,Imperial Securities Company Pvt. Ltd.,2026-04-15 12:32:13.895803,NRN Infrastructure and Development Limited
2026041505011023,NRN,96,99,500,1630.0,815000.0,2026-04-15,186387011,2898,Himalayan Securities Limited,Prabhu Stock Market Limited,2026-04-15 12:32:35.745088,NRN Infrastructure and Development Limited
2026041505011118,NRN,47,17,1,1600.0,1600.0,2026-04-15,186387755,2898,Neev Securities Pvt. Ltd.,ABC Securities Private Limited,2026-04-15 12:33:09.124081,NRN Infrastructure and Development Limited
2026041505011136,NRN,29,54,92,1631.0,150052.0,2026-04-15,186387944,2898,Trisul Securities & Invt. Ltd.,Sewa Securities Pvt. Ltd.,2026-04-15 12:33:19.815820,NRN Infrastructure and Development Limited
2026041505011142,NRN,58,17,30,1630.1,48903.0,2026-04-15,186388060,2898,Naasa Securities Co. Ltd.,ABC Securities Private Limited,2026-04-15 12:33:26.936894,NRN Infrastructure and Development Limited
2026041505011143,NRN,96,17,100,1630.0,163000.0,2026-04-15,186388061,2898,Himalayan Securities Limited,ABC Securities Private Limited,2026-04-15 12:33:26.937654,NRN Infrastructure and Development Limited
2026041505011237,NRN,96,17,40,1630.0,65200.0,2026-04-15,186389089,2898,Himalayan Securities Limited,ABC Securities Private Limited,2026-04-15 12:34:08.100513,NRN Infrastructure and Development Limited
2026041505011274,NRN,96,40,200,1630.0,326000.0,2026-04-15,186389261,2898,Himalayan Securities Limited,Creative Securities Pvt Ltd,2026-04-15 12:34:15.941464,NRN Infrastructure and Development Limited
2026041505011377,NRN,71,54,908,1631.0,1480948.0,2026-04-15,186390463,2898,SHUBHAKAMANA SECURITIES PVT. LTD,Sewa Securities Pvt. Ltd.,2026-04-15 12:35:21.455578,NRN Infrastructure and Development Limited
2026041505011378,NRN,71,19,50,1632.0,81600.0,2026-04-15,186390465,2898,SHUBHAKAMANA SECURITIES PVT. LTD,Nepal Investment And Securities Trading Private Limited,2026-04-15 12:35:21.456029,NRN Infrastructure and Development Limited
2026041505011379,NRN,71,49,30,1632.0,48960.0,2026-04-15,186390467,2898,SHUBHAKAMANA SECURITIES PVT. LTD,Online Securities Pvt. Ltd.,2026-04-15 12:35:21.456212,NRN Infrastructure and Development Limited
2026041505011380,NRN,71,61,12,1632.0,19584.0,2026-04-15,186390470,2898,SHUBHAKAMANA SECURITIES PVT. LTD,BHOLE GANESH SECURITIES LTD,2026-04-15 12:35:21.456429,NRN Infrastructure and Development Limited
2026041505011407,NRN,58,61,10,1632.0,16320.0,2026-04-15,186390758,2898,Naasa Securities Co. Ltd.,BHOLE GANESH SECURITIES LTD,2026-04-15 12:35:37.806882,NRN Infrastructure and Development Limited
2026041505011421,NRN,49,61,100,1632.0,163200.0,2026-04-15,186391017,2898,Online Securities Pvt. Ltd.,BHOLE GANESH SECURITIES LTD,2026-04-15 12:35:53.707716,NRN Infrastructure and Development Limited
2026041505011460,NRN,14,61,18,1632.0,29376.0,2026-04-15,186391569,2898,Nepal Stock House (PVT) Ltd.,BHOLE GANESH SECURITIES LTD,2026-04-15 12:36:14.657605,NRN Infrastructure and Development Limited
2026041505011485,NRN,38,42,20,1632.9,32658.0,2026-04-15,186391745,2898,Dipshikha Dhitopatra Karobar Co. Pvt Ltd.,Sani Securities Company Ltd.,2026-04-15 12:36:26.585704,NRN Infrastructure and Development Limited
2026041505011621,NRN,96,32,289,1633.0,471937.0,2026-04-15,186392915,2898,Himalayan Securities Limited,Premier Securities Company Ltd.,2026-04-15 12:37:14.450250,NRN Infrastructure and Development Limited
2026041505011622,NRN,96,58,15,1633.0,24495.0,2026-04-15,186392917,2898,Himalayan Securities Limited,Naasa Securities Co. Ltd.,2026-04-15 12:37:14.450635,NRN Infrastructure and Development Limited
2026041505011623,NRN,96,39,16,1635.0,26160.0,2026-04-15,186392919,2898,Himalayan Securities Limited,Sumeru Securities Pvt. Ltd.,2026-04-15 12:37:14.450816,NRN Infrastructure and Development Limited
2026041505011624,NRN,96,28,47,1635.0,76845.0,2026-04-15,186392921,2898,Himalayan Securities Limited,Shree Krishna Securities Ltd.,2026-04-15 12:37:14.451031,NRN Infrastructure and Development Limited
2026041505011625,NRN,96,6,30,1635.0,49050.0,2026-04-15,186392923,2898,Himalayan Securities Limited,Agrawal Securities (PVT) Ltd.,2026-04-15 12:37:14.451204,NRN Infrastructure and Development Limited
2026041505011626,NRN,96,32,743,1635.0,1214805.0,2026-04-15,186392926,2898,Himalayan Securities Limited,Premier Securities Company Ltd.,2026-04-15 12:37:14.451381,NRN Infrastructure and Development Limited
2026041505011665,NRN,60,32,60,1635.0,98100.0,2026-04-15,186393266,2898,Nagarik Stock Dealer ,Premier Securities Company Ltd.,2026-04-15 12:37:31.386017,NRN Infrastructure and Development Limited
2026041505011826,NRN,17,32,197,1635.0,322095.0,2026-04-15,186394203,2898,ABC Securities Private Limited,Premier Securities Company Ltd.,2026-04-15 12:38:24.994585,NRN Infrastructure and Development Limited
2026041505011827,NRN,17,4,300,1635.8,490740.0,2026-04-15,186394205,2898,ABC Securities Private Limited,Opal Securities Investment (PVT) Ltd.,2026-04-15 12:38:24.994629,NRN Infrastructure and Development Limited
2026041505011828,NRN,17,45,30,1635.9,49077.0,2026-04-15,186394207,2898,ABC Securities Private Limited,Imperial Securities Company Pvt. Ltd.,2026-04-15 12:38:24.994659,NRN Infrastructure and Development Limited
2026041505011829,NRN,17,32,500,1636.0,818000.0,2026-04-15,186394209,2898,ABC Securities Private Limited,Premier Securities Company Ltd.,2026-04-15 12:38:24.994687,NRN Infrastructure and Development Limited
2026041505011830,NRN,17,28,200,1636.0,327200.0,2026-04-15,186394211,2898,ABC Securities Private Limited,Shree Krishna Securities Ltd.,2026-04-15 12:38:24.994716,NRN Infrastructure and Development Limited
2026041505011831,NRN,17,6,100,1637.0,163700.0,2026-04-15,186394213,2898,ABC Securities Private Limited,Agrawal Securities (PVT) Ltd.,2026-04-15 12:38:24.994740,NRN Infrastructure and Development Limited
2026041505011832,NRN,17,62,28,1637.0,45836.0,2026-04-15,186394215,2898,ABC Securities Private Limited,Capital Max Securities Ltd,2026-04-15 12:38:24.994763,NRN Infrastructure and Development Limited
2026041505011833,NRN,17,6,645,1637.0,1055865.0,2026-04-15,186394218,2898,ABC Securities Private Limited,Agrawal Securities (PVT) Ltd.,2026-04-15 12:38:24.994787,NRN Infrastructure and Development Limited
2026041505011871,NRN,46,34,1,1605.1,1605.1,2026-04-15,186394595,2898,Kalika Securities Pvt. Ltd.,Vision Securities Pvt. Ltd,2026-04-15 12:38:44.970401,NRN Infrastructure and Development Limited
2026041505012074,NRN,38,6,70,1637.2,114604.0,2026-04-15,186396176,2898,Dipshikha Dhitopatra Karobar Co. Pvt Ltd.,Agrawal Securities (PVT) Ltd.,2026-04-15 12:40:21.030434,NRN Infrastructure and Development Limited
2026041505012091,NRN,21,52,18,1633.0,29394.0,2026-04-15,186396303,2898,Midas Stock Broking Company Private Limited,Sundhara Securities Limited,2026-04-15 12:40:27.349815,NRN Infrastructure and Development Limited
2026041505012151,NRN,1,6,30,1637.2,49116.0,2026-04-15,186397039,2898,Kumari Securities Private Limited,Agrawal Securities (PVT) Ltd.,2026-04-15 12:41:05.018823,NRN Infrastructure and Development Limited
2026041505012303,NRN,46,38,1,1610.0,1610.0,2026-04-15,186398683,2898,Kalika Securities Pvt. Ltd.,Dipshikha Dhitopatra Karobar Co. Pvt Ltd.,2026-04-15 12:42:33.689030,NRN Infrastructure and Development Limited
2026041505012442,NRN,49,41,1,1615.0,1615.0,2026-04-15,186399937,2898,Online Securities Pvt. Ltd.,Linch Stock Market Ltd.,2026-04-15 12:43:39.224611,NRN Infrastructure and Development Limited
2026041505012471,NRN,49,56,1,1620.0,1620.0,2026-04-15,186400093,2898,Online Securities Pvt. Ltd.,Sri Hari Securities Pvt. Ltd.,2026-04-15 12:43:49.848069,NRN Infrastructure and Development Limited
2026041505012489,NRN,22,6,10,1637.3,16373.0,2026-04-15,186400230,2898,Siprabi Securities Pvt. Ltd.,Agrawal Securities (PVT) Ltd.,2026-04-15 12:43:59.237006,NRN Infrastructure and Development Limited
2026041505012490,NRN,1,6,15,1637.2,24558.0,2026-04-15,186400231,2898,Kumari Securities Private Limited,Agrawal Securities (PVT) Ltd.,2026-04-15 12:43:59.237388,NRN Infrastructure and Development Limited
2026041505012493,NRN,49,56,1,1625.0,1625.0,2026-04-15,186400265,2898,Online Securities Pvt. Ltd.,Sri Hari Securities Pvt. Ltd.,2026-04-15 12:44:02.341639,NRN Infrastructure and Development Limited
2026041505012515,NRN,49,45,1,1626.0,1626.0,2026-04-15,186400387,2898,Online Securities Pvt. Ltd.,Imperial Securities Company Pvt. Ltd.,2026-04-15 12:44:12.959856,NRN Infrastructure and Development Limited
2026041505013072,NRN,42,68,420,1635.1,686742.0,2026-04-15,186404607,2898,Sani Securities Company Ltd.,Elite Stock House Limited,2026-04-15 12:48:45.115118,NRN Infrastructure and Development Limited
2026041505013109,NRN,42,4,80,1635.1,130808.0,2026-04-15,186404790,2898,Sani Securities Company Ltd.,Opal Securities Investment (PVT) Ltd.,2026-04-15 12:49:00.489092,NRN Infrastructure and Development Limited
2026041505013110,NRN,94,4,220,1635.0,359700.0,2026-04-15,186404791,2898,K.B.L. Securities Limited ,Opal Securities Investment (PVT) Ltd.,2026-04-15 12:49:00.489631,NRN Infrastructure and Development Limited
2026041505013186,NRN,45,58,1,1605.0,1605.0,2026-04-15,186405229,2898,Imperial Securities Company Pvt. Ltd.,Naasa Securities Co. Ltd.,2026-04-15 12:49:28.035418,NRN Infrastructure and Development Limited
2026041505013187,NRN,46,58,1,1605.0,1605.0,2026-04-15,186405231,2898,Kalika Securities Pvt. Ltd.,Naasa Securities Co. Ltd.,2026-04-15 12:49:28.057957,NRN Infrastructure and Development Limited
2026041505013251,NRN,94,58,280,1635.0,457800.0,2026-04-15,186405828,2898,K.B.L. Securities Limited ,Naasa Securities Co. Ltd.,2026-04-15 12:50:05.237201,NRN Infrastructure and Development Limited
2026041505013272,NRN,29,57,1,1605.0,1605.0,2026-04-15,186406013,2898,Trisul Securities & Invt. Ltd.,Aryatara Investment & Securities,2026-04-15 12:50:19.971131,NRN Infrastructure and Development Limited
2026041505013559,NRN,49,1,1,1615.0,1615.0,2026-04-15,186408697,2898,Online Securities Pvt. Ltd.,Kumari Securities Private Limited,2026-04-15 12:53:04.387029,NRN Infrastructure and Development Limited
2026041505013606,NRN,58,17,15,1633.0,24495.0,2026-04-15,186409179,2898,Naasa Securities Co. Ltd.,ABC Securities Private Limited,2026-04-15 12:53:36.685548,NRN Infrastructure and Development Limited
2026041505013629,NRN,58,49,35,1633.0,57155.0,2026-04-15,186409250,2898,Naasa Securities Co. Ltd.,Online Securities Pvt. Ltd.,2026-04-15 12:53:41.222858,NRN Infrastructure and Development Limited
2026041505013663,NRN,38,63,10,1632.9,16329.0,2026-04-15,186409572,2898,Dipshikha Dhitopatra Karobar Co. Pvt Ltd.,Himalayan Brokerage Company Limited,2026-04-15 12:53:52.633120,NRN Infrastructure and Development Limited
2026041505013664,NRN,14,63,100,1632.9,163290.0,2026-04-15,186409574,2898,Nepal Stock House (PVT) Ltd.,Himalayan Brokerage Company Limited,2026-04-15 12:53:52.633925,NRN Infrastructure and Development Limited
2026041505013668,NRN,49,37,1,1626.2,1626.2,2026-04-15,186409595,2898,Online Securities Pvt. Ltd.,Swarna Laxmi Securities Pvt. Ltd.,2026-04-15 12:53:55.710901,NRN Infrastructure and Development Limited
2026041505013684,NRN,49,38,1,1626.5,1626.5,2026-04-15,186409847,2898,Online Securities Pvt. Ltd.,Dipshikha Dhitopatra Karobar Co. Pvt Ltd.,2026-04-15 12:54:11.494080,NRN Infrastructure and Development Limited
2026041505013704,NRN,58,5,44,1632.4,71825.6,2026-04-15,186409989,2898,Naasa Securities Co. Ltd.,Market Securities & Exchange (PVT) Ltd.,2026-04-15 12:54:21.094598,NRN Infrastructure and Development Limited
2026041505013726,NRN,49,58,1,1620.0,1620.0,2026-04-15,186410285,2898,Online Securities Pvt. Ltd.,Naasa Securities Co. Ltd.,2026-04-15 12:54:38.069977,NRN Infrastructure and Development Limited
2026041505013735,NRN,58,67,46,1632.4,75090.4,2026-04-15,186410362,2898,Naasa Securities Co. Ltd.,Property Wiard Limited,2026-04-15 12:54:41.850042,NRN Infrastructure and Development Limited
2026041505013736,NRN,41,67,700,1632.3,1142610.0,2026-04-15,186410364,2898,Linch Stock Market Ltd.,Property Wiard Limited,2026-04-15 12:54:41.850843,NRN Infrastructure and Development Limited
2026041505013737,NRN,41,67,100,1630.2,163020.0,2026-04-15,186410366,2898,Linch Stock Market Ltd.,Property Wiard Limited,2026-04-15 12:54:41.851418,NRN Infrastructure and Development Limited
2026041505013738,NRN,6,67,10,1630.1,16301.0,2026-04-15,186410368,2898,Agrawal Securities (PVT) Ltd.,Property Wiard Limited,2026-04-15 12:54:41.851973,NRN Infrastructure and Development Limited
2026041505013739,NRN,42,67,144,1630.1,234734.4,2026-04-15,186410369,2898,Sani Securities Company Ltd.,Property Wiard Limited,2026-04-15 12:54:41.852525,NRN Infrastructure and Development Limited
2026041505013791,NRN,49,58,1,1625.0,1625.0,2026-04-15,186410711,2898,Online Securities Pvt. Ltd.,Naasa Securities Co. Ltd.,2026-04-15 12:54:58.283094,NRN Infrastructure and Development Limited
2026041505013794,NRN,42,19,11,1630.1,17931.1,2026-04-15,186410737,2898,Sani Securities Company Ltd.,Nepal Investment And Securities Trading Private Limited,2026-04-15 12:55:03.045744,NRN Infrastructure and Development Limited
2026041505013831,NRN,42,49,500,1630.1,815050.0,2026-04-15,186410997,2898,Sani Securities Company Ltd.,Online Securities Pvt. Ltd.,2026-04-15 12:55:17.765189,NRN Infrastructure and Development Limited
2026041505013838,NRN,49,41,1,1625.0,1625.0,2026-04-15,186411011,2898,Online Securities Pvt. Ltd.,Linch Stock Market Ltd.,2026-04-15 12:55:18.255609,NRN Infrastructure and Development Limited
2026041505013848,NRN,49,38,1,1625.0,1625.0,2026-04-15,186411147,2898,Online Securities Pvt. Ltd.,Dipshikha Dhitopatra Karobar Co. Pvt Ltd.,2026-04-15 12:55:27.306680,NRN Infrastructure and Development Limited
2026041505013904,NRN,49,4,1,1625.0,1625.0,2026-04-15,186411357,2898,Online Securities Pvt. Ltd.,Opal Securities Investment (PVT) Ltd.,2026-04-15 12:55:36.618073,NRN Infrastructure and Development Limited
2026041505013929,NRN,49,47,1,1625.0,1625.0,2026-04-15,186411481,2898,Online Securities Pvt. Ltd.,Neev Securities Pvt. Ltd.,2026-04-15 12:55:47.112819,NRN Infrastructure and Development Limited
2026041505013953,NRN,49,58,1,1625.0,1625.0,2026-04-15,186411593,2898,Online Securities Pvt. Ltd.,Naasa Securities Co. Ltd.,2026-04-15 12:55:57.018567,NRN Infrastructure and Development Limited
2026041505014166,NRN,59,63,290,1632.9,473541.0,2026-04-15,186413562,2898,Deevyaa Securities & Stock House Pvt. Ltd,Himalayan Brokerage Company Limited,2026-04-15 12:57:41.160933,NRN Infrastructure and Development Limited
2026041505014224,NRN,58,49,15,1633.0,24495.0,2026-04-15,186413884,2898,Naasa Securities Co. Ltd.,Online Securities Pvt. Ltd.,2026-04-15 12:57:59.661247,NRN Infrastructure and Development Limited
2026041505014355,NRN,49,57,1,1620.0,1620.0,2026-04-15,186414935,2898,Online Securities Pvt. Ltd.,Aryatara Investment & Securities,2026-04-15 12:59:16.219304,NRN Infrastructure and Development Limited
2026041505014367,NRN,49,35,1,1620.0,1620.0,2026-04-15,186415047,2898,Online Securities Pvt. Ltd.,Kohinoor Investment & Securities Pvt. Ltd.,2026-04-15 12:59:24.204363,NRN Infrastructure and Development Limited
2026041505014400,NRN,40,17,1,1600.4,1600.4,2026-04-15,186415217,2898,Creative Securities Pvt Ltd,ABC Securities Private Limited,2026-04-15 12:59:40.390308,NRN Infrastructure and Development Limited
2026041505014502,NRN,47,17,1,1600.4,1600.4,2026-04-15,186415975,2898,Neev Securities Pvt. Ltd.,ABC Securities Private Limited,2026-04-15 13:00:36.138551,NRN Infrastructure and Development Limited
2026041505014505,NRN,50,32,10,1634.9,16349.0,2026-04-15,186416026,2898,Cristal Kanchanjanga Securites Pvt. Ltd.,Premier Securities Company Ltd.,2026-04-15 13:00:37.426801,NRN Infrastructure and Development Limited
2026041505014561,NRN,49,32,240,1634.9,392376.0,2026-04-15,186416525,2898,Online Securities Pvt. Ltd.,Premier Securities Company Ltd.,2026-04-15 13:01:12.518081,NRN Infrastructure and Development Limited
2026041505014562,NRN,49,58,20,1635.0,32700.0,2026-04-15,186416527,2898,Online Securities Pvt. Ltd.,Naasa Securities Co. Ltd.,2026-04-15 13:01:12.518128,NRN Infrastructure and Development Limited
2026041505014563,NRN,49,58,300,1635.0,490500.0,2026-04-15,186416529,2898,Online Securities Pvt. Ltd.,Naasa Securities Co. Ltd.,2026-04-15 13:01:12.518157,NRN Infrastructure and Development Limited
2026041505014564,NRN,49,58,300,1635.0,490500.0,2026-04-15,186416531,2898,Online Securities Pvt. Ltd.,Naasa Securities Co. Ltd.,2026-04-15 13:01:12.518180,NRN Infrastructure and Development Limited
2026041505014565,NRN,49,58,140,1635.0,228900.0,2026-04-15,186416534,2898,Online Securities Pvt. Ltd.,Naasa Securities Co. Ltd.,2026-04-15 13:01:12.518203,NRN Infrastructure and Development Limited
2026041505014839,NRN,16,6,15,1630.8,24462.0,2026-04-15,186418959,2898,Primo Securities (PVT) Ltd.,Agrawal Securities (PVT) Ltd.,2026-04-15 13:03:58.113058,NRN Infrastructure and Development Limited
2026041505014879,NRN,57,42,9,1605.2,14446.8,2026-04-15,186419581,2898,Aryatara Investment & Securities,Sani Securities Company Ltd.,2026-04-15 13:04:22.981932,NRN Infrastructure and Development Limited
2026041505015254,NRN,5,57,1,1600.0,1600.0,2026-04-15,186422595,2898,Market Securities & Exchange (PVT) Ltd.,Aryatara Investment & Securities,2026-04-15 13:07:31.460925,NRN Infrastructure and Development Limited
2026041505015314,NRN,36,58,10,1631.0,16310.0,2026-04-15,186423006,2898,Secured Securities Ltd.,Naasa Securities Co. Ltd.,2026-04-15 13:07:57.275063,NRN Infrastructure and Development Limited
2026041505015315,NRN,16,58,15,1630.8,24462.0,2026-04-15,186423008,2898,Primo Securities (PVT) Ltd.,Naasa Securities Co. Ltd.,2026-04-15 13:07:57.275883,NRN Infrastructure and Development Limited
2026041505015316,NRN,57,58,35,1630.8,57078.0,2026-04-15,186423009,2898,Aryatara Investment & Securities,Naasa Securities Co. Ltd.,2026-04-15 13:07:57.276467,NRN Infrastructure and Development Limited
2026041505015385,NRN,57,57,65,1630.8,106002.0,2026-04-15,186423714,2898,Aryatara Investment & Securities,Aryatara Investment & Securities,2026-04-15 13:08:39.741742,NRN Infrastructure and Development Limited
2026041505015386,NRN,29,57,80,1630.7,130456.0,2026-04-15,186423717,2898,Trisul Securities & Invt. Ltd.,Aryatara Investment & Securities,2026-04-15 13:08:39.742558,NRN Infrastructure and Development Limited
2026041505015387,NRN,42,57,855,1630.6,1394163.0,2026-04-15,186423719,2898,Sani Securities Company Ltd.,Aryatara Investment & Securities,2026-04-15 13:08:39.743139,NRN Infrastructure and Development Limited
2026041505015412,NRN,42,28,44,1630.6,71746.4,2026-04-15,186423900,2898,Sani Securities Company Ltd.,Shree Krishna Securities Ltd.,2026-04-15 13:08:50.069792,NRN Infrastructure and Development Limited
2026041505015413,NRN,42,51,1,1630.6,1630.6,2026-04-15,186423902,2898,Sani Securities Company Ltd.,Oxford Securities Pvt. Ltd.,2026-04-15 13:08:50.070295,NRN Infrastructure and Development Limited
2026041505015497,NRN,40,54,1,1600.0,1600.0,2026-04-15,186424593,2898,Creative Securities Pvt Ltd,Sewa Securities Pvt. Ltd.,2026-04-15 13:09:29.347062,NRN Infrastructure and Development Limited
2026041505015604,NRN,94,87,15,1630.5,24457.5,2026-04-15,186425487,2898,K.B.L. Securities Limited ,S.P.S.A. Securities Limited,2026-04-15 13:10:21.647610,NRN Infrastructure and Development Limited
2026041505015644,NRN,47,49,1,1598.2,1598.2,2026-04-15,186425873,2898,Neev Securities Pvt. Ltd.,Online Securities Pvt. Ltd.,2026-04-15 13:10:52.615736,NRN Infrastructure and Development Limited
2026041505015658,NRN,58,50,30,1630.6,48918.0,2026-04-15,186425999,2898,Naasa Securities Co. Ltd.,Cristal Kanchanjanga Securites Pvt. Ltd.,2026-04-15 13:11:03.262231,NRN Infrastructure and Development Limited
2026041505015817,NRN,40,49,1,1598.0,1598.0,2026-04-15,186427257,2898,Creative Securities Pvt Ltd,Online Securities Pvt. Ltd.,2026-04-15 13:12:29.676911,NRN Infrastructure and Development Limited
2026041505015860,NRN,58,6,120,1630.6,195672.0,2026-04-15,186427598,2898,Naasa Securities Co. Ltd.,Agrawal Securities (PVT) Ltd.,2026-04-15 13:12:49.498234,NRN Infrastructure and Development Limited
2026041505015861,NRN,94,6,485,1630.5,790792.5,2026-04-15,186427600,2898,K.B.L. Securities Limited ,Agrawal Securities (PVT) Ltd.,2026-04-15 13:12:49.499056,NRN Infrastructure and Development Limited
2026041505015862,NRN,42,6,145,1630.1,236364.5,2026-04-15,186427602,2898,Sani Securities Company Ltd.,Agrawal Securities (PVT) Ltd.,2026-04-15 13:12:49.499616,NRN Infrastructure and Development Limited
2026041505015863,NRN,94,6,80,1630.0,130400.0,2026-04-15,186427603,2898,K.B.L. Securities Limited ,Agrawal Securities (PVT) Ltd.,2026-04-15 13:12:49.500171,NRN Infrastructure and Development Limited
2026041505015963,NRN,96,44,13,1630.8,21200.4,2026-04-15,186428551,2898,Himalayan Securities Limited,Dynamic Money Managers Securities Pvt. Ltd.,2026-04-15 13:13:42.116169,NRN Infrastructure and Development Limited
2026041505015964,NRN,96,6,100,1634.0,163400.0,2026-04-15,186428553,2898,Himalayan Securities Limited,Agrawal Securities (PVT) Ltd.,2026-04-15 13:13:42.116610,NRN Infrastructure and Development Limited
2026041505015965,NRN,96,6,200,1634.3,326860.0,2026-04-15,186428555,2898,Himalayan Securities Limited,Agrawal Securities (PVT) Ltd.,2026-04-15 13:13:42.116806,NRN Infrastructure and Development Limited
2026041505015966,NRN,96,45,20,1635.0,32700.0,2026-04-15,186428557,2898,Himalayan Securities Limited,Imperial Securities Company Pvt. Ltd.,2026-04-15 13:13:42.117027,NRN Infrastructure and Development Limited
2026041505015967,NRN,96,34,10,1635.0,16350.0,2026-04-15,186428559,2898,Himalayan Securities Limited,Vision Securities Pvt. Ltd,2026-04-15 13:13:42.117225,NRN Infrastructure and Development Limited
2026041505015968,NRN,96,45,100,1635.0,163500.0,2026-04-15,186428561,2898,Himalayan Securities Limited,Imperial Securities Company Pvt. Ltd.,2026-04-15 13:13:42.117420,NRN Infrastructure and Development Limited
2026041505015969,NRN,96,6,255,1635.0,416925.0,2026-04-15,186428563,2898,Himalayan Securities Limited,Agrawal Securities (PVT) Ltd.,2026-04-15 13:13:42.117623,NRN Infrastructure and Development Limited
2026041505015970,NRN,96,53,140,1635.0,228900.0,2026-04-15,186428565,2898,Himalayan Securities Limited,Investment Management Nepal Pvt. Ltd.,2026-04-15 13:13:42.117835,NRN Infrastructure and Development Limited
2026041505016081,NRN,96,38,150,1631.0,244650.0,2026-04-15,186429563,2898,Himalayan Securities Limited,Dipshikha Dhitopatra Karobar Co. Pvt Ltd.,2026-04-15 13:14:53.207612,NRN Infrastructure and Development Limited
2026041505016112,NRN,36,34,1,1625.0,1625.0,2026-04-15,186429701,2898,Secured Securities Ltd.,Vision Securities Pvt. Ltd,2026-04-15 13:15:05.105441,NRN Infrastructure and Development Limited
2026041505016117,NRN,96,18,12,1631.0,19572.0,2026-04-15,186429810,2898,Himalayan Securities Limited,Sagarmatha Securities Private Limited,2026-04-15 13:15:09.650005,NRN Infrastructure and Development Limited
2026041505016118,NRN,94,18,18,1630.0,29340.0,2026-04-15,186429811,2898,K.B.L. Securities Limited ,Sagarmatha Securities Private Limited,2026-04-15 13:15:09.650878,NRN Infrastructure and Development Limited
2026041505016147,NRN,94,38,10,1630.0,16300.0,2026-04-15,186430011,2898,K.B.L. Securities Limited ,Dipshikha Dhitopatra Karobar Co. Pvt Ltd.,2026-04-15 13:15:21.527214,NRN Infrastructure and Development Limited
2026041505016161,NRN,94,58,30,1630.0,48900.0,2026-04-15,186430125,2898,K.B.L. Securities Limited ,Naasa Securities Co. Ltd.,2026-04-15 13:15:27.764053,NRN Infrastructure and Development Limited
2026041505016197,NRN,94,14,62,1630.0,101060.0,2026-04-15,186430298,2898,K.B.L. Securities Limited ,Nepal Stock House (PVT) Ltd.,2026-04-15 13:15:34.384692,NRN Infrastructure and Development Limited
2026041505016198,NRN,94,14,238,1630.0,387940.0,2026-04-15,186430299,2898,K.B.L. Securities Limited ,Nepal Stock House (PVT) Ltd.,2026-04-15 13:15:34.385547,NRN Infrastructure and Development Limited
2026041505016321,NRN,94,14,62,1630.0,101060.0,2026-04-15,186430998,2898,K.B.L. Securities Limited ,Nepal Stock House (PVT) Ltd.,2026-04-15 13:16:28.393694,NRN Infrastructure and Development Limited
2026041505016322,NRN,48,14,208,1630.0,339040.0,2026-04-15,186430999,2898,Trishakti Securities Public Limited,Nepal Stock House (PVT) Ltd.,2026-04-15 13:16:28.394208,NRN Infrastructure and Development Limited
2026041505016325,NRN,48,78,160,1630.0,260800.0,2026-04-15,186431037,2898,Trishakti Securities Public Limited,Garima Securities Limited,2026-04-15 13:16:30.314547,NRN Infrastructure and Development Limited
2026041505016376,NRN,48,58,132,1630.0,215160.0,2026-04-15,186431550,2898,Trishakti Securities Public Limited,Naasa Securities Co. Ltd.,2026-04-15 13:17:09.129283,NRN Infrastructure and Development Limited
2026041505016377,NRN,1,58,100,1630.0,163000.0,2026-04-15,186431552,2898,Kumari Securities Private Limited,Naasa Securities Co. Ltd.,2026-04-15 13:17:09.129754,NRN Infrastructure and Development Limited
2026041505016378,NRN,75,58,68,1630.0,110840.0,2026-04-15,186431553,2898,N.I.M.B. Stock Markets Limited,Naasa Securities Co. Ltd.,2026-04-15 13:17:09.129951,NRN Infrastructure and Development Limited
2026041505016423,NRN,75,58,50,1630.0,81500.0,2026-04-15,186431813,2898,N.I.M.B. Stock Markets Limited,Naasa Securities Co. Ltd.,2026-04-15 13:17:27.347701,NRN Infrastructure and Development Limited
2026041505016434,NRN,75,58,2,1630.0,3260.0,2026-04-15,186431953,2898,N.I.M.B. Stock Markets Limited,Naasa Securities Co. Ltd.,2026-04-15 13:17:39.998516,NRN Infrastructure and Development Limited
2026041505016435,NRN,35,58,10,1630.0,16300.0,2026-04-15,186431962,2898,Kohinoor Investment & Securities Pvt. Ltd.,Naasa Securities Co. Ltd.,2026-04-15 13:17:40.578216,NRN Infrastructure and Development Limited
2026041505016436,NRN,45,58,90,1629.2,146628.0,2026-04-15,186431963,2898,Imperial Securities Company Pvt. Ltd.,Naasa Securities Co. Ltd.,2026-04-15 13:17:40.579095,NRN Infrastructure and Development Limited
2026041505016557,NRN,45,95,60,1629.2,97752.0,2026-04-15,186432794,2898,Imperial Securities Company Pvt. Ltd.,Magnet Securities and Investment Company Private Limited,2026-04-15 13:18:41.082426,NRN Infrastructure and Development Limited
2026041505016558,NRN,58,95,17,1628.0,27676.0,2026-04-15,186432796,2898,Naasa Securities Co. Ltd.,Magnet Securities and Investment Company Private Limited,2026-04-15 13:18:41.082867,NRN Infrastructure and Development Limited
2026041505016559,NRN,29,95,23,1628.0,37444.0,2026-04-15,186432797,2898,Trisul Securities & Invt. Ltd.,Magnet Securities and Investment Company Private Limited,2026-04-15 13:18:41.083064,NRN Infrastructure and Development Limited
2026041505016648,NRN,29,80,400,1628.0,651200.0,2026-04-15,186433601,2898,Trisul Securities & Invt. Ltd.,Indira securities pvt. ltd,2026-04-15 13:19:46.208779,NRN Infrastructure and Development Limited
2026041505016676,NRN,29,66,77,1628.0,125356.0,2026-04-15,186433818,2898,Trisul Securities & Invt. Ltd.,Miyo Securities Pvt Ltd,2026-04-15 13:20:07.496292,NRN Infrastructure and Development Limited
2026041505016696,NRN,10,66,123,1628.0,200244.0,2026-04-15,186434031,2898,Pragyan Securities (PVT) Ltd.,Miyo Securities Pvt Ltd,2026-04-15 13:20:19.496291,NRN Infrastructure and Development Limited
2026041505017197,NRN,49,58,1,1615.0,1615.0,2026-04-15,186437961,2898,Online Securities Pvt. Ltd.,Naasa Securities Co. Ltd.,2026-04-15 13:25:22.374395,NRN Infrastructure and Development Limited
2026041505017214,NRN,61,66,20,1628.6,32572.0,2026-04-15,186438102,2898,BHOLE GANESH SECURITIES LTD,Miyo Securities Pvt Ltd,2026-04-15 13:25:33.321123,NRN Infrastructure and Development Limited
2026041505017215,NRN,10,66,230,1628.5,374555.0,2026-04-15,186438103,2898,Pragyan Securities (PVT) Ltd.,Miyo Securities Pvt Ltd,2026-04-15 13:25:33.321956,NRN Infrastructure and Development Limited
2026041505017217,NRN,49,13,1,1620.0,1620.0,2026-04-15,186438113,2898,Online Securities Pvt. Ltd.,Thrive Brokerage House Pvt. Ltd,2026-04-15 13:25:33.915479,NRN Infrastructure and Development Limited
2026041505017236,NRN,49,45,1,1620.0,1620.0,2026-04-15,186438201,2898,Online Securities Pvt. Ltd.,Imperial Securities Company Pvt. Ltd.,2026-04-15 13:25:39.780976,NRN Infrastructure and Development Limited
2026041505017321,NRN,66,7,30,1630.0,48900.0,2026-04-15,186438685,2898,Miyo Securities Pvt Ltd,J.F. Securites (PVT) Ltd.,2026-04-15 13:26:13.240464,NRN Infrastructure and Development Limited
2026041505017322,NRN,66,6,100,1630.0,163000.0,2026-04-15,186438687,2898,Miyo Securities Pvt Ltd,Agrawal Securities (PVT) Ltd.,2026-04-15 13:26:13.241310,NRN Infrastructure and Development Limited
2026041505017362,NRN,47,6,1,1600.0,1600.0,2026-04-15,186439107,2898,Neev Securities Pvt. Ltd.,Agrawal Securities (PVT) Ltd.,2026-04-15 13:26:47.200851,NRN Infrastructure and Development Limited
2026041505017398,NRN,49,52,1,1620.0,1620.0,2026-04-15,186439381,2898,Online Securities Pvt. Ltd.,Sundhara Securities Limited,2026-04-15 13:27:05.182211,NRN Infrastructure and Development Limited
2026041505017429,NRN,66,95,120,1630.0,195600.0,2026-04-15,186439684,2898,Miyo Securities Pvt Ltd,Magnet Securities and Investment Company Private Limited,2026-04-15 13:27:29.529411,NRN Infrastructure and Development Limited
2026041505017430,NRN,10,95,75,1628.5,122137.5,2026-04-15,186439685,2898,Pragyan Securities (PVT) Ltd.,Magnet Securities and Investment Company Private Limited,2026-04-15 13:27:29.530366,NRN Infrastructure and Development Limited
2026041505017651,NRN,47,56,1,1600.0,1600.0,2026-04-15,186442015,2898,Neev Securities Pvt. Ltd.,Sri Hari Securities Pvt. Ltd.,2026-04-15 13:29:59.906357,NRN Infrastructure and Development Limited
2026041505017741,NRN,58,62,100,1628.7,162870.0,2026-04-15,186442565,2898,Naasa Securities Co. Ltd.,Capital Max Securities Ltd,2026-04-15 13:30:48.385018,NRN Infrastructure and Development Limited
2026041505017791,NRN,1,62,50,1628.6,81430.0,2026-04-15,186442957,2898,Kumari Securities Private Limited,Capital Max Securities Ltd,2026-04-15 13:31:14.460651,NRN Infrastructure and Development Limited
2026041505017838,NRN,57,58,22,1629.0,35838.0,2026-04-15,186443365,2898,Aryatara Investment & Securities,Naasa Securities Co. Ltd.,2026-04-15 13:31:47.730580,NRN Infrastructure and Development Limited
2026041505017839,NRN,57,34,103,1629.0,167787.0,2026-04-15,186443368,2898,Aryatara Investment & Securities,Vision Securities Pvt. Ltd,2026-04-15 13:31:47.731454,NRN Infrastructure and Development Limited
2026041505017928,NRN,1,48,300,1628.6,488580.0,2026-04-15,186443697,2898,Kumari Securities Private Limited,Trishakti Securities Public Limited,2026-04-15 13:32:05.848102,NRN Infrastructure and Development Limited
2026041505017946,NRN,10,58,72,1628.5,117252.0,2026-04-15,186443842,2898,Pragyan Securities (PVT) Ltd.,Naasa Securities Co. Ltd.,2026-04-15 13:32:18.915932,NRN Infrastructure and Development Limited
2026041505017947,NRN,17,58,28,1627.5,45570.0,2026-04-15,186443843,2898,ABC Securities Private Limited,Naasa Securities Co. Ltd.,2026-04-15 13:32:18.916023,NRN Infrastructure and Development Limited
2026041505017981,NRN,17,58,22,1627.5,35805.0,2026-04-15,186444056,2898,ABC Securities Private Limited,Naasa Securities Co. Ltd.,2026-04-15 13:32:37.903045,NRN Infrastructure and Development Limited
2026041505017982,NRN,85,58,178,1627.1,289623.8,2026-04-15,186444057,2898,Capital Hub P. Ltd,Naasa Securities Co. Ltd.,2026-04-15 13:32:37.903138,NRN Infrastructure and Development Limited
2026041505018019,NRN,85,66,200,1627.1,325420.0,2026-04-15,186444257,2898,Capital Hub P. Ltd,Miyo Securities Pvt Ltd,2026-04-15 13:32:48.659536,NRN Infrastructure and Development Limited
2026041505018161,NRN,85,58,122,1627.1,198506.2,2026-04-15,186445350,2898,Capital Hub P. Ltd,Naasa Securities Co. Ltd.,2026-04-15 13:34:12.753206,NRN Infrastructure and Development Limited
2026041505018162,NRN,58,58,15,1627.1,24406.5,2026-04-15,186445352,2898,Naasa Securities Co. Ltd.,Naasa Securities Co. Ltd.,2026-04-15 13:34:12.753245,NRN Infrastructure and Development Limited
2026041505018163,NRN,17,58,300,1627.0,488100.0,2026-04-15,186445354,2898,ABC Securities Private Limited,Naasa Securities Co. Ltd.,2026-04-15 13:34:12.753280,NRN Infrastructure and Development Limited
2026041505018164,NRN,44,58,21,1627.0,34167.0,2026-04-15,186445356,2898,Dynamic Money Managers Securities Pvt. Ltd.,Naasa Securities Co. Ltd.,2026-04-15 13:34:12.753310,NRN Infrastructure and Development Limited
2026041505018165,NRN,58,58,42,1627.0,68334.0,2026-04-15,186445357,2898,Naasa Securities Co. Ltd.,Naasa Securities Co. Ltd.,2026-04-15 13:34:12.753347,NRN Infrastructure and Development Limited
2026041505018201,NRN,58,62,100,1627.0,162700.0,2026-04-15,186445755,2898,Naasa Securities Co. Ltd.,Capital Max Securities Ltd,2026-04-15 13:34:41.147592,NRN Infrastructure and Development Limited
2026041505018329,NRN,7,58,1,1594.6,1594.6,2026-04-15,186446631,2898,J.F. Securites (PVT) Ltd.,Naasa Securities Co. Ltd.,2026-04-15 13:35:49.626145,NRN Infrastructure and Development Limited
2026041505018372,NRN,7,1,1,1595.0,1595.0,2026-04-15,186446867,2898,J.F. Securites (PVT) Ltd.,Kumari Securities Private Limited,2026-04-15 13:36:11.544961,NRN Infrastructure and Development Limited
2026041505018389,NRN,47,34,1,1594.5,1594.5,2026-04-15,186446989,2898,Neev Securities Pvt. Ltd.,Vision Securities Pvt. Ltd,2026-04-15 13:36:27.011920,NRN Infrastructure and Development Limited
2026041505018506,NRN,36,41,15,1627.1,24406.5,2026-04-15,186447863,2898,Secured Securities Ltd.,Linch Stock Market Ltd.,2026-04-15 13:37:49.445173,NRN Infrastructure and Development Limited
2026041505018512,NRN,40,22,1,1600.0,1600.0,2026-04-15,186447969,2898,Creative Securities Pvt Ltd,Siprabi Securities Pvt. Ltd.,2026-04-15 13:37:59.227645,NRN Infrastructure and Development Limited
2026041505018647,NRN,58,44,15,1627.0,24405.0,2026-04-15,186448737,2898,Naasa Securities Co. Ltd.,Dynamic Money Managers Securities Pvt. Ltd.,2026-04-15 13:39:18.724722,NRN Infrastructure and Development Limited
2026041505018658,NRN,49,47,1,1620.0,1620.0,2026-04-15,186448863,2898,Online Securities Pvt. Ltd.,Neev Securities Pvt. Ltd.,2026-04-15 13:39:31.296286,NRN Infrastructure and Development Limited
2026041505018733,NRN,58,19,40,1627.0,65080.0,2026-04-15,186449489,2898,Naasa Securities Co. Ltd.,Nepal Investment And Securities Trading Private Limited,2026-04-15 13:40:22.141583,NRN Infrastructure and Development Limited
2026041505018805,NRN,40,22,1,1600.0,1600.0,2026-04-15,186450217,2898,Creative Securities Pvt Ltd,Siprabi Securities Pvt. Ltd.,2026-04-15 13:41:13.102860,NRN Infrastructure and Development Limited
2026041505018865,NRN,58,41,53,1627.0,86231.0,2026-04-15,186450752,2898,Naasa Securities Co. Ltd.,Linch Stock Market Ltd.,2026-04-15 13:42:08.584159,NRN Infrastructure and Development Limited
2026041505018866,NRN,92,41,77,1625.6,125171.2,2026-04-15,186450753,2898,Roadshow securities limited,Linch Stock Market Ltd.,2026-04-15 13:42:08.585151,NRN Infrastructure and Development Limited
2026041505018983,NRN,92,58,200,1625.6,325120.0,2026-04-15,186451583,2898,Roadshow securities limited,Naasa Securities Co. Ltd.,2026-04-15 13:43:24.388484,NRN Infrastructure and Development Limited
2026041505019039,NRN,92,48,223,1625.6,362508.8,2026-04-15,186451930,2898,Roadshow securities limited,Trishakti Securities Public Limited,2026-04-15 13:43:50.006200,NRN Infrastructure and Development Limited
2026041505019040,NRN,58,48,177,1625.5,287713.5,2026-04-15,186451931,2898,Naasa Securities Co. Ltd.,Trishakti Securities Public Limited,2026-04-15 13:43:50.006264,NRN Infrastructure and Development Limited
2026041505019146,NRN,44,47,45,1627.0,73215.0,2026-04-15,186453049,2898,Dynamic Money Managers Securities Pvt. Ltd.,Neev Securities Pvt. Ltd.,2026-04-15 13:45:19.320107,NRN Infrastructure and Development Limited
2026041505019147,NRN,44,5,50,1628.9,81445.0,2026-04-15,186453051,2898,Dynamic Money Managers Securities Pvt. Ltd.,Market Securities & Exchange (PVT) Ltd.,2026-04-15 13:45:19.321004,NRN Infrastructure and Development Limited
2026041505019148,NRN,44,34,97,1629.0,158013.0,2026-04-15,186453053,2898,Dynamic Money Managers Securities Pvt. Ltd.,Vision Securities Pvt. Ltd,2026-04-15 13:45:19.321601,NRN Infrastructure and Development Limited
2026041505019149,NRN,44,71,128,1629.0,208512.0,2026-04-15,186453056,2898,Dynamic Money Managers Securities Pvt. Ltd.,SHUBHAKAMANA SECURITIES PVT. LTD,2026-04-15 13:45:19.322180,NRN Infrastructure and Development Limited
2026041505019212,NRN,49,17,1,1620.0,1620.0,2026-04-15,186453479,2898,Online Securities Pvt. Ltd.,ABC Securities Private Limited,2026-04-15 13:45:59.964256,NRN Infrastructure and Development Limited
2026041505019238,NRN,49,51,1,1620.0,1620.0,2026-04-15,186453565,2898,Online Securities Pvt. Ltd.,Oxford Securities Pvt. Ltd.,2026-04-15 13:46:06.083352,NRN Infrastructure and Development Limited
2026041505019246,NRN,49,42,1,1620.0,1620.0,2026-04-15,186453749,2898,Online Securities Pvt. Ltd.,Sani Securities Company Ltd.,2026-04-15 13:46:12.364279,NRN Infrastructure and Development Limited
2026041505019261,NRN,49,54,1,1620.0,1620.0,2026-04-15,186453879,2898,Online Securities Pvt. Ltd.,Sewa Securities Pvt. Ltd.,2026-04-15 13:46:19.222702,NRN Infrastructure and Development Limited
2026041505019291,NRN,58,58,14,1625.5,22757.0,2026-04-15,186454147,2898,Naasa Securities Co. Ltd.,Naasa Securities Co. Ltd.,2026-04-15 13:46:33.763265,NRN Infrastructure and Development Limited
2026041505019339,NRN,42,47,1000,1625.6,1625600.0,2026-04-15,186454522,2898,Sani Securities Company Ltd.,Neev Securities Pvt. Ltd.,2026-04-15 13:46:59.912759,NRN Infrastructure and Development Limited
2026041505019340,NRN,58,47,309,1625.5,502279.5,2026-04-15,186454524,2898,Naasa Securities Co. Ltd.,Neev Securities Pvt. Ltd.,2026-04-15 13:46:59.913172,NRN Infrastructure and Development Limited
2026041505019341,NRN,17,47,300,1625.0,487500.0,2026-04-15,186454526,2898,ABC Securities Private Limited,Neev Securities Pvt. Ltd.,2026-04-15 13:46:59.913376,NRN Infrastructure and Development Limited
2026041505019342,NRN,58,47,116,1625.0,188500.0,2026-04-15,186454528,2898,Naasa Securities Co. Ltd.,Neev Securities Pvt. Ltd.,2026-04-15 13:46:59.913565,NRN Infrastructure and Development Limited
2026041505019343,NRN,64,47,10,1625.0,16250.0,2026-04-15,186454530,2898,SUN SECURITIES PVT LTD,Neev Securities Pvt. Ltd.,2026-04-15 13:46:59.913756,NRN Infrastructure and Development Limited
2026041505019344,NRN,50,47,200,1625.0,325000.0,2026-04-15,186454532,2898,Cristal Kanchanjanga Securites Pvt. Ltd.,Neev Securities Pvt. Ltd.,2026-04-15 13:46:59.913946,NRN Infrastructure and Development Limited
2026041505019345,NRN,4,47,20,1625.0,32500.0,2026-04-15,186454534,2898,Opal Securities Investment (PVT) Ltd.,Neev Securities Pvt. Ltd.,2026-04-15 13:46:59.914136,NRN Infrastructure and Development Limited
2026041505019476,NRN,49,42,1,1620.0,1620.0,2026-04-15,186455593,2898,Online Securities Pvt. Ltd.,Sani Securities Company Ltd.,2026-04-15 13:48:23.350448,NRN Infrastructure and Development Limited
2026041505019678,NRN,49,17,1,1615.0,1615.0,2026-04-15,186457233,2898,Online Securities Pvt. Ltd.,ABC Securities Private Limited,2026-04-15 13:50:28.134018,NRN Infrastructure and Development Limited
2026041505019748,NRN,85,47,45,1625.0,73125.0,2026-04-15,186457671,2898,Capital Hub P. Ltd,Neev Securities Pvt. Ltd.,2026-04-15 13:50:56.395368,NRN Infrastructure and Development Limited
2026041505019749,NRN,85,41,455,1626.0,739830.0,2026-04-15,186457677,2898,Capital Hub P. Ltd,Linch Stock Market Ltd.,2026-04-15 13:50:56.395848,NRN Infrastructure and Development Limited
2026041505019973,NRN,37,41,45,1626.0,73170.0,2026-04-15,186459564,2898,Swarna Laxmi Securities Pvt. Ltd.,Linch Stock Market Ltd.,2026-04-15 13:52:43.862324,NRN Infrastructure and Development Limited
2026041505020033,NRN,7,47,500,1625.0,812500.0,2026-04-15,186460193,2898,J.F. Securites (PVT) Ltd.,Neev Securities Pvt. Ltd.,2026-04-15 13:53:21.887515,NRN Infrastructure and Development Limited
2026041505020052,NRN,49,58,1,1620.0,1620.0,2026-04-15,186460491,2898,Online Securities Pvt. Ltd.,Naasa Securities Co. Ltd.,2026-04-15 13:53:45.085135,NRN Infrastructure and Development Limited
2026041505020333,NRN,14,42,1,1610.0,1610.0,2026-04-15,186462913,2898,Nepal Stock House (PVT) Ltd.,Sani Securities Company Ltd.,2026-04-15 13:57:14.796234,NRN Infrastructure and Development Limited
2026041505020340,NRN,40,1,1,1595.0,1595.0,2026-04-15,186462963,2898,Creative Securities Pvt Ltd,Kumari Securities Private Limited,2026-04-15 13:57:21.213608,NRN Infrastructure and Development Limited
2026041505020386,NRN,58,35,5,1638.0,8190.0,2026-04-15,186463639,2898,Naasa Securities Co. Ltd.,Kohinoor Investment & Securities Pvt. Ltd.,2026-04-15 13:58:11.689845,NRN Infrastructure and Development Limited
