contract_id,symbol,buyer_member_id,seller_member_id,volume,price,amount,buyer_broker,seller_broker,transaction_time
2026041504000385,SHEL,90,58,10,334.0,3340.0,Sajilo Broker Limited,Naasa Securities Co. Ltd.,2026-04-15 11:04:09.820938
2026041504000396,SHEL,90,58,10,334.0,3340.0,Sajilo Broker Limited,Naasa Securities Co. Ltd.,2026-04-15 11:04:18.903666
2026041504000398,SHEL,49,57,10,334.4,3344.0,Online Securities Pvt. Ltd.,Aryatara Investment & Securities,2026-04-15 11:04:20.662983
2026041504000399,SHEL,90,10,100,334.0,33400.0,Sajilo Broker Limited,Pragyan Securities (PVT) Ltd.,2026-04-15 11:04:23.900370
2026041504000419,SHEL,90,48,880,334.0,293920.0,Sajilo Broker Limited,Trishakti Securities Public Limited,2026-04-15 11:04:28.745746
2026041504000584,SHEL,48,48,20,334.0,6680.0,Trishakti Securities Public Limited,Trishakti Securities Public Limited,2026-04-15 11:05:49.811704
2026041504000585,SHEL,48,14,105,334.0,35070.0,Trishakti Securities Public Limited,Nepal Stock House (PVT) Ltd.,2026-04-15 11:05:49.811811
2026041504000586,SHEL,48,35,125,334.0,41750.0,Trishakti Securities Public Limited,Kohinoor Investment & Securities Pvt. Ltd.,2026-04-15 11:05:49.811861
2026041504000745,SHEL,58,35,50,334.0,16700.0,Naasa Securities Co. Ltd.,Kohinoor Investment & Securities Pvt. Ltd.,2026-04-15 11:07:08.451061
2026041504001010,SHEL,62,57,80,334.4,26752.0,Capital Max Securities Ltd,Aryatara Investment & Securities,2026-04-15 11:09:15.527946
2026041504001011,SHEL,62,26,100,334.5,33450.0,Capital Max Securities Ltd,Asian Securities Private Ltd.,2026-04-15 11:09:15.528091
2026041504001012,SHEL,62,35,20,334.5,6690.0,Capital Max Securities Ltd,Kohinoor Investment & Securities Pvt. Ltd.,2026-04-15 11:09:15.528146
2026041504001173,SHEL,56,7,250,332.0,83000.0,Sri Hari Securities Pvt. Ltd.,J.F. Securites (PVT) Ltd.,2026-04-15 11:10:34.250929
2026041504001174,SHEL,49,7,1000,331.9,331900.0,Online Securities Pvt. Ltd.,J.F. Securites (PVT) Ltd.,2026-04-15 11:10:34.251086
2026041504001175,SHEL,62,7,250,331.7,82925.0,Capital Max Securities Ltd,J.F. Securites (PVT) Ltd.,2026-04-15 11:10:34.251148
2026041504001348,SHEL,62,65,50,331.7,16585.0,Capital Max Securities Ltd,Sharepro Securities Private Limited,2026-04-15 11:11:43.500124
2026041504001349,SHEL,84,65,450,331.7,149265.0,MILKY WAY SHARE BROKER COMPANY LTD ,Sharepro Securities Private Limited,2026-04-15 11:11:43.500424
2026041504001399,SHEL,84,59,21,331.7,6965.7,MILKY WAY SHARE BROKER COMPANY LTD ,Deevyaa Securities & Stock House Pvt. Ltd,2026-04-15 11:12:01.572877
2026041504001472,SHEL,84,41,500,331.7,165850.0,MILKY WAY SHARE BROKER COMPANY LTD ,Linch Stock Market Ltd.,2026-04-15 11:12:34.900451
2026041504001611,SHEL,4,42,33,332.0,10956.0,Opal Securities Investment (PVT) Ltd.,Sani Securities Company Ltd.,2026-04-15 11:13:56.176984
2026041504001663,SHEL,4,42,10,332.0,3320.0,Opal Securities Investment (PVT) Ltd.,Sani Securities Company Ltd.,2026-04-15 11:14:17.415441
2026041504002139,SHEL,57,21,10,332.1,3321.0,Aryatara Investment & Securities,Midas Stock Broking Company Private Limited,2026-04-15 11:18:37.381863
2026041504002140,SHEL,4,21,107,332.0,35524.0,Opal Securities Investment (PVT) Ltd.,Midas Stock Broking Company Private Limited,2026-04-15 11:18:37.382083
2026041504002141,SHEL,32,21,30,332.0,9960.0,Premier Securities Company Ltd.,Midas Stock Broking Company Private Limited,2026-04-15 11:18:37.382160
2026041504002142,SHEL,58,21,120,332.0,39840.0,Naasa Securities Co. Ltd.,Midas Stock Broking Company Private Limited,2026-04-15 11:18:37.382245
2026041504002143,SHEL,62,21,428,332.0,142096.0,Capital Max Securities Ltd,Midas Stock Broking Company Private Limited,2026-04-15 11:18:37.382334
2026041504002299,SHEL,57,45,110,332.2,36542.0,Aryatara Investment & Securities,Imperial Securities Company Pvt. Ltd.,2026-04-15 11:19:54.119612
2026041504002350,SHEL,34,45,36,332.2,11959.2,Vision Securities Pvt. Ltd,Imperial Securities Company Pvt. Ltd.,2026-04-15 11:20:11.525465
2026041504002370,SHEL,84,33,10,332.5,3325.0,MILKY WAY SHARE BROKER COMPANY LTD ,Dakshinkali Investment & Securities Pvt. Ltd.,2026-04-15 11:20:26.758548
2026041504002474,SHEL,34,26,464,332.5,154280.0,Vision Securities Pvt. Ltd,Asian Securities Private Ltd.,2026-04-15 11:21:10.523634
2026041504002476,SHEL,84,44,490,332.3,162827.0,MILKY WAY SHARE BROKER COMPANY LTD ,Dynamic Money Managers Securities Pvt. Ltd.,2026-04-15 11:21:11.295859
2026041504002498,SHEL,5,26,150,332.5,49875.0,Market Securities & Exchange (PVT) Ltd.,Asian Securities Private Ltd.,2026-04-15 11:21:19.810413
2026041504002521,SHEL,57,26,278,332.5,92435.0,Aryatara Investment & Securities,Asian Securities Private Ltd.,2026-04-15 11:21:29.795214
2026041504002547,SHEL,57,41,222,332.5,73815.0,Aryatara Investment & Securities,Linch Stock Market Ltd.,2026-04-15 11:21:40.150013
2026041504002548,SHEL,26,41,278,332.1,92323.8,Asian Securities Private Ltd.,Linch Stock Market Ltd.,2026-04-15 11:21:40.150108
2026041504002610,SHEL,14,33,400,332.5,133000.0,Nepal Stock House (PVT) Ltd.,Dakshinkali Investment & Securities Pvt. Ltd.,2026-04-15 11:22:06.093011
2026041504002611,SHEL,26,33,2722,332.1,903976.2,Asian Securities Private Ltd.,Dakshinkali Investment & Securities Pvt. Ltd.,2026-04-15 11:22:06.093379
2026041504002612,SHEL,62,33,72,332.0,23904.0,Capital Max Securities Ltd,Dakshinkali Investment & Securities Pvt. Ltd.,2026-04-15 11:22:06.093607
2026041504002613,SHEL,32,33,5806,332.0,1927592.0,Premier Securities Company Ltd.,Dakshinkali Investment & Securities Pvt. Ltd.,2026-04-15 11:22:06.093847
2026041504002640,SHEL,32,57,21,332.0,6972.0,Premier Securities Company Ltd.,Aryatara Investment & Securities,2026-04-15 11:22:22.223111
2026041504002716,SHEL,48,44,500,332.1,166050.0,Trishakti Securities Public Limited,Dynamic Money Managers Securities Pvt. Ltd.,2026-04-15 11:23:11.328793
2026041504002754,SHEL,32,44,173,332.0,57436.0,Premier Securities Company Ltd.,Dynamic Money Managers Securities Pvt. Ltd.,2026-04-15 11:23:32.245527
2026041504002755,SHEL,32,44,12,332.0,3984.0,Premier Securities Company Ltd.,Dynamic Money Managers Securities Pvt. Ltd.,2026-04-15 11:23:32.245889
2026041504002762,SHEL,45,34,21,333.0,6993.0,Imperial Securities Company Pvt. Ltd.,Vision Securities Pvt. Ltd,2026-04-15 11:23:38.646233
2026041504002763,SHEL,45,35,21,333.0,6993.0,Imperial Securities Company Pvt. Ltd.,Kohinoor Investment & Securities Pvt. Ltd.,2026-04-15 11:23:38.646292
2026041504002764,SHEL,45,16,50,333.0,16650.0,Imperial Securities Company Pvt. Ltd.,Primo Securities (PVT) Ltd.,2026-04-15 11:23:38.646324
2026041504002765,SHEL,45,16,150,333.5,50025.0,Imperial Securities Company Pvt. Ltd.,Primo Securities (PVT) Ltd.,2026-04-15 11:23:38.646348
2026041504002766,SHEL,45,49,300,333.5,100050.0,Imperial Securities Company Pvt. Ltd.,Online Securities Pvt. Ltd.,2026-04-15 11:23:38.646371
2026041504002767,SHEL,45,56,200,333.6,66720.0,Imperial Securities Company Pvt. Ltd.,Sri Hari Securities Pvt. Ltd.,2026-04-15 11:23:38.646396
2026041504002768,SHEL,45,45,250,333.7,83425.0,Imperial Securities Company Pvt. Ltd.,Imperial Securities Company Pvt. Ltd.,2026-04-15 11:23:38.646419
2026041504002862,SHEL,84,3,500,331.7,165850.0,MILKY WAY SHARE BROKER COMPANY LTD ,Arun Securities (PVT) Ltd.,2026-04-15 11:24:22.855904
2026041504002891,SHEL,48,36,15,332.0,4980.0,Trishakti Securities Public Limited,Secured Securities Ltd.,2026-04-15 11:24:46.697034
2026041504002928,SHEL,48,84,10,332.0,3320.0,Trishakti Securities Public Limited,MILKY WAY SHARE BROKER COMPANY LTD ,2026-04-15 11:25:01.897838
2026041504002949,SHEL,41,84,150,332.0,49800.0,Linch Stock Market Ltd.,MILKY WAY SHARE BROKER COMPANY LTD ,2026-04-15 11:25:18.775153
2026041504002975,SHEL,14,84,100,332.0,33200.0,Nepal Stock House (PVT) Ltd.,MILKY WAY SHARE BROKER COMPANY LTD ,2026-04-15 11:25:32.444786
2026041504002985,SHEL,64,84,253,332.0,83996.0,SUN SECURITIES PVT LTD,MILKY WAY SHARE BROKER COMPANY LTD ,2026-04-15 11:25:40.796137
2026041504003053,SHEL,26,44,2000,331.8,663600.0,Asian Securities Private Ltd.,Dynamic Money Managers Securities Pvt. Ltd.,2026-04-15 11:26:25.046569
2026041504003054,SHEL,14,84,70,332.0,23240.0,Nepal Stock House (PVT) Ltd.,MILKY WAY SHARE BROKER COMPANY LTD ,2026-04-15 11:26:26.122259
2026041504003075,SHEL,84,44,29,331.7,9619.3,MILKY WAY SHARE BROKER COMPANY LTD ,Dynamic Money Managers Securities Pvt. Ltd.,2026-04-15 11:26:39.739643
2026041504003076,SHEL,56,44,2000,331.7,663400.0,Sri Hari Securities Pvt. Ltd.,Dynamic Money Managers Securities Pvt. Ltd.,2026-04-15 11:26:39.740017
2026041504003102,SHEL,57,44,600,331.6,198960.0,Aryatara Investment & Securities,Dynamic Money Managers Securities Pvt. Ltd.,2026-04-15 11:26:52.361982
2026041504003103,SHEL,56,44,2000,331.6,663200.0,Sri Hari Securities Pvt. Ltd.,Dynamic Money Managers Securities Pvt. Ltd.,2026-04-15 11:26:52.362380
2026041504003153,SHEL,14,22,200,331.5,66300.0,Nepal Stock House (PVT) Ltd.,Siprabi Securities Pvt. Ltd.,2026-04-15 11:27:22.500897
2026041504003198,SHEL,48,84,417,332.0,138444.0,Trishakti Securities Public Limited,MILKY WAY SHARE BROKER COMPANY LTD ,2026-04-15 11:27:47.648541
2026041504003199,SHEL,48,54,10,332.0,3320.0,Trishakti Securities Public Limited,Sewa Securities Pvt. Ltd.,2026-04-15 11:27:47.648942
2026041504003250,SHEL,48,45,100,332.0,33200.0,Trishakti Securities Public Limited,Imperial Securities Company Pvt. Ltd.,2026-04-15 11:28:16.150714
2026041504003251,SHEL,48,44,473,332.0,157036.0,Trishakti Securities Public Limited,Dynamic Money Managers Securities Pvt. Ltd.,2026-04-15 11:28:17.234171
2026041504003274,SHEL,57,44,80,331.6,26528.0,Aryatara Investment & Securities,Dynamic Money Managers Securities Pvt. Ltd.,2026-04-15 11:28:43.958944
2026041504003275,SHEL,14,44,300,331.5,99450.0,Nepal Stock House (PVT) Ltd.,Dynamic Money Managers Securities Pvt. Ltd.,2026-04-15 11:28:43.959182
2026041504003276,SHEL,46,44,600,331.5,198900.0,Kalika Securities Pvt. Ltd.,Dynamic Money Managers Securities Pvt. Ltd.,2026-04-15 11:28:43.959283
2026041504003277,SHEL,42,44,10,331.5,3315.0,Sani Securities Company Ltd.,Dynamic Money Managers Securities Pvt. Ltd.,2026-04-15 11:28:43.959385
2026041504003278,SHEL,56,44,2920,331.5,967980.0,Sri Hari Securities Pvt. Ltd.,Dynamic Money Managers Securities Pvt. Ltd.,2026-04-15 11:28:43.959469
2026041504003296,SHEL,56,44,80,331.5,26520.0,Sri Hari Securities Pvt. Ltd.,Dynamic Money Managers Securities Pvt. Ltd.,2026-04-15 11:28:55.709335
2026041504003325,SHEL,74,44,20,332.0,6640.0,KALASH STOCK MARKET PVT. LTD.,Dynamic Money Managers Securities Pvt. Ltd.,2026-04-15 11:29:07.413309
2026041504003342,SHEL,57,44,10,331.4,3314.0,Aryatara Investment & Securities,Dynamic Money Managers Securities Pvt. Ltd.,2026-04-15 11:29:14.677191
2026041504003390,SHEL,84,44,1000,331.3,331300.0,MILKY WAY SHARE BROKER COMPANY LTD ,Dynamic Money Managers Securities Pvt. Ltd.,2026-04-15 11:29:39.993385
2026041504003391,SHEL,42,68,10,331.3,3313.0,Sani Securities Company Ltd.,Elite Stock House Limited,2026-04-15 11:29:42.021864
2026041504003430,SHEL,42,44,190,331.5,62985.0,Sani Securities Company Ltd.,Dynamic Money Managers Securities Pvt. Ltd.,2026-04-15 11:29:50.960437
2026041504003458,SHEL,38,44,100,331.4,33140.0,Dipshikha Dhitopatra Karobar Co. Pvt Ltd.,Dynamic Money Managers Securities Pvt. Ltd.,2026-04-15 11:30:17.683266
2026041504003570,SHEL,45,58,10,331.5,3315.0,Imperial Securities Company Pvt. Ltd.,Naasa Securities Co. Ltd.,2026-04-15 11:31:07.481026
2026041504003743,SHEL,18,44,300,331.6,99480.0,Sagarmatha Securities Private Limited,Dynamic Money Managers Securities Pvt. Ltd.,2026-04-15 11:32:48.916386
2026041504003777,SHEL,45,44,48,331.5,15912.0,Imperial Securities Company Pvt. Ltd.,Dynamic Money Managers Securities Pvt. Ltd.,2026-04-15 11:33:02.647721
2026041504003899,SHEL,53,48,10,332.0,3320.0,Investment Management Nepal Pvt. Ltd.,Trishakti Securities Public Limited,2026-04-15 11:34:01.479043
2026041504003900,SHEL,53,49,21,333.0,6993.0,Investment Management Nepal Pvt. Ltd.,Online Securities Pvt. Ltd.,2026-04-15 11:34:01.479090
2026041504003901,SHEL,53,56,100,333.0,33300.0,Investment Management Nepal Pvt. Ltd.,Sri Hari Securities Pvt. Ltd.,2026-04-15 11:34:01.479129
2026041504003902,SHEL,53,42,310,333.0,103230.0,Investment Management Nepal Pvt. Ltd.,Sani Securities Company Ltd.,2026-04-15 11:34:01.479157
2026041504003903,SHEL,53,16,59,333.7,19688.3,Investment Management Nepal Pvt. Ltd.,Primo Securities (PVT) Ltd.,2026-04-15 11:34:01.479183
2026041504003941,SHEL,48,44,10,332.0,3320.0,Trishakti Securities Public Limited,Dynamic Money Managers Securities Pvt. Ltd.,2026-04-15 11:34:15.789369
2026041504003946,SHEL,58,16,10,333.7,3337.0,Naasa Securities Co. Ltd.,Primo Securities (PVT) Ltd.,2026-04-15 11:34:19.978566
2026041504003959,SHEL,48,44,490,332.0,162680.0,Trishakti Securities Public Limited,Dynamic Money Managers Securities Pvt. Ltd.,2026-04-15 11:34:25.642338
2026041504004108,SHEL,14,44,3000,332.0,996000.0,Nepal Stock House (PVT) Ltd.,Dynamic Money Managers Securities Pvt. Ltd.,2026-04-15 11:35:20.824922
2026041504004130,SHEL,25,44,400,332.0,132800.0,Sweta Securities Private Limited,Dynamic Money Managers Securities Pvt. Ltd.,2026-04-15 11:35:33.125084
2026041504004137,SHEL,49,16,531,333.7,177194.7,Online Securities Pvt. Ltd.,Primo Securities (PVT) Ltd.,2026-04-15 11:35:35.904680
2026041504004138,SHEL,49,32,25,333.9,8347.5,Online Securities Pvt. Ltd.,Premier Securities Company Ltd.,2026-04-15 11:35:35.905104
2026041504004139,SHEL,49,59,444,333.9,148251.6,Online Securities Pvt. Ltd.,Deevyaa Securities & Stock House Pvt. Ltd,2026-04-15 11:35:35.905399
2026041504004213,SHEL,25,44,100,332.0,33200.0,Sweta Securities Private Limited,Dynamic Money Managers Securities Pvt. Ltd.,2026-04-15 11:35:59.889058
2026041504004214,SHEL,84,44,1000,332.0,332000.0,MILKY WAY SHARE BROKER COMPANY LTD ,Dynamic Money Managers Securities Pvt. Ltd.,2026-04-15 11:35:59.889310
2026041504004215,SHEL,47,44,400,331.9,132760.0,Neev Securities Pvt. Ltd.,Dynamic Money Managers Securities Pvt. Ltd.,2026-04-15 11:35:59.889413
2026041504004216,SHEL,62,44,200,331.9,66380.0,Capital Max Securities Ltd,Dynamic Money Managers Securities Pvt. Ltd.,2026-04-15 11:35:59.889499
2026041504004217,SHEL,58,44,10,331.8,3318.0,Naasa Securities Co. Ltd.,Dynamic Money Managers Securities Pvt. Ltd.,2026-04-15 11:35:59.889586
2026041504004218,SHEL,82,44,23300,331.8,7730940.0,N.M.B. SECURITIES LIMITED,Dynamic Money Managers Securities Pvt. Ltd.,2026-04-15 11:35:59.889685
2026041504004256,SHEL,82,44,1700,331.8,564060.0,N.M.B. SECURITIES LIMITED,Dynamic Money Managers Securities Pvt. Ltd.,2026-04-15 11:36:21.414986
2026041504004319,SHEL,35,59,10,333.9,3339.0,Kohinoor Investment & Securities Pvt. Ltd.,Deevyaa Securities & Stock House Pvt. Ltd,2026-04-15 11:36:59.607224
2026041504004383,SHEL,14,25,10,331.5,3315.0,Nepal Stock House (PVT) Ltd.,Sweta Securities Private Limited,2026-04-15 11:37:26.367798
2026041504004465,SHEL,49,5,20,333.5,6670.0,Online Securities Pvt. Ltd.,Market Securities & Exchange (PVT) Ltd.,2026-04-15 11:38:19.575362
2026041504004466,SHEL,14,58,10,331.5,3315.0,Nepal Stock House (PVT) Ltd.,Naasa Securities Co. Ltd.,2026-04-15 11:38:20.475922
2026041504004521,SHEL,49,57,10,333.4,3334.0,Online Securities Pvt. Ltd.,Aryatara Investment & Securities,2026-04-15 11:38:45.810812
2026041504004522,SHEL,49,5,10,333.5,3335.0,Online Securities Pvt. Ltd.,Market Securities & Exchange (PVT) Ltd.,2026-04-15 11:38:45.811024
2026041504004678,SHEL,84,44,10,332.1,3321.0,MILKY WAY SHARE BROKER COMPANY LTD ,Dynamic Money Managers Securities Pvt. Ltd.,2026-04-15 11:39:55.577264
2026041504004713,SHEL,84,44,290,332.1,96309.0,MILKY WAY SHARE BROKER COMPANY LTD ,Dynamic Money Managers Securities Pvt. Ltd.,2026-04-15 11:40:10.798592
2026041504004737,SHEL,17,44,10,331.7,3317.0,ABC Securities Private Limited,Dynamic Money Managers Securities Pvt. Ltd.,2026-04-15 11:40:24.679690
2026041504004755,SHEL,34,44,500,331.6,165800.0,Vision Securities Pvt. Ltd,Dynamic Money Managers Securities Pvt. Ltd.,2026-04-15 11:40:40.192901
2026041504004756,SHEL,62,44,200,331.6,66320.0,Capital Max Securities Ltd,Dynamic Money Managers Securities Pvt. Ltd.,2026-04-15 11:40:40.193365
2026041504004757,SHEL,49,5,54,333.0,17982.0,Online Securities Pvt. Ltd.,Market Securities & Exchange (PVT) Ltd.,2026-04-15 11:40:40.631126
2026041504004783,SHEL,44,5,300,333.0,99900.0,Dynamic Money Managers Securities Pvt. Ltd.,Market Securities & Exchange (PVT) Ltd.,2026-04-15 11:40:47.627863
2026041504004799,SHEL,5,44,200,331.6,66320.0,Market Securities & Exchange (PVT) Ltd.,Dynamic Money Managers Securities Pvt. Ltd.,2026-04-15 11:40:57.145026
2026041504004800,SHEL,25,44,200,331.6,66320.0,Sweta Securities Private Limited,Dynamic Money Managers Securities Pvt. Ltd.,2026-04-15 11:40:57.145295
2026041504004801,SHEL,14,44,130,331.5,43095.0,Nepal Stock House (PVT) Ltd.,Dynamic Money Managers Securities Pvt. Ltd.,2026-04-15 11:40:57.145409
2026041504004802,SHEL,17,44,3800,331.5,1259700.0,ABC Securities Private Limited,Dynamic Money Managers Securities Pvt. Ltd.,2026-04-15 11:40:57.145512
2026041504004815,SHEL,36,44,1000,331.6,331600.0,Secured Securities Ltd.,Dynamic Money Managers Securities Pvt. Ltd.,2026-04-15 11:41:08.630371
2026041504004831,SHEL,17,44,200,331.5,66300.0,ABC Securities Private Limited,Dynamic Money Managers Securities Pvt. Ltd.,2026-04-15 11:41:21.728894
2026041504004832,SHEL,42,44,200,331.5,66300.0,Sani Securities Company Ltd.,Dynamic Money Managers Securities Pvt. Ltd.,2026-04-15 11:41:21.729134
2026041504004870,SHEL,48,44,500,331.4,165700.0,Trishakti Securities Public Limited,Dynamic Money Managers Securities Pvt. Ltd.,2026-04-15 11:41:32.241128
2026041504004931,SHEL,56,53,346,331.5,114699.0,Sri Hari Securities Pvt. Ltd.,Investment Management Nepal Pvt. Ltd.,2026-04-15 11:42:13.565952
2026041504004932,SHEL,94,44,1250,331.2,414000.0,K.B.L. Securities Limited ,Dynamic Money Managers Securities Pvt. Ltd.,2026-04-15 11:42:16.380696
2026041504004933,SHEL,58,44,20,331.2,6624.0,Naasa Securities Co. Ltd.,Dynamic Money Managers Securities Pvt. Ltd.,2026-04-15 11:42:16.380984
2026041504004982,SHEL,56,29,50,331.2,16560.0,Sri Hari Securities Pvt. Ltd.,Trisul Securities & Invt. Ltd.,2026-04-15 11:42:39.075121
2026041504005004,SHEL,80,10,500,332.9,166450.0,Indira securities pvt. ltd,Pragyan Securities (PVT) Ltd.,2026-04-15 11:42:56.799110
2026041504005005,SHEL,80,5,500,333.0,166500.0,Indira securities pvt. ltd,Market Securities & Exchange (PVT) Ltd.,2026-04-15 11:42:56.799194
2026041504005015,SHEL,53,44,2000,331.5,663000.0,Investment Management Nepal Pvt. Ltd.,Dynamic Money Managers Securities Pvt. Ltd.,2026-04-15 11:43:00.999576
2026041504005040,SHEL,64,58,10,331.5,3315.0,SUN SECURITIES PVT LTD,Naasa Securities Co. Ltd.,2026-04-15 11:43:12.480053
2026041504005060,SHEL,64,54,2100,331.6,696360.0,SUN SECURITIES PVT LTD,Sewa Securities Pvt. Ltd.,2026-04-15 11:43:27.262061
2026041504005302,SHEL,5,57,100,332.9,33290.0,Market Securities & Exchange (PVT) Ltd.,Aryatara Investment & Securities,2026-04-15 11:45:14.839993
2026041504005303,SHEL,5,5,100,333.0,33300.0,Market Securities & Exchange (PVT) Ltd.,Market Securities & Exchange (PVT) Ltd.,2026-04-15 11:45:14.840276
2026041504005476,SHEL,57,5,500,333.0,166500.0,Aryatara Investment & Securities,Market Securities & Exchange (PVT) Ltd.,2026-04-15 11:46:13.877067
2026041504005552,SHEL,34,44,90,332.0,29880.0,Vision Securities Pvt. Ltd,Dynamic Money Managers Securities Pvt. Ltd.,2026-04-15 11:46:45.977607
2026041504005553,SHEL,19,5,16,333.0,5328.0,Nepal Investment And Securities Trading Private Limited,Market Securities & Exchange (PVT) Ltd.,2026-04-15 11:46:46.198945
2026041504005554,SHEL,19,42,54,333.0,17982.0,Nepal Investment And Securities Trading Private Limited,Sani Securities Company Ltd.,2026-04-15 11:46:46.199245
2026041504005555,SHEL,19,45,10,333.0,3330.0,Nepal Investment And Securities Trading Private Limited,Imperial Securities Company Pvt. Ltd.,2026-04-15 11:46:46.199385
2026041504005556,SHEL,19,5,220,333.0,73260.0,Nepal Investment And Securities Trading Private Limited,Market Securities & Exchange (PVT) Ltd.,2026-04-15 11:46:46.199487
2026041504005645,SHEL,1,5,370,333.0,123210.0,Kumari Securities Private Limited,Market Securities & Exchange (PVT) Ltd.,2026-04-15 11:47:26.951408
2026041504005646,SHEL,1,26,100,333.3,33330.0,Kumari Securities Private Limited,Asian Securities Private Ltd.,2026-04-15 11:47:26.951668
2026041504005647,SHEL,1,17,3000,333.3,999900.0,Kumari Securities Private Limited,ABC Securities Private Limited,2026-04-15 11:47:26.951776
2026041504005648,SHEL,1,38,1500,333.4,500100.0,Kumari Securities Private Limited,Dipshikha Dhitopatra Karobar Co. Pvt Ltd.,2026-04-15 11:47:26.951895
2026041504005649,SHEL,1,61,10,333.4,3334.0,Kumari Securities Private Limited,BHOLE GANESH SECURITIES LTD,2026-04-15 11:47:26.952018
2026041504005650,SHEL,1,52,1000,333.5,333500.0,Kumari Securities Private Limited,Sundhara Securities Limited,2026-04-15 11:47:26.952120
2026041504005651,SHEL,1,49,1863,333.5,621310.5,Kumari Securities Private Limited,Online Securities Pvt. Ltd.,2026-04-15 11:47:26.952222
2026041504005652,SHEL,1,4,21,333.5,7003.5,Kumari Securities Private Limited,Opal Securities Investment (PVT) Ltd.,2026-04-15 11:47:26.952334
2026041504005653,SHEL,1,57,122,333.5,40687.0,Kumari Securities Private Limited,Aryatara Investment & Securities,2026-04-15 11:47:26.952434
2026041504005654,SHEL,1,59,46,333.9,15359.4,Kumari Securities Private Limited,Deevyaa Securities & Stock House Pvt. Ltd,2026-04-15 11:47:26.952533
2026041504005655,SHEL,1,58,250,333.9,83475.0,Kumari Securities Private Limited,Naasa Securities Co. Ltd.,2026-04-15 11:47:26.952636
2026041504005656,SHEL,1,14,600,334.0,200400.0,Kumari Securities Private Limited,Nepal Stock House (PVT) Ltd.,2026-04-15 11:47:26.952735
2026041504005657,SHEL,1,58,10,334.0,3340.0,Kumari Securities Private Limited,Naasa Securities Co. Ltd.,2026-04-15 11:47:26.952828
2026041504005658,SHEL,1,41,100,334.0,33400.0,Kumari Securities Private Limited,Linch Stock Market Ltd.,2026-04-15 11:47:26.952927
2026041504005659,SHEL,1,42,1008,334.0,336672.0,Kumari Securities Private Limited,Sani Securities Company Ltd.,2026-04-15 11:47:26.953034
2026041504005670,SHEL,80,42,392,334.0,130928.0,Indira securities pvt. ltd,Sani Securities Company Ltd.,2026-04-15 11:47:32.627504
2026041504005671,SHEL,80,45,25,334.1,8352.5,Indira securities pvt. ltd,Imperial Securities Company Pvt. Ltd.,2026-04-15 11:47:32.627615
2026041504005672,SHEL,80,65,120,334.5,40140.0,Indira securities pvt. ltd,Sharepro Securities Private Limited,2026-04-15 11:47:32.627695
2026041504005673,SHEL,80,87,10,334.5,3345.0,Indira securities pvt. ltd,S.P.S.A. Securities Limited,2026-04-15 11:47:32.627772
2026041504005674,SHEL,80,26,875,334.9,293037.5,Indira securities pvt. ltd,Asian Securities Private Ltd.,2026-04-15 11:47:32.627847
2026041504005675,SHEL,80,43,1475,335.0,494125.0,Indira securities pvt. ltd,South Asian Bulls Pvt. Ltd.,2026-04-15 11:47:32.627922
2026041504005676,SHEL,80,41,10,335.0,3350.0,Indira securities pvt. ltd,Linch Stock Market Ltd.,2026-04-15 11:47:32.628061
2026041504005677,SHEL,80,42,200,335.0,67000.0,Indira securities pvt. ltd,Sani Securities Company Ltd.,2026-04-15 11:47:32.628133
2026041504005678,SHEL,80,41,50,335.0,16750.0,Indira securities pvt. ltd,Linch Stock Market Ltd.,2026-04-15 11:47:32.628228
2026041504005679,SHEL,80,21,55,335.0,18425.0,Indira securities pvt. ltd,Midas Stock Broking Company Private Limited,2026-04-15 11:47:32.628301
2026041504005680,SHEL,80,38,21,335.0,7035.0,Indira securities pvt. ltd,Dipshikha Dhitopatra Karobar Co. Pvt Ltd.,2026-04-15 11:47:32.628389
2026041504005681,SHEL,80,17,175,335.0,58625.0,Indira securities pvt. ltd,ABC Securities Private Limited,2026-04-15 11:47:32.628454
2026041504005682,SHEL,80,38,100,335.0,33500.0,Indira securities pvt. ltd,Dipshikha Dhitopatra Karobar Co. Pvt Ltd.,2026-04-15 11:47:32.628539
2026041504005683,SHEL,80,34,492,335.0,164820.0,Indira securities pvt. ltd,Vision Securities Pvt. Ltd,2026-04-15 11:47:32.628609
2026041504005770,SHEL,35,44,300,332.1,99630.0,Kohinoor Investment & Securities Pvt. Ltd.,Dynamic Money Managers Securities Pvt. Ltd.,2026-04-15 11:48:00.687987
2026041504005793,SHEL,45,44,2,331.7,663.4,Imperial Securities Company Pvt. Ltd.,Dynamic Money Managers Securities Pvt. Ltd.,2026-04-15 11:48:08.464047
2026041504005794,SHEL,56,58,10,332.0,3320.0,Sri Hari Securities Pvt. Ltd.,Naasa Securities Co. Ltd.,2026-04-15 11:48:08.604490
2026041504005816,SHEL,56,44,240,332.0,79680.0,Sri Hari Securities Pvt. Ltd.,Dynamic Money Managers Securities Pvt. Ltd.,2026-04-15 11:48:21.408892
2026041504005817,SHEL,48,44,10,332.0,3320.0,Trishakti Securities Public Limited,Dynamic Money Managers Securities Pvt. Ltd.,2026-04-15 11:48:21.409134
2026041504005818,SHEL,49,44,305,332.0,101260.0,Online Securities Pvt. Ltd.,Dynamic Money Managers Securities Pvt. Ltd.,2026-04-15 11:48:21.409238
2026041504005847,SHEL,38,57,100,334.0,33400.0,Dipshikha Dhitopatra Karobar Co. Pvt Ltd.,Aryatara Investment & Securities,2026-04-15 11:48:32.360822
2026041504005925,SHEL,38,57,100,334.0,33400.0,Dipshikha Dhitopatra Karobar Co. Pvt Ltd.,Aryatara Investment & Securities,2026-04-15 11:48:55.978648
2026041504005989,SHEL,21,49,21,333.0,6993.0,Midas Stock Broking Company Private Limited,Online Securities Pvt. Ltd.,2026-04-15 11:49:20.654602
2026041504006130,SHEL,38,57,100,334.0,33400.0,Dipshikha Dhitopatra Karobar Co. Pvt Ltd.,Aryatara Investment & Securities,2026-04-15 11:50:02.480878
2026041504006163,SHEL,45,42,5,332.0,1660.0,Imperial Securities Company Pvt. Ltd.,Sani Securities Company Ltd.,2026-04-15 11:50:08.316997
2026041504006253,SHEL,56,57,250,334.0,83500.0,Sri Hari Securities Pvt. Ltd.,Aryatara Investment & Securities,2026-04-15 11:50:44.543584
2026041504006463,SHEL,38,13,300,334.0,100200.0,Dipshikha Dhitopatra Karobar Co. Pvt Ltd.,Thrive Brokerage House Pvt. Ltd,2026-04-15 11:51:43.296034
2026041504006714,SHEL,41,34,500,334.1,167050.0,Linch Stock Market Ltd.,Vision Securities Pvt. Ltd,2026-04-15 11:53:14.776385
2026041504006739,SHEL,33,34,221,335.0,74035.0,Dakshinkali Investment & Securities Pvt. Ltd.,Vision Securities Pvt. Ltd,2026-04-15 11:53:21.657551
2026041504006740,SHEL,33,49,21,335.0,7035.0,Dakshinkali Investment & Securities Pvt. Ltd.,Online Securities Pvt. Ltd.,2026-04-15 11:53:21.657791
2026041504006741,SHEL,33,26,10,335.0,3350.0,Dakshinkali Investment & Securities Pvt. Ltd.,Asian Securities Private Ltd.,2026-04-15 11:53:21.657900
2026041504006742,SHEL,33,16,500,335.0,167500.0,Dakshinkali Investment & Securities Pvt. Ltd.,Primo Securities (PVT) Ltd.,2026-04-15 11:53:21.658021
2026041504006743,SHEL,33,50,250,335.0,83750.0,Dakshinkali Investment & Securities Pvt. Ltd.,Cristal Kanchanjanga Securites Pvt. Ltd.,2026-04-15 11:53:21.658164
2026041504006744,SHEL,33,49,100,335.0,33500.0,Dakshinkali Investment & Securities Pvt. Ltd.,Online Securities Pvt. Ltd.,2026-04-15 11:53:21.658280
2026041504006745,SHEL,33,52,1000,335.0,335000.0,Dakshinkali Investment & Securities Pvt. Ltd.,Sundhara Securities Limited,2026-04-15 11:53:21.658430
2026041504006846,SHEL,33,36,98,335.0,32830.0,Dakshinkali Investment & Securities Pvt. Ltd.,Secured Securities Ltd.,2026-04-15 11:53:58.022239
2026041504006999,SHEL,26,32,41,333.6,13677.6,Asian Securities Private Ltd.,Premier Securities Company Ltd.,2026-04-15 11:55:08.285897
2026041504007029,SHEL,34,34,500,335.0,167500.0,Vision Securities Pvt. Ltd,Vision Securities Pvt. Ltd,2026-04-15 11:55:19.213037
2026041504007087,SHEL,45,42,5,332.0,1660.0,Imperial Securities Company Pvt. Ltd.,Sani Securities Company Ltd.,2026-04-15 11:55:35.382700
2026041504007140,SHEL,58,42,10,335.0,3350.0,Naasa Securities Co. Ltd.,Sani Securities Company Ltd.,2026-04-15 11:55:47.403977
2026041504007151,SHEL,58,42,490,335.0,164150.0,Naasa Securities Co. Ltd.,Sani Securities Company Ltd.,2026-04-15 11:55:53.083406
2026041504007152,SHEL,58,13,200,335.0,67000.0,Naasa Securities Co. Ltd.,Thrive Brokerage House Pvt. Ltd,2026-04-15 11:55:53.083647
2026041504007168,SHEL,58,40,310,335.0,103850.0,Naasa Securities Co. Ltd.,Creative Securities Pvt Ltd,2026-04-15 11:56:02.110344
2026041504007178,SHEL,80,40,190,335.0,63650.0,Indira securities pvt. ltd,Creative Securities Pvt Ltd,2026-04-15 11:56:05.835698
2026041504007179,SHEL,17,19,30,335.5,10065.0,ABC Securities Private Limited,Nepal Investment And Securities Trading Private Limited,2026-04-15 11:56:06.149036
2026041504007180,SHEL,17,32,35,335.5,11742.5,ABC Securities Private Limited,Premier Securities Company Ltd.,2026-04-15 11:56:06.149526
2026041504007181,SHEL,17,17,25,335.5,8387.5,ABC Securities Private Limited,ABC Securities Private Limited,2026-04-15 11:56:06.149837
2026041504007182,SHEL,17,41,2910,335.5,976305.0,ABC Securities Private Limited,Linch Stock Market Ltd.,2026-04-15 11:56:06.150145
2026041504007233,SHEL,80,44,1190,335.0,398650.0,Indira securities pvt. ltd,Dynamic Money Managers Securities Pvt. Ltd.,2026-04-15 11:56:29.060353
2026041504007234,SHEL,7,41,160,335.5,53680.0,J.F. Securites (PVT) Ltd.,Linch Stock Market Ltd.,2026-04-15 11:56:29.338942
2026041504007455,SHEL,49,75,2000,336.0,672000.0,Online Securities Pvt. Ltd.,N.I.M.B. Stock Markets Limited,2026-04-15 11:57:20.198042
2026041504007456,SHEL,49,19,200,336.0,67200.0,Online Securities Pvt. Ltd.,Nepal Investment And Securities Trading Private Limited,2026-04-15 11:57:20.198384
2026041504007457,SHEL,49,48,561,336.0,188496.0,Online Securities Pvt. Ltd.,Trishakti Securities Public Limited,2026-04-15 11:57:20.198522
2026041504007458,SHEL,49,34,50,336.0,16800.0,Online Securities Pvt. Ltd.,Vision Securities Pvt. Ltd,2026-04-15 11:57:20.198633
2026041504007459,SHEL,49,10,200,336.0,67200.0,Online Securities Pvt. Ltd.,Pragyan Securities (PVT) Ltd.,2026-04-15 11:57:20.198745
2026041504007460,SHEL,49,16,50,336.0,16800.0,Online Securities Pvt. Ltd.,Primo Securities (PVT) Ltd.,2026-04-15 11:57:20.198855
2026041504007461,SHEL,49,32,470,336.0,157920.0,Online Securities Pvt. Ltd.,Premier Securities Company Ltd.,2026-04-15 11:57:20.198987
2026041504007462,SHEL,49,58,51,336.0,17136.0,Online Securities Pvt. Ltd.,Naasa Securities Co. Ltd.,2026-04-15 11:57:20.199208
2026041504007463,SHEL,49,21,1500,336.0,504000.0,Online Securities Pvt. Ltd.,Midas Stock Broking Company Private Limited,2026-04-15 11:57:20.199392
2026041504007464,SHEL,49,37,100,336.0,33600.0,Online Securities Pvt. Ltd.,Swarna Laxmi Securities Pvt. Ltd.,2026-04-15 11:57:20.199558
2026041504007465,SHEL,49,39,1078,336.0,362208.0,Online Securities Pvt. Ltd.,Sumeru Securities Pvt. Ltd.,2026-04-15 11:57:20.199715
2026041504007466,SHEL,49,34,314,336.0,105504.0,Online Securities Pvt. Ltd.,Vision Securities Pvt. Ltd,2026-04-15 11:57:20.199877
2026041504007467,SHEL,49,53,500,336.0,168000.0,Online Securities Pvt. Ltd.,Investment Management Nepal Pvt. Ltd.,2026-04-15 11:57:20.200034
2026041504007468,SHEL,49,57,100,336.0,33600.0,Online Securities Pvt. Ltd.,Aryatara Investment & Securities,2026-04-15 11:57:20.200193
2026041504007607,SHEL,58,38,735,335.0,246225.0,Naasa Securities Co. Ltd.,Dipshikha Dhitopatra Karobar Co. Pvt Ltd.,2026-04-15 11:58:13.778148
2026041504007631,SHEL,58,44,1265,335.0,423775.0,Naasa Securities Co. Ltd.,Dynamic Money Managers Securities Pvt. Ltd.,2026-04-15 11:58:20.964867
2026041504007683,SHEL,7,44,225,335.0,75375.0,J.F. Securites (PVT) Ltd.,Dynamic Money Managers Securities Pvt. Ltd.,2026-04-15 11:58:34.745789
2026041504007793,SHEL,58,34,100,336.0,33600.0,Naasa Securities Co. Ltd.,Vision Securities Pvt. Ltd,2026-04-15 11:58:58.719255
2026041504007827,SHEL,38,14,500,335.0,167500.0,Dipshikha Dhitopatra Karobar Co. Pvt Ltd.,Nepal Stock House (PVT) Ltd.,2026-04-15 11:59:14.487252
2026041504007837,SHEL,38,44,2500,335.0,837500.0,Dipshikha Dhitopatra Karobar Co. Pvt Ltd.,Dynamic Money Managers Securities Pvt. Ltd.,2026-04-15 11:59:19.902286
2026041504007839,SHEL,7,44,25,335.0,8375.0,J.F. Securites (PVT) Ltd.,Dynamic Money Managers Securities Pvt. Ltd.,2026-04-15 11:59:20.522672
2026041504007894,SHEL,14,44,500,334.5,167250.0,Nepal Stock House (PVT) Ltd.,Dynamic Money Managers Securities Pvt. Ltd.,2026-04-15 11:59:39.388832
2026041504007999,SHEL,38,44,300,334.4,100320.0,Dipshikha Dhitopatra Karobar Co. Pvt Ltd.,Dynamic Money Managers Securities Pvt. Ltd.,2026-04-15 12:00:02.000501
2026041504008070,SHEL,58,25,10,335.8,3358.0,Naasa Securities Co. Ltd.,Sweta Securities Private Limited,2026-04-15 12:00:33.208273
2026041504008071,SHEL,58,41,60,335.9,20154.0,Naasa Securities Co. Ltd.,Linch Stock Market Ltd.,2026-04-15 12:00:33.208806
2026041504008087,SHEL,49,44,500,334.3,167150.0,Online Securities Pvt. Ltd.,Dynamic Money Managers Securities Pvt. Ltd.,2026-04-15 12:00:47.347442
2026041504008147,SHEL,26,44,200,334.2,66840.0,Asian Securities Private Ltd.,Dynamic Money Managers Securities Pvt. Ltd.,2026-04-15 12:00:59.733356
2026041504008148,SHEL,57,44,500,334.2,167100.0,Aryatara Investment & Securities,Dynamic Money Managers Securities Pvt. Ltd.,2026-04-15 12:00:59.733633
2026041504008225,SHEL,26,44,259,334.1,86531.9,Asian Securities Private Ltd.,Dynamic Money Managers Securities Pvt. Ltd.,2026-04-15 12:01:21.476559
2026041504008226,SHEL,49,44,336,334.1,112257.6,Online Securities Pvt. Ltd.,Dynamic Money Managers Securities Pvt. Ltd.,2026-04-15 12:01:21.477114
2026041504008240,SHEL,49,61,1000,334.1,334100.0,Online Securities Pvt. Ltd.,BHOLE GANESH SECURITIES LTD,2026-04-15 12:01:26.546116
2026041504008265,SHEL,49,1,1000,334.1,334100.0,Online Securities Pvt. Ltd.,Kumari Securities Private Limited,2026-04-15 12:01:37.010907
2026041504008398,SHEL,49,14,500,334.1,167050.0,Online Securities Pvt. Ltd.,Nepal Stock House (PVT) Ltd.,2026-04-15 12:02:05.566706
2026041504008571,SHEL,26,61,300,334.2,100260.0,Asian Securities Private Ltd.,BHOLE GANESH SECURITIES LTD,2026-04-15 12:02:53.112881
2026041504008572,SHEL,49,61,100,334.1,33410.0,Online Securities Pvt. Ltd.,BHOLE GANESH SECURITIES LTD,2026-04-15 12:02:53.113427
2026041504008649,SHEL,49,38,10,334.1,3341.0,Online Securities Pvt. Ltd.,Dipshikha Dhitopatra Karobar Co. Pvt Ltd.,2026-04-15 12:03:15.147981
2026041504008973,SHEL,6,34,500,335.0,167500.0,Agrawal Securities (PVT) Ltd.,Vision Securities Pvt. Ltd,2026-04-15 12:04:58.931578
2026041504009097,SHEL,26,19,1000,334.5,334500.0,Asian Securities Private Ltd.,Nepal Investment And Securities Trading Private Limited,2026-04-15 12:05:46.735549
2026041504009172,SHEL,37,54,52,335.0,17420.0,Swarna Laxmi Securities Pvt. Ltd.,Sewa Securities Pvt. Ltd.,2026-04-15 12:06:12.933298
2026041504009249,SHEL,37,44,948,335.0,317580.0,Swarna Laxmi Securities Pvt. Ltd.,Dynamic Money Managers Securities Pvt. Ltd.,2026-04-15 12:06:32.090993
2026041504009281,SHEL,34,44,52,335.0,17420.0,Vision Securities Pvt. Ltd,Dynamic Money Managers Securities Pvt. Ltd.,2026-04-15 12:06:45.134815
2026041504009282,SHEL,34,19,48,335.0,16080.0,Vision Securities Pvt. Ltd,Nepal Investment And Securities Trading Private Limited,2026-04-15 12:06:45.135389
2026041504009464,SHEL,49,11,100,335.0,33500.0,Online Securities Pvt. Ltd.,Malla & Malla Stock Broking Company Pvt. Limited,2026-04-15 12:07:39.770488
2026041504009465,SHEL,49,34,100,335.0,33500.0,Online Securities Pvt. Ltd.,Vision Securities Pvt. Ltd,2026-04-15 12:07:39.770786
2026041504009566,SHEL,49,36,100,335.0,33500.0,Online Securities Pvt. Ltd.,Secured Securities Ltd.,2026-04-15 12:08:17.739026
2026041504009592,SHEL,49,41,200,335.0,67000.0,Online Securities Pvt. Ltd.,Linch Stock Market Ltd.,2026-04-15 12:08:32.841321
2026041504009593,SHEL,58,41,150,335.0,50250.0,Naasa Securities Co. Ltd.,Linch Stock Market Ltd.,2026-04-15 12:08:32.841571
2026041504009653,SHEL,49,22,54,334.1,18041.4,Online Securities Pvt. Ltd.,Siprabi Securities Pvt. Ltd.,2026-04-15 12:09:03.453908
2026041504009654,SHEL,14,22,1026,334.1,342786.6,Nepal Stock House (PVT) Ltd.,Siprabi Securities Pvt. Ltd.,2026-04-15 12:09:03.454205
2026041504009712,SHEL,42,45,50,334.9,16745.0,Sani Securities Company Ltd.,Imperial Securities Company Pvt. Ltd.,2026-04-15 12:09:22.426425
2026041504009748,SHEL,17,41,150,335.0,50250.0,ABC Securities Private Limited,Linch Stock Market Ltd.,2026-04-15 12:09:29.634157
2026041504009749,SHEL,17,44,850,335.0,284750.0,ABC Securities Private Limited,Dynamic Money Managers Securities Pvt. Ltd.,2026-04-15 12:09:29.634478
2026041504009842,SHEL,38,44,150,335.0,50250.0,Dipshikha Dhitopatra Karobar Co. Pvt Ltd.,Dynamic Money Managers Securities Pvt. Ltd.,2026-04-15 12:10:14.190557
2026041504009843,SHEL,38,51,10,335.0,3350.0,Dipshikha Dhitopatra Karobar Co. Pvt Ltd.,Oxford Securities Pvt. Ltd.,2026-04-15 12:10:14.190898
2026041504009844,SHEL,38,49,20,335.0,6700.0,Dipshikha Dhitopatra Karobar Co. Pvt Ltd.,Online Securities Pvt. Ltd.,2026-04-15 12:10:14.191032
2026041504009848,SHEL,14,5,974,334.1,325413.4,Nepal Stock House (PVT) Ltd.,Market Securities & Exchange (PVT) Ltd.,2026-04-15 12:10:14.838426
2026041504009849,SHEL,39,5,1000,334.1,334100.0,Sumeru Securities Pvt. Ltd.,Market Securities & Exchange (PVT) Ltd.,2026-04-15 12:10:14.838983
2026041504009850,SHEL,39,5,26,334.1,8686.6,Sumeru Securities Pvt. Ltd.,Market Securities & Exchange (PVT) Ltd.,2026-04-15 12:10:14.839398
2026041504009867,SHEL,7,33,150,334.2,50130.0,J.F. Securites (PVT) Ltd.,Dakshinkali Investment & Securities Pvt. Ltd.,2026-04-15 12:10:23.082453
2026041504009868,SHEL,39,33,974,334.1,325413.4,Sumeru Securities Pvt. Ltd.,Dakshinkali Investment & Securities Pvt. Ltd.,2026-04-15 12:10:23.082820
2026041504009869,SHEL,51,33,2000,334.1,668200.0,Oxford Securities Pvt. Ltd.,Dakshinkali Investment & Securities Pvt. Ltd.,2026-04-15 12:10:23.082953
2026041504009932,SHEL,38,33,876,334.1,292671.6,Dipshikha Dhitopatra Karobar Co. Pvt Ltd.,Dakshinkali Investment & Securities Pvt. Ltd.,2026-04-15 12:10:51.365892
2026041504009933,SHEL,38,7,124,334.1,41428.4,Dipshikha Dhitopatra Karobar Co. Pvt Ltd.,J.F. Securites (PVT) Ltd.,2026-04-15 12:10:51.366463
2026041504009938,SHEL,80,33,1380,334.0,460920.0,Indira securities pvt. ltd,Dakshinkali Investment & Securities Pvt. Ltd.,2026-04-15 12:10:53.481421
2026041504009939,SHEL,80,33,1100,334.0,367400.0,Indira securities pvt. ltd,Dakshinkali Investment & Securities Pvt. Ltd.,2026-04-15 12:10:53.481703
2026041504009940,SHEL,48,33,365,334.0,121910.0,Trishakti Securities Public Limited,Dakshinkali Investment & Securities Pvt. Ltd.,2026-04-15 12:10:53.481835
2026041504009941,SHEL,10,33,62,334.0,20708.0,Pragyan Securities (PVT) Ltd.,Dakshinkali Investment & Securities Pvt. Ltd.,2026-04-15 12:10:53.481965
2026041504009942,SHEL,52,33,21,334.0,7014.0,Sundhara Securities Limited,Dakshinkali Investment & Securities Pvt. Ltd.,2026-04-15 12:10:53.482093
2026041504009943,SHEL,19,33,300,334.0,100200.0,Nepal Investment And Securities Trading Private Limited,Dakshinkali Investment & Securities Pvt. Ltd.,2026-04-15 12:10:53.482223
2026041504009944,SHEL,38,33,772,334.0,257848.0,Dipshikha Dhitopatra Karobar Co. Pvt Ltd.,Dakshinkali Investment & Securities Pvt. Ltd.,2026-04-15 12:10:53.482359
2026041504009950,SHEL,38,38,728,334.0,243152.0,Dipshikha Dhitopatra Karobar Co. Pvt Ltd.,Dipshikha Dhitopatra Karobar Co. Pvt Ltd.,2026-04-15 12:10:58.237717
2026041504009951,SHEL,58,38,26,334.0,8684.0,Naasa Securities Co. Ltd.,Dipshikha Dhitopatra Karobar Co. Pvt Ltd.,2026-04-15 12:10:58.238005
2026041504009990,SHEL,14,38,2000,334.0,668000.0,Nepal Stock House (PVT) Ltd.,Dipshikha Dhitopatra Karobar Co. Pvt Ltd.,2026-04-15 12:11:19.544652
2026041504010219,SHEL,38,38,100,334.0,33400.0,Dipshikha Dhitopatra Karobar Co. Pvt Ltd.,Dipshikha Dhitopatra Karobar Co. Pvt Ltd.,2026-04-15 12:13:08.425832
2026041504010305,SHEL,47,38,85,334.0,28390.0,Neev Securities Pvt. Ltd.,Dipshikha Dhitopatra Karobar Co. Pvt Ltd.,2026-04-15 12:13:34.396296
2026041504010308,SHEL,38,7,640,334.1,213824.0,Dipshikha Dhitopatra Karobar Co. Pvt Ltd.,J.F. Securites (PVT) Ltd.,2026-04-15 12:13:36.859716
2026041504010390,SHEL,45,58,5,332.0,1660.0,Imperial Securities Company Pvt. Ltd.,Naasa Securities Co. Ltd.,2026-04-15 12:13:51.162272
2026041504010547,SHEL,58,8,20,335.0,6700.0,Naasa Securities Co. Ltd.,Brilliant Securities Pvt. Ltd.,2026-04-15 12:14:57.326531
2026041504010730,SHEL,57,25,12,334.9,4018.8,Aryatara Investment & Securities,Sweta Securities Private Limited,2026-04-15 12:15:32.199518
2026041504010782,SHEL,35,25,108,334.9,36169.2,Kohinoor Investment & Securities Pvt. Ltd.,Sweta Securities Private Limited,2026-04-15 12:15:51.155368
2026041504010783,SHEL,35,8,30,335.0,10050.0,Kohinoor Investment & Securities Pvt. Ltd.,Brilliant Securities Pvt. Ltd.,2026-04-15 12:15:51.155668
2026041504010784,SHEL,35,48,500,335.0,167500.0,Kohinoor Investment & Securities Pvt. Ltd.,Trishakti Securities Public Limited,2026-04-15 12:15:51.155803
2026041504010785,SHEL,35,28,50,335.0,16750.0,Kohinoor Investment & Securities Pvt. Ltd.,Shree Krishna Securities Ltd.,2026-04-15 12:15:51.155933
2026041504010786,SHEL,35,32,1000,335.0,335000.0,Kohinoor Investment & Securities Pvt. Ltd.,Premier Securities Company Ltd.,2026-04-15 12:15:51.156065
2026041504010787,SHEL,35,77,10,335.0,3350.0,Kohinoor Investment & Securities Pvt. Ltd.,Nabil Stock Dealer Ltd.,2026-04-15 12:15:51.156208
2026041504010788,SHEL,35,41,395,335.5,132522.5,Kohinoor Investment & Securities Pvt. Ltd.,Linch Stock Market Ltd.,2026-04-15 12:15:51.156377
2026041504010789,SHEL,35,43,30,335.6,10068.0,Kohinoor Investment & Securities Pvt. Ltd.,South Asian Bulls Pvt. Ltd.,2026-04-15 12:15:51.156514
2026041504010790,SHEL,35,5,877,335.9,294584.3,Kohinoor Investment & Securities Pvt. Ltd.,Market Securities & Exchange (PVT) Ltd.,2026-04-15 12:15:51.156646
2026041504010802,SHEL,47,33,10,334.1,3341.0,Neev Securities Pvt. Ltd.,Dakshinkali Investment & Securities Pvt. Ltd.,2026-04-15 12:15:57.690119
2026041504010803,SHEL,48,33,1000,334.1,334100.0,Trishakti Securities Public Limited,Dakshinkali Investment & Securities Pvt. Ltd.,2026-04-15 12:15:57.690446
2026041504011061,SHEL,52,33,10,335.0,3350.0,Sundhara Securities Limited,Dakshinkali Investment & Securities Pvt. Ltd.,2026-04-15 12:17:56.606282
2026041504011062,SHEL,50,33,1000,335.0,335000.0,Cristal Kanchanjanga Securites Pvt. Ltd.,Dakshinkali Investment & Securities Pvt. Ltd.,2026-04-15 12:17:56.606630
2026041504011283,SHEL,10,33,800,335.0,268000.0,Pragyan Securities (PVT) Ltd.,Dakshinkali Investment & Securities Pvt. Ltd.,2026-04-15 12:19:04.389266
2026041504011509,SHEL,21,33,724,335.0,242540.0,Midas Stock Broking Company Private Limited,Dakshinkali Investment & Securities Pvt. Ltd.,2026-04-15 12:20:27.897988
2026041504011569,SHEL,21,34,75,335.0,25125.0,Midas Stock Broking Company Private Limited,Vision Securities Pvt. Ltd,2026-04-15 12:20:40.369995
2026041504011652,SHEL,66,19,10,335.1,3351.0,Miyo Securities Pvt Ltd,Nepal Investment And Securities Trading Private Limited,2026-04-15 12:21:05.939491
2026041504011894,SHEL,66,6,10,335.1,3351.0,Miyo Securities Pvt Ltd,Agrawal Securities (PVT) Ltd.,2026-04-15 12:22:11.240214
2026041504011965,SHEL,66,36,80,335.1,26808.0,Miyo Securities Pvt Ltd,Secured Securities Ltd.,2026-04-15 12:22:35.109835
2026041504011966,SHEL,21,36,20,335.0,6700.0,Midas Stock Broking Company Private Limited,Secured Securities Ltd.,2026-04-15 12:22:35.110129
2026041504012268,SHEL,41,33,131,335.8,43989.8,Linch Stock Market Ltd.,Dakshinkali Investment & Securities Pvt. Ltd.,2026-04-15 12:24:17.257831
2026041504012269,SHEL,41,39,40,335.8,13432.0,Linch Stock Market Ltd.,Sumeru Securities Pvt. Ltd.,2026-04-15 12:24:17.258199
2026041504012270,SHEL,41,5,829,335.9,278461.1,Linch Stock Market Ltd.,Market Securities & Exchange (PVT) Ltd.,2026-04-15 12:24:17.258358
2026041504012304,SHEL,21,48,100,335.0,33500.0,Midas Stock Broking Company Private Limited,Trishakti Securities Public Limited,2026-04-15 12:24:22.710229
2026041504012428,SHEL,21,40,21,335.8,7051.8,Midas Stock Broking Company Private Limited,Creative Securities Pvt Ltd,2026-04-15 12:25:00.846488
2026041504012471,SHEL,21,58,60,335.8,20148.0,Midas Stock Broking Company Private Limited,Naasa Securities Co. Ltd.,2026-04-15 12:25:20.504272
2026041504012472,SHEL,45,58,76,335.1,25467.6,Imperial Securities Company Pvt. Ltd.,Naasa Securities Co. Ltd.,2026-04-15 12:25:20.504338
2026041504012525,SHEL,41,5,100,335.9,33590.0,Linch Stock Market Ltd.,Market Securities & Exchange (PVT) Ltd.,2026-04-15 12:25:32.844365
2026041504012827,SHEL,50,5,194,335.9,65164.6,Cristal Kanchanjanga Securites Pvt. Ltd.,Market Securities & Exchange (PVT) Ltd.,2026-04-15 12:27:14.721217
2026041504012828,SHEL,50,33,300,335.9,100770.0,Cristal Kanchanjanga Securites Pvt. Ltd.,Dakshinkali Investment & Securities Pvt. Ltd.,2026-04-15 12:27:14.721552
2026041504012829,SHEL,50,34,400,336.0,134400.0,Cristal Kanchanjanga Securites Pvt. Ltd.,Vision Securities Pvt. Ltd,2026-04-15 12:27:14.721702
2026041504012830,SHEL,50,17,100,336.0,33600.0,Cristal Kanchanjanga Securites Pvt. Ltd.,ABC Securities Private Limited,2026-04-15 12:27:14.721852
2026041504012833,SHEL,25,33,200,335.2,67040.0,Sweta Securities Private Limited,Dakshinkali Investment & Securities Pvt. Ltd.,2026-04-15 12:27:17.913955
2026041504012834,SHEL,45,33,424,335.1,142082.4,Imperial Securities Company Pvt. Ltd.,Dakshinkali Investment & Securities Pvt. Ltd.,2026-04-15 12:27:17.914363
2026041504012835,SHEL,7,33,124,335.0,41540.0,J.F. Securites (PVT) Ltd.,Dakshinkali Investment & Securities Pvt. Ltd.,2026-04-15 12:27:17.914572
2026041504012836,SHEL,35,33,10,335.0,3350.0,Kohinoor Investment & Securities Pvt. Ltd.,Dakshinkali Investment & Securities Pvt. Ltd.,2026-04-15 12:27:17.914742
2026041504012837,SHEL,21,33,1000,335.0,335000.0,Midas Stock Broking Company Private Limited,Dakshinkali Investment & Securities Pvt. Ltd.,2026-04-15 12:27:17.914893
2026041504012838,SHEL,58,33,200,335.0,67000.0,Naasa Securities Co. Ltd.,Dakshinkali Investment & Securities Pvt. Ltd.,2026-04-15 12:27:19.524185
2026041504012851,SHEL,41,33,42,335.0,14070.0,Linch Stock Market Ltd.,Dakshinkali Investment & Securities Pvt. Ltd.,2026-04-15 12:27:28.235041
2026041504012947,SHEL,41,39,58,335.8,19476.4,Linch Stock Market Ltd.,Sumeru Securities Pvt. Ltd.,2026-04-15 12:27:41.898744
2026041504012984,SHEL,50,49,1000,335.0,335000.0,Cristal Kanchanjanga Securites Pvt. Ltd.,Online Securities Pvt. Ltd.,2026-04-15 12:27:53.402488
2026041504013164,SHEL,45,1,2,329.0,658.0,Imperial Securities Company Pvt. Ltd.,Kumari Securities Private Limited,2026-04-15 12:28:48.552710
2026041504013224,SHEL,45,64,4,332.0,1328.0,Imperial Securities Company Pvt. Ltd.,SUN SECURITIES PVT LTD,2026-04-15 12:29:03.060004
2026041504013225,SHEL,74,49,232,335.0,77720.0,KALASH STOCK MARKET PVT. LTD.,Online Securities Pvt. Ltd.,2026-04-15 12:29:03.167835
2026041504013226,SHEL,74,51,32,335.0,10720.0,KALASH STOCK MARKET PVT. LTD.,Oxford Securities Pvt. Ltd.,2026-04-15 12:29:03.168486
2026041504013286,SHEL,49,39,342,335.8,114843.6,Online Securities Pvt. Ltd.,Sumeru Securities Pvt. Ltd.,2026-04-15 12:29:34.450851
2026041504013287,SHEL,49,44,18,335.9,6046.2,Online Securities Pvt. Ltd.,Dynamic Money Managers Securities Pvt. Ltd.,2026-04-15 12:29:34.451503
2026041504013410,SHEL,74,50,100,335.0,33500.0,KALASH STOCK MARKET PVT. LTD.,Cristal Kanchanjanga Securites Pvt. Ltd.,2026-04-15 12:30:21.508206
2026041504013427,SHEL,74,35,136,335.0,45560.0,KALASH STOCK MARKET PVT. LTD.,Kohinoor Investment & Securities Pvt. Ltd.,2026-04-15 12:30:32.661818
2026041504013428,SHEL,38,35,100,335.0,33500.0,Dipshikha Dhitopatra Karobar Co. Pvt Ltd.,Kohinoor Investment & Securities Pvt. Ltd.,2026-04-15 12:30:32.662455
2026041504013429,SHEL,99,35,399,335.0,133665.0,Prabhu Stock Market Limited,Kohinoor Investment & Securities Pvt. Ltd.,2026-04-15 12:30:32.662894
2026041504013800,SHEL,99,35,101,335.0,33835.0,Prabhu Stock Market Limited,Kohinoor Investment & Securities Pvt. Ltd.,2026-04-15 12:32:34.000857
2026041504013801,SHEL,72,35,150,335.0,50250.0,Hatemalo Financial Services Private Limited,Kohinoor Investment & Securities Pvt. Ltd.,2026-04-15 12:32:34.001228
2026041504013802,SHEL,49,35,749,335.0,250915.0,Online Securities Pvt. Ltd.,Kohinoor Investment & Securities Pvt. Ltd.,2026-04-15 12:32:34.001416
2026041504013837,SHEL,49,77,10,335.0,3350.0,Online Securities Pvt. Ltd.,Nabil Stock Dealer Ltd.,2026-04-15 12:32:50.909634
2026041504013951,SHEL,70,19,1000,335.5,335500.0,Infinity Securities Limited,Nepal Investment And Securities Trading Private Limited,2026-04-15 12:33:37.748267
2026041504014015,SHEL,49,45,21,335.0,7035.0,Online Securities Pvt. Ltd.,Imperial Securities Company Pvt. Ltd.,2026-04-15 12:33:48.470363
2026041504014016,SHEL,70,19,1000,335.5,335500.0,Infinity Securities Limited,Nepal Investment And Securities Trading Private Limited,2026-04-15 12:33:52.315416
2026041504014034,SHEL,49,35,1000,335.0,335000.0,Online Securities Pvt. Ltd.,Kohinoor Investment & Securities Pvt. Ltd.,2026-04-15 12:33:59.449631
2026041504014183,SHEL,49,94,500,335.5,167750.0,Online Securities Pvt. Ltd.,K.B.L. Securities Limited ,2026-04-15 12:34:55.767993
2026041504014184,SHEL,49,49,321,335.7,107759.7,Online Securities Pvt. Ltd.,Online Securities Pvt. Ltd.,2026-04-15 12:34:55.768351
2026041504014185,SHEL,49,6,500,335.7,167850.0,Online Securities Pvt. Ltd.,Agrawal Securities (PVT) Ltd.,2026-04-15 12:34:55.768508
2026041504014186,SHEL,49,44,290,335.8,97382.0,Online Securities Pvt. Ltd.,Dynamic Money Managers Securities Pvt. Ltd.,2026-04-15 12:34:55.768690
2026041504014187,SHEL,49,45,100,335.8,33580.0,Online Securities Pvt. Ltd.,Imperial Securities Company Pvt. Ltd.,2026-04-15 12:34:55.768847
2026041504014188,SHEL,49,5,1000,335.8,335800.0,Online Securities Pvt. Ltd.,Market Securities & Exchange (PVT) Ltd.,2026-04-15 12:34:55.769008
2026041504014189,SHEL,49,44,982,335.9,329853.8,Online Securities Pvt. Ltd.,Dynamic Money Managers Securities Pvt. Ltd.,2026-04-15 12:34:55.769188
2026041504014190,SHEL,49,65,100,335.9,33590.0,Online Securities Pvt. Ltd.,Sharepro Securities Private Limited,2026-04-15 12:34:55.769357
2026041504014191,SHEL,49,58,20,336.0,6720.0,Online Securities Pvt. Ltd.,Naasa Securities Co. Ltd.,2026-04-15 12:34:55.769524
2026041504014192,SHEL,49,34,1000,336.0,336000.0,Online Securities Pvt. Ltd.,Vision Securities Pvt. Ltd,2026-04-15 12:34:55.769728
2026041504014193,SHEL,49,86,21,336.0,7056.0,Online Securities Pvt. Ltd.,Stoxkarts Securities Limited,2026-04-15 12:34:55.769913
2026041504014194,SHEL,49,42,50,336.0,16800.0,Online Securities Pvt. Ltd.,Sani Securities Company Ltd.,2026-04-15 12:34:55.770084
2026041504014195,SHEL,49,45,116,336.0,38976.0,Online Securities Pvt. Ltd.,Imperial Securities Company Pvt. Ltd.,2026-04-15 12:34:55.770258
2026041504014369,SHEL,57,45,40,336.0,13440.0,Aryatara Investment & Securities,Imperial Securities Company Pvt. Ltd.,2026-04-15 12:36:09.509553
2026041504014373,SHEL,38,45,44,336.0,14784.0,Dipshikha Dhitopatra Karobar Co. Pvt Ltd.,Imperial Securities Company Pvt. Ltd.,2026-04-15 12:36:12.277858
2026041504014374,SHEL,38,40,195,336.0,65520.0,Dipshikha Dhitopatra Karobar Co. Pvt Ltd.,Creative Securities Pvt Ltd,2026-04-15 12:36:12.278226
2026041504014375,SHEL,38,22,25,336.0,8400.0,Dipshikha Dhitopatra Karobar Co. Pvt Ltd.,Siprabi Securities Pvt. Ltd.,2026-04-15 12:36:12.278394
2026041504014376,SHEL,38,60,500,336.0,168000.0,Dipshikha Dhitopatra Karobar Co. Pvt Ltd.,Nagarik Stock Dealer ,2026-04-15 12:36:12.278552
2026041504014377,SHEL,38,43,77,336.0,25872.0,Dipshikha Dhitopatra Karobar Co. Pvt Ltd.,South Asian Bulls Pvt. Ltd.,2026-04-15 12:36:12.278702
2026041504014378,SHEL,38,13,400,336.0,134400.0,Dipshikha Dhitopatra Karobar Co. Pvt Ltd.,Thrive Brokerage House Pvt. Ltd,2026-04-15 12:36:12.278870
2026041504014379,SHEL,38,58,185,336.0,62160.0,Dipshikha Dhitopatra Karobar Co. Pvt Ltd.,Naasa Securities Co. Ltd.,2026-04-15 12:36:12.279022
2026041504014380,SHEL,38,40,574,336.0,192864.0,Dipshikha Dhitopatra Karobar Co. Pvt Ltd.,Creative Securities Pvt Ltd,2026-04-15 12:36:12.279173
2026041504014385,SHEL,4,40,173,336.0,58128.0,Opal Securities Investment (PVT) Ltd.,Creative Securities Pvt Ltd,2026-04-15 12:36:14.999120
2026041504014444,SHEL,59,42,400,336.8,134720.0,Deevyaa Securities & Stock House Pvt. Ltd,Sani Securities Company Ltd.,2026-04-15 12:36:44.523569
2026041504014445,SHEL,59,38,45,336.8,15156.0,Deevyaa Securities & Stock House Pvt. Ltd,Dipshikha Dhitopatra Karobar Co. Pvt Ltd.,2026-04-15 12:36:44.523931
2026041504014446,SHEL,59,26,200,336.8,67360.0,Deevyaa Securities & Stock House Pvt. Ltd,Asian Securities Private Ltd.,2026-04-15 12:36:44.524083
2026041504014447,SHEL,59,32,1355,336.9,456499.5,Deevyaa Securities & Stock House Pvt. Ltd,Premier Securities Company Ltd.,2026-04-15 12:36:44.524236
2026041504014449,SHEL,4,40,10,336.0,3360.0,Opal Securities Investment (PVT) Ltd.,Creative Securities Pvt Ltd,2026-04-15 12:36:50.396346
2026041504014474,SHEL,4,45,10,336.0,3360.0,Opal Securities Investment (PVT) Ltd.,Imperial Securities Company Pvt. Ltd.,2026-04-15 12:37:03.478373
2026041504014535,SHEL,4,57,500,336.0,168000.0,Opal Securities Investment (PVT) Ltd.,Aryatara Investment & Securities,2026-04-15 12:37:16.837302
2026041504014572,SHEL,4,34,500,336.0,168000.0,Opal Securities Investment (PVT) Ltd.,Vision Securities Pvt. Ltd,2026-04-15 12:37:41.836286
2026041504014581,SHEL,45,4,2,333.0,666.0,Imperial Securities Company Pvt. Ltd.,Opal Securities Investment (PVT) Ltd.,2026-04-15 12:37:50.805800
2026041504014610,SHEL,45,49,1,333.0,333.0,Imperial Securities Company Pvt. Ltd.,Online Securities Pvt. Ltd.,2026-04-15 12:38:03.494382
2026041504014711,SHEL,4,38,50,336.0,16800.0,Opal Securities Investment (PVT) Ltd.,Dipshikha Dhitopatra Karobar Co. Pvt Ltd.,2026-04-15 12:38:52.828670
2026041504014813,SHEL,56,64,1000,336.7,336700.0,Sri Hari Securities Pvt. Ltd.,SUN SECURITIES PVT LTD,2026-04-15 12:39:49.577526
2026041504014839,SHEL,51,32,145,336.9,48850.5,Oxford Securities Pvt. Ltd.,Premier Securities Company Ltd.,2026-04-15 12:40:11.588172
2026041504014872,SHEL,38,56,100,337.0,33700.0,Dipshikha Dhitopatra Karobar Co. Pvt Ltd.,Sri Hari Securities Pvt. Ltd.,2026-04-15 12:40:33.080322
2026041504014911,SHEL,51,56,130,337.0,43810.0,Oxford Securities Pvt. Ltd.,Sri Hari Securities Pvt. Ltd.,2026-04-15 12:40:49.781926
2026041504014912,SHEL,51,42,295,337.0,99415.0,Oxford Securities Pvt. Ltd.,Sani Securities Company Ltd.,2026-04-15 12:40:49.782280
2026041504014913,SHEL,51,38,20,337.0,6740.0,Oxford Securities Pvt. Ltd.,Dipshikha Dhitopatra Karobar Co. Pvt Ltd.,2026-04-15 12:40:49.782543
2026041504014914,SHEL,51,1,34,337.0,11458.0,Oxford Securities Pvt. Ltd.,Kumari Securities Private Limited,2026-04-15 12:40:49.782772
2026041504014915,SHEL,51,90,50,337.0,16850.0,Oxford Securities Pvt. Ltd.,Sajilo Broker Limited,2026-04-15 12:40:49.783003
2026041504014916,SHEL,51,29,326,337.0,109862.0,Oxford Securities Pvt. Ltd.,Trisul Securities & Invt. Ltd.,2026-04-15 12:40:49.783244
2026041504014927,SHEL,11,29,274,337.0,92338.0,Malla & Malla Stock Broking Company Pvt. Limited,Trisul Securities & Invt. Ltd.,2026-04-15 12:40:56.583293
2026041504014928,SHEL,11,42,770,337.0,259490.0,Malla & Malla Stock Broking Company Pvt. Limited,Sani Securities Company Ltd.,2026-04-15 12:40:56.583996
2026041504014929,SHEL,11,3,20,337.0,6740.0,Malla & Malla Stock Broking Company Pvt. Limited,Arun Securities (PVT) Ltd.,2026-04-15 12:40:56.584460
2026041504014930,SHEL,11,49,21,337.0,7077.0,Malla & Malla Stock Broking Company Pvt. Limited,Online Securities Pvt. Ltd.,2026-04-15 12:40:56.584915
2026041504014931,SHEL,11,57,435,337.0,146595.0,Malla & Malla Stock Broking Company Pvt. Limited,Aryatara Investment & Securities,2026-04-15 12:40:56.585385
2026041504014932,SHEL,11,35,10,337.0,3370.0,Malla & Malla Stock Broking Company Pvt. Limited,Kohinoor Investment & Securities Pvt. Ltd.,2026-04-15 12:40:56.585831
2026041504014947,SHEL,53,19,40,338.0,13520.0,Investment Management Nepal Pvt. Ltd.,Nepal Investment And Securities Trading Private Limited,2026-04-15 12:41:02.563309
2026041504014948,SHEL,53,59,10,338.0,3380.0,Investment Management Nepal Pvt. Ltd.,Deevyaa Securities & Stock House Pvt. Ltd,2026-04-15 12:41:02.563453
2026041504014949,SHEL,53,3,495,338.0,167310.0,Investment Management Nepal Pvt. Ltd.,Arun Securities (PVT) Ltd.,2026-04-15 12:41:02.563542
2026041504014950,SHEL,53,42,21,338.0,7098.0,Investment Management Nepal Pvt. Ltd.,Sani Securities Company Ltd.,2026-04-15 12:41:02.563620
2026041504014951,SHEL,53,7,200,338.0,67600.0,Investment Management Nepal Pvt. Ltd.,J.F. Securites (PVT) Ltd.,2026-04-15 12:41:02.563694
2026041504014952,SHEL,53,53,1000,338.0,338000.0,Investment Management Nepal Pvt. Ltd.,Investment Management Nepal Pvt. Ltd.,2026-04-15 12:41:02.563769
2026041504014953,SHEL,53,42,16,338.0,5408.0,Investment Management Nepal Pvt. Ltd.,Sani Securities Company Ltd.,2026-04-15 12:41:02.563841
2026041504014954,SHEL,53,49,200,338.0,67600.0,Investment Management Nepal Pvt. Ltd.,Online Securities Pvt. Ltd.,2026-04-15 12:41:02.563915
2026041504014955,SHEL,53,34,60,338.0,20280.0,Investment Management Nepal Pvt. Ltd.,Vision Securities Pvt. Ltd,2026-04-15 12:41:02.563986
2026041504014956,SHEL,53,42,458,338.0,154804.0,Investment Management Nepal Pvt. Ltd.,Sani Securities Company Ltd.,2026-04-15 12:41:02.564045
2026041504014983,SHEL,11,17,11,337.0,3707.0,Malla & Malla Stock Broking Company Pvt. Limited,ABC Securities Private Limited,2026-04-15 12:41:14.472762
2026041504015005,SHEL,11,49,159,337.0,53583.0,Malla & Malla Stock Broking Company Pvt. Limited,Online Securities Pvt. Ltd.,2026-04-15 12:41:26.863967
2026041504015006,SHEL,38,49,341,337.0,114917.0,Dipshikha Dhitopatra Karobar Co. Pvt Ltd.,Online Securities Pvt. Ltd.,2026-04-15 12:41:26.864334
2026041504015011,SHEL,38,65,159,337.0,53583.0,Dipshikha Dhitopatra Karobar Co. Pvt Ltd.,Sharepro Securities Private Limited,2026-04-15 12:41:28.462076
2026041504015114,SHEL,45,94,3,334.0,1002.0,Imperial Securities Company Pvt. Ltd.,K.B.L. Securities Limited ,2026-04-15 12:42:02.333586
2026041504015185,SHEL,45,58,2,334.1,668.2,Imperial Securities Company Pvt. Ltd.,Naasa Securities Co. Ltd.,2026-04-15 12:42:30.088767
2026041504015198,SHEL,21,49,21,337.0,7077.0,Midas Stock Broking Company Private Limited,Online Securities Pvt. Ltd.,2026-04-15 12:42:34.204860
2026041504015243,SHEL,45,35,5,334.5,1672.5,Imperial Securities Company Pvt. Ltd.,Kohinoor Investment & Securities Pvt. Ltd.,2026-04-15 12:43:01.784569
2026041504015250,SHEL,6,49,200,337.8,67560.0,Agrawal Securities (PVT) Ltd.,Online Securities Pvt. Ltd.,2026-04-15 12:43:07.656434
2026041504015268,SHEL,21,44,100,337.0,33700.0,Midas Stock Broking Company Private Limited,Dynamic Money Managers Securities Pvt. Ltd.,2026-04-15 12:43:15.232599
2026041504015287,SHEL,21,29,19,337.0,6403.0,Midas Stock Broking Company Private Limited,Trisul Securities & Invt. Ltd.,2026-04-15 12:43:19.961876
2026041504015368,SHEL,47,34,21,336.1,7058.1,Neev Securities Pvt. Ltd.,Vision Securities Pvt. Ltd,2026-04-15 12:43:52.993111
2026041504015393,SHEL,47,34,30,336.1,10083.0,Neev Securities Pvt. Ltd.,Vision Securities Pvt. Ltd,2026-04-15 12:44:17.099134
2026041504015397,SHEL,45,7,2,334.1,668.2,Imperial Securities Company Pvt. Ltd.,J.F. Securites (PVT) Ltd.,2026-04-15 12:44:20.150399
2026041504015459,SHEL,47,63,49,336.1,16468.9,Neev Securities Pvt. Ltd.,Himalayan Brokerage Company Limited,2026-04-15 12:44:57.479195
2026041504015460,SHEL,4,63,157,336.0,52752.0,Opal Securities Investment (PVT) Ltd.,Himalayan Brokerage Company Limited,2026-04-15 12:44:57.479558
2026041504015461,SHEL,58,63,169,336.0,56784.0,Naasa Securities Co. Ltd.,Himalayan Brokerage Company Limited,2026-04-15 12:44:57.479719
2026041504015513,SHEL,58,29,131,336.0,44016.0,Naasa Securities Co. Ltd.,Trisul Securities & Invt. Ltd.,2026-04-15 12:45:15.197776
2026041504015648,SHEL,58,45,250,336.0,84000.0,Naasa Securities Co. Ltd.,Imperial Securities Company Pvt. Ltd.,2026-04-15 12:46:38.907447
2026041504015657,SHEL,58,38,150,336.0,50400.0,Naasa Securities Co. Ltd.,Dipshikha Dhitopatra Karobar Co. Pvt Ltd.,2026-04-15 12:46:50.725504
2026041504015658,SHEL,16,38,1000,336.0,336000.0,Primo Securities (PVT) Ltd.,Dipshikha Dhitopatra Karobar Co. Pvt Ltd.,2026-04-15 12:46:50.725878
2026041504015659,SHEL,39,38,500,336.0,168000.0,Sumeru Securities Pvt. Ltd.,Dipshikha Dhitopatra Karobar Co. Pvt Ltd.,2026-04-15 12:46:50.726043
2026041504015688,SHEL,34,34,250,335.6,83900.0,Vision Securities Pvt. Ltd,Vision Securities Pvt. Ltd,2026-04-15 12:47:05.919135
2026041504015689,SHEL,6,34,230,335.6,77188.0,Agrawal Securities (PVT) Ltd.,Vision Securities Pvt. Ltd,2026-04-15 12:47:05.919811
2026041504015817,SHEL,6,77,20,336.0,6720.0,Agrawal Securities (PVT) Ltd.,Nabil Stock Dealer Ltd.,2026-04-15 12:48:00.208221
2026041504015818,SHEL,6,99,80,336.0,26880.0,Agrawal Securities (PVT) Ltd.,Prabhu Stock Market Limited,2026-04-15 12:48:00.208572
2026041504015863,SHEL,50,99,920,336.0,309120.0,Cristal Kanchanjanga Securites Pvt. Ltd.,Prabhu Stock Market Limited,2026-04-15 12:48:22.659603
2026041504015864,SHEL,50,50,317,336.0,106512.0,Cristal Kanchanjanga Securites Pvt. Ltd.,Cristal Kanchanjanga Securites Pvt. Ltd.,2026-04-15 12:48:24.680298
2026041504015960,SHEL,33,66,20,336.9,6738.0,Dakshinkali Investment & Securities Pvt. Ltd.,Miyo Securities Pvt Ltd,2026-04-15 12:49:07.064304
2026041504015965,SHEL,50,3,55,336.0,18480.0,Cristal Kanchanjanga Securites Pvt. Ltd.,Arun Securities (PVT) Ltd.,2026-04-15 12:49:10.515225
2026041504016109,SHEL,50,58,100,336.0,33600.0,Cristal Kanchanjanga Securites Pvt. Ltd.,Naasa Securities Co. Ltd.,2026-04-15 12:49:51.763558
2026041504016177,SHEL,50,54,608,336.0,204288.0,Cristal Kanchanjanga Securites Pvt. Ltd.,Sewa Securities Pvt. Ltd.,2026-04-15 12:50:38.147112
2026041504016178,SHEL,19,54,500,336.0,168000.0,Nepal Investment And Securities Trading Private Limited,Sewa Securities Pvt. Ltd.,2026-04-15 12:50:38.147473
2026041504016179,SHEL,7,54,10,336.0,3360.0,J.F. Securites (PVT) Ltd.,Sewa Securities Pvt. Ltd.,2026-04-15 12:50:38.147672
2026041504016180,SHEL,34,54,1200,336.0,403200.0,Vision Securities Pvt. Ltd,Sewa Securities Pvt. Ltd.,2026-04-15 12:50:38.147878
2026041504016254,SHEL,28,16,1480,336.1,497428.0,Shree Krishna Securities Ltd.,Primo Securities (PVT) Ltd.,2026-04-15 12:51:23.397658
2026041504016316,SHEL,49,78,192,335.7,64454.4,Online Securities Pvt. Ltd.,Garima Securities Limited,2026-04-15 12:51:57.719012
2026041504016405,SHEL,49,42,10,335.7,3357.0,Online Securities Pvt. Ltd.,Sani Securities Company Ltd.,2026-04-15 12:52:34.842300
2026041504016428,SHEL,51,41,25,336.0,8400.0,Oxford Securities Pvt. Ltd.,Linch Stock Market Ltd.,2026-04-15 12:52:45.686542
2026041504016457,SHEL,84,41,27,336.0,9072.0,MILKY WAY SHARE BROKER COMPANY LTD ,Linch Stock Market Ltd.,2026-04-15 12:53:07.376640
2026041504016458,SHEL,84,58,30,336.0,10080.0,MILKY WAY SHARE BROKER COMPANY LTD ,Naasa Securities Co. Ltd.,2026-04-15 12:53:07.377377
2026041504016599,SHEL,84,25,399,336.0,134064.0,MILKY WAY SHARE BROKER COMPANY LTD ,Sweta Securities Private Limited,2026-04-15 12:53:47.911068
2026041504016600,SHEL,21,25,590,336.0,198240.0,Midas Stock Broking Company Private Limited,Sweta Securities Private Limited,2026-04-15 12:53:47.911813
2026041504016635,SHEL,57,57,10,336.0,3360.0,Aryatara Investment & Securities,Aryatara Investment & Securities,2026-04-15 12:54:05.031584
2026041504016882,SHEL,52,54,110,336.1,36971.0,Sundhara Securities Limited,Sewa Securities Pvt. Ltd.,2026-04-15 12:56:08.261959
2026041504016938,SHEL,57,44,25,336.5,8412.5,Aryatara Investment & Securities,Dynamic Money Managers Securities Pvt. Ltd.,2026-04-15 12:56:29.188431
2026041504016940,SHEL,71,58,47,336.0,15792.0,SHUBHAKAMANA SECURITIES PVT. LTD,Naasa Securities Co. Ltd.,2026-04-15 12:56:33.447057
2026041504016943,SHEL,17,66,180,336.4,60552.0,ABC Securities Private Limited,Miyo Securities Pvt Ltd,2026-04-15 12:56:35.320750
2026041504016944,SHEL,17,44,320,336.5,107680.0,ABC Securities Private Limited,Dynamic Money Managers Securities Pvt. Ltd.,2026-04-15 12:56:35.321094
2026041504016981,SHEL,71,11,53,336.0,17808.0,SHUBHAKAMANA SECURITIES PVT. LTD,Malla & Malla Stock Broking Company Pvt. Limited,2026-04-15 12:56:49.186251
2026041504016982,SHEL,52,11,40,336.0,13440.0,Sundhara Securities Limited,Malla & Malla Stock Broking Company Pvt. Limited,2026-04-15 12:56:49.186633
2026041504016983,SHEL,50,11,737,336.0,247632.0,Cristal Kanchanjanga Securites Pvt. Ltd.,Malla & Malla Stock Broking Company Pvt. Limited,2026-04-15 12:56:49.186872
2026041504017011,SHEL,52,44,155,336.5,52157.5,Sundhara Securities Limited,Dynamic Money Managers Securities Pvt. Ltd.,2026-04-15 12:56:56.221243
2026041504017107,SHEL,52,47,20,336.5,6730.0,Sundhara Securities Limited,Neev Securities Pvt. Ltd.,2026-04-15 12:57:40.753616
2026041504017140,SHEL,52,63,100,336.5,33650.0,Sundhara Securities Limited,Himalayan Brokerage Company Limited,2026-04-15 12:58:03.105014
2026041504017175,SHEL,52,66,225,336.5,75712.5,Sundhara Securities Limited,Miyo Securities Pvt Ltd,2026-04-15 12:58:18.215992
2026041504017176,SHEL,50,66,263,336.0,88368.0,Cristal Kanchanjanga Securites Pvt. Ltd.,Miyo Securities Pvt Ltd,2026-04-15 12:58:18.216768
2026041504017177,SHEL,52,66,1000,336.0,336000.0,Sundhara Securities Limited,Miyo Securities Pvt Ltd,2026-04-15 12:58:18.217290
2026041504017235,SHEL,60,66,3512,336.0,1180032.0,Nagarik Stock Dealer ,Miyo Securities Pvt Ltd,2026-04-15 12:58:55.366776
2026041504017282,SHEL,60,6,50,336.0,16800.0,Nagarik Stock Dealer ,Agrawal Securities (PVT) Ltd.,2026-04-15 12:59:24.827897
2026041504017333,SHEL,60,34,32,336.0,10752.0,Nagarik Stock Dealer ,Vision Securities Pvt. Ltd,2026-04-15 13:00:10.273494
2026041504017414,SHEL,50,57,100,336.8,33680.0,Cristal Kanchanjanga Securites Pvt. Ltd.,Aryatara Investment & Securities,2026-04-15 13:00:46.072734
2026041504017415,SHEL,50,44,400,336.8,134720.0,Cristal Kanchanjanga Securites Pvt. Ltd.,Dynamic Money Managers Securities Pvt. Ltd.,2026-04-15 13:00:46.073102
2026041504017462,SHEL,82,35,140,336.9,47166.0,N.M.B. SECURITIES LIMITED,Kohinoor Investment & Securities Pvt. Ltd.,2026-04-15 13:01:06.469300
2026041504017463,SHEL,82,33,300,336.9,101070.0,N.M.B. SECURITIES LIMITED,Dakshinkali Investment & Securities Pvt. Ltd.,2026-04-15 13:01:06.470088
2026041504017464,SHEL,82,44,1000,336.9,336900.0,N.M.B. SECURITIES LIMITED,Dynamic Money Managers Securities Pvt. Ltd.,2026-04-15 13:01:06.470603
2026041504017465,SHEL,82,5,1000,336.9,336900.0,N.M.B. SECURITIES LIMITED,Market Securities & Exchange (PVT) Ltd.,2026-04-15 13:01:06.471092
2026041504017466,SHEL,82,5,20,337.0,6740.0,N.M.B. SECURITIES LIMITED,Market Securities & Exchange (PVT) Ltd.,2026-04-15 13:01:06.471621
2026041504017467,SHEL,82,32,538,337.0,181306.0,N.M.B. SECURITIES LIMITED,Premier Securities Company Ltd.,2026-04-15 13:01:06.472146
2026041504017468,SHEL,82,22,25,337.0,8425.0,N.M.B. SECURITIES LIMITED,Siprabi Securities Pvt. Ltd.,2026-04-15 13:01:06.472939
2026041504017469,SHEL,82,41,10,337.0,3370.0,N.M.B. SECURITIES LIMITED,Linch Stock Market Ltd.,2026-04-15 13:01:06.473502
2026041504017470,SHEL,82,4,1967,337.0,662879.0,N.M.B. SECURITIES LIMITED,Opal Securities Investment (PVT) Ltd.,2026-04-15 13:01:06.474000
2026041504017597,SHEL,49,51,10,336.5,3365.0,Online Securities Pvt. Ltd.,Oxford Securities Pvt. Ltd.,2026-04-15 13:02:06.875765
2026041504017598,SHEL,49,25,75,336.9,25267.5,Online Securities Pvt. Ltd.,Sweta Securities Private Limited,2026-04-15 13:02:06.875851
2026041504017599,SHEL,49,4,2033,337.0,685121.0,Online Securities Pvt. Ltd.,Opal Securities Investment (PVT) Ltd.,2026-04-15 13:02:06.875889
2026041504017600,SHEL,49,58,630,337.0,212310.0,Online Securities Pvt. Ltd.,Naasa Securities Co. Ltd.,2026-04-15 13:02:06.875928
2026041504017601,SHEL,49,58,10,337.0,3370.0,Online Securities Pvt. Ltd.,Naasa Securities Co. Ltd.,2026-04-15 13:02:06.875962
2026041504017602,SHEL,49,84,200,337.0,67400.0,Online Securities Pvt. Ltd.,MILKY WAY SHARE BROKER COMPANY LTD ,2026-04-15 13:02:06.876004
2026041504017603,SHEL,49,44,142,337.0,47854.0,Online Securities Pvt. Ltd.,Dynamic Money Managers Securities Pvt. Ltd.,2026-04-15 13:02:06.876046
2026041504017666,SHEL,17,44,173,337.0,58301.0,ABC Securities Private Limited,Dynamic Money Managers Securities Pvt. Ltd.,2026-04-15 13:02:27.343423
2026041504017667,SHEL,17,49,300,337.8,101340.0,ABC Securities Private Limited,Online Securities Pvt. Ltd.,2026-04-15 13:02:27.343499
2026041504017668,SHEL,17,42,27,337.8,9120.6,ABC Securities Private Limited,Sani Securities Company Ltd.,2026-04-15 13:02:27.343528
2026041504017688,SHEL,49,42,973,337.8,328679.4,Online Securities Pvt. Ltd.,Sani Securities Company Ltd.,2026-04-15 13:02:42.224283
2026041504017689,SHEL,49,33,300,337.8,101340.0,Online Securities Pvt. Ltd.,Dakshinkali Investment & Securities Pvt. Ltd.,2026-04-15 13:02:42.224441
2026041504017690,SHEL,49,25,1350,337.9,456165.0,Online Securities Pvt. Ltd.,Sweta Securities Private Limited,2026-04-15 13:02:42.224521
2026041504017691,SHEL,49,6,400,337.9,135160.0,Online Securities Pvt. Ltd.,Agrawal Securities (PVT) Ltd.,2026-04-15 13:02:42.224587
2026041504017692,SHEL,49,42,542,338.0,183196.0,Online Securities Pvt. Ltd.,Sani Securities Company Ltd.,2026-04-15 13:02:42.224663
2026041504017693,SHEL,49,16,500,338.0,169000.0,Online Securities Pvt. Ltd.,Primo Securities (PVT) Ltd.,2026-04-15 13:02:42.224767
2026041504017694,SHEL,49,33,100,338.0,33800.0,Online Securities Pvt. Ltd.,Dakshinkali Investment & Securities Pvt. Ltd.,2026-04-15 13:02:42.224825
2026041504017695,SHEL,49,22,1000,338.0,338000.0,Online Securities Pvt. Ltd.,Siprabi Securities Pvt. Ltd.,2026-04-15 13:02:42.224892
2026041504017696,SHEL,49,39,65,338.0,21970.0,Online Securities Pvt. Ltd.,Sumeru Securities Pvt. Ltd.,2026-04-15 13:02:42.224957
2026041504017697,SHEL,49,22,30,338.0,10140.0,Online Securities Pvt. Ltd.,Siprabi Securities Pvt. Ltd.,2026-04-15 13:02:42.225036
2026041504017698,SHEL,49,26,200,338.0,67600.0,Online Securities Pvt. Ltd.,Asian Securities Private Ltd.,2026-04-15 13:02:42.225094
2026041504017699,SHEL,49,14,200,338.0,67600.0,Online Securities Pvt. Ltd.,Nepal Stock House (PVT) Ltd.,2026-04-15 13:02:42.225159
2026041504017700,SHEL,49,60,1045,338.0,353210.0,Online Securities Pvt. Ltd.,Nagarik Stock Dealer ,2026-04-15 13:02:42.225225
2026041504017701,SHEL,49,7,500,338.0,169000.0,Online Securities Pvt. Ltd.,J.F. Securites (PVT) Ltd.,2026-04-15 13:02:42.225309
2026041504017702,SHEL,49,34,10,338.0,3380.0,Online Securities Pvt. Ltd.,Vision Securities Pvt. Ltd,2026-04-15 13:02:42.225406
2026041504017703,SHEL,49,11,300,338.0,101400.0,Online Securities Pvt. Ltd.,Malla & Malla Stock Broking Company Pvt. Limited,2026-04-15 13:02:42.225474
2026041504017704,SHEL,49,25,100,338.0,33800.0,Online Securities Pvt. Ltd.,Sweta Securities Private Limited,2026-04-15 13:02:42.225547
2026041504017705,SHEL,49,21,1000,338.0,338000.0,Online Securities Pvt. Ltd.,Midas Stock Broking Company Private Limited,2026-04-15 13:02:42.225635
2026041504017706,SHEL,49,57,1385,338.0,468130.0,Online Securities Pvt. Ltd.,Aryatara Investment & Securities,2026-04-15 13:02:42.225713
2026041504017852,SHEL,49,59,21,337.0,7077.0,Online Securities Pvt. Ltd.,Deevyaa Securities & Stock House Pvt. Ltd,2026-04-15 13:03:55.933085
2026041504017961,SHEL,49,57,115,338.0,38870.0,Online Securities Pvt. Ltd.,Aryatara Investment & Securities,2026-04-15 13:04:23.298920
2026041504017962,SHEL,49,16,1885,338.0,637130.0,Online Securities Pvt. Ltd.,Primo Securities (PVT) Ltd.,2026-04-15 13:04:23.299295
2026041504017977,SHEL,49,16,1115,338.0,376870.0,Online Securities Pvt. Ltd.,Primo Securities (PVT) Ltd.,2026-04-15 13:04:33.090599
2026041504017978,SHEL,49,26,20,338.0,6760.0,Online Securities Pvt. Ltd.,Asian Securities Private Ltd.,2026-04-15 13:04:33.090968
2026041504017979,SHEL,49,28,500,338.0,169000.0,Online Securities Pvt. Ltd.,Shree Krishna Securities Ltd.,2026-04-15 13:04:33.091138
2026041504017980,SHEL,49,62,10,338.0,3380.0,Online Securities Pvt. Ltd.,Capital Max Securities Ltd,2026-04-15 13:04:33.091299
2026041504017981,SHEL,49,14,64,338.0,21632.0,Online Securities Pvt. Ltd.,Nepal Stock House (PVT) Ltd.,2026-04-15 13:04:33.091473
2026041504017982,SHEL,49,38,291,338.0,98358.0,Online Securities Pvt. Ltd.,Dipshikha Dhitopatra Karobar Co. Pvt Ltd.,2026-04-15 13:04:33.091639
2026041504017984,SHEL,58,38,399,338.0,134862.0,Naasa Securities Co. Ltd.,Dipshikha Dhitopatra Karobar Co. Pvt Ltd.,2026-04-15 13:04:36.828165
2026041504017985,SHEL,58,33,300,338.0,101400.0,Naasa Securities Co. Ltd.,Dakshinkali Investment & Securities Pvt. Ltd.,2026-04-15 13:04:36.828926
2026041504017986,SHEL,58,84,200,338.0,67600.0,Naasa Securities Co. Ltd.,MILKY WAY SHARE BROKER COMPANY LTD ,2026-04-15 13:04:36.829562
2026041504018020,SHEL,17,53,10,338.2,3382.0,ABC Securities Private Limited,Investment Management Nepal Pvt. Ltd.,2026-04-15 13:04:57.040709
2026041504018021,SHEL,17,57,10,338.2,3382.0,ABC Securities Private Limited,Aryatara Investment & Securities,2026-04-15 13:04:57.041125
2026041504018022,SHEL,17,45,11,338.2,3720.2,ABC Securities Private Limited,Imperial Securities Company Pvt. Ltd.,2026-04-15 13:04:57.041293
2026041504018069,SHEL,17,19,37,338.2,12513.4,ABC Securities Private Limited,Nepal Investment And Securities Trading Private Limited,2026-04-15 13:05:20.249201
2026041504018101,SHEL,17,65,30,338.2,10146.0,ABC Securities Private Limited,Sharepro Securities Private Limited,2026-04-15 13:05:35.985368
2026041504018119,SHEL,58,84,101,338.0,34138.0,Naasa Securities Co. Ltd.,MILKY WAY SHARE BROKER COMPANY LTD ,2026-04-15 13:05:51.499029
2026041504018120,SHEL,32,84,299,338.0,101062.0,Premier Securities Company Ltd.,MILKY WAY SHARE BROKER COMPANY LTD ,2026-04-15 13:05:51.499782
2026041504018150,SHEL,32,33,201,338.0,67938.0,Premier Securities Company Ltd.,Dakshinkali Investment & Securities Pvt. Ltd.,2026-04-15 13:06:03.459264
2026041504018161,SHEL,14,33,50,338.0,16900.0,Nepal Stock House (PVT) Ltd.,Dakshinkali Investment & Securities Pvt. Ltd.,2026-04-15 13:06:09.020161
2026041504018196,SHEL,53,33,50,338.0,16900.0,Investment Management Nepal Pvt. Ltd.,Dakshinkali Investment & Securities Pvt. Ltd.,2026-04-15 13:06:19.347844
2026041504018205,SHEL,46,38,27,337.1,9101.7,Kalika Securities Pvt. Ltd.,Dipshikha Dhitopatra Karobar Co. Pvt Ltd.,2026-04-15 13:06:33.523381
2026041504018258,SHEL,58,58,100,337.2,33720.0,Naasa Securities Co. Ltd.,Naasa Securities Co. Ltd.,2026-04-15 13:06:58.566568
2026041504018376,SHEL,53,53,7,335.0,2345.0,Investment Management Nepal Pvt. Ltd.,Investment Management Nepal Pvt. Ltd.,2026-04-15 13:07:59.588570
2026041504018402,SHEL,53,50,5,335.0,1675.0,Investment Management Nepal Pvt. Ltd.,Cristal Kanchanjanga Securites Pvt. Ltd.,2026-04-15 13:08:17.123360
2026041504018409,SHEL,58,45,25,337.2,8430.0,Naasa Securities Co. Ltd.,Imperial Securities Company Pvt. Ltd.,2026-04-15 13:08:23.193406
2026041504018498,SHEL,53,19,2,335.0,670.0,Investment Management Nepal Pvt. Ltd.,Nepal Investment And Securities Trading Private Limited,2026-04-15 13:08:42.646331
2026041504018663,SHEL,43,57,20,337.4,6748.0,South Asian Bulls Pvt. Ltd.,Aryatara Investment & Securities,2026-04-15 13:09:50.977155
2026041504018692,SHEL,43,54,980,337.4,330652.0,South Asian Bulls Pvt. Ltd.,Sewa Securities Pvt. Ltd.,2026-04-15 13:10:06.051213
2026041504018693,SHEL,43,54,11,337.3,3710.3,South Asian Bulls Pvt. Ltd.,Sewa Securities Pvt. Ltd.,2026-04-15 13:10:06.051641
2026041504018694,SHEL,58,54,175,337.2,59010.0,Naasa Securities Co. Ltd.,Sewa Securities Pvt. Ltd.,2026-04-15 13:10:06.051838
2026041504018695,SHEL,61,54,500,337.2,168600.0,BHOLE GANESH SECURITIES LTD,Sewa Securities Pvt. Ltd.,2026-04-15 13:10:06.052015
2026041504018696,SHEL,35,54,46,337.2,15511.2,Kohinoor Investment & Securities Pvt. Ltd.,Sewa Securities Pvt. Ltd.,2026-04-15 13:10:06.052188
2026041504018927,SHEL,58,44,21,337.4,7085.4,Naasa Securities Co. Ltd.,Dynamic Money Managers Securities Pvt. Ltd.,2026-04-15 13:11:55.743861
2026041504018928,SHEL,51,33,199,338.0,67262.0,Oxford Securities Pvt. Ltd.,Dakshinkali Investment & Securities Pvt. Ltd.,2026-04-15 13:11:56.011718
2026041504018929,SHEL,51,57,200,338.0,67600.0,Oxford Securities Pvt. Ltd.,Aryatara Investment & Securities,2026-04-15 13:11:56.012411
2026041504018930,SHEL,51,34,10,338.0,3380.0,Oxford Securities Pvt. Ltd.,Vision Securities Pvt. Ltd,2026-04-15 13:11:56.012947
2026041504018931,SHEL,51,33,100,338.0,33800.0,Oxford Securities Pvt. Ltd.,Dakshinkali Investment & Securities Pvt. Ltd.,2026-04-15 13:11:56.013480
2026041504018932,SHEL,51,84,210,338.0,70980.0,Oxford Securities Pvt. Ltd.,MILKY WAY SHARE BROKER COMPANY LTD ,2026-04-15 13:11:56.014015
2026041504018933,SHEL,51,7,21,338.0,7098.0,Oxford Securities Pvt. Ltd.,J.F. Securites (PVT) Ltd.,2026-04-15 13:11:56.014552
2026041504018934,SHEL,51,57,100,338.0,33800.0,Oxford Securities Pvt. Ltd.,Aryatara Investment & Securities,2026-04-15 13:11:56.015085
2026041504018935,SHEL,51,49,1000,338.0,338000.0,Oxford Securities Pvt. Ltd.,Online Securities Pvt. Ltd.,2026-04-15 13:11:56.015622
2026041504018960,SHEL,17,14,1,335.0,335.0,ABC Securities Private Limited,Nepal Stock House (PVT) Ltd.,2026-04-15 13:12:08.739720
2026041504018964,SHEL,51,68,160,338.0,54080.0,Oxford Securities Pvt. Ltd.,Elite Stock House Limited,2026-04-15 13:12:13.664369
2026041504018992,SHEL,58,32,109,337.4,36776.6,Naasa Securities Co. Ltd.,Premier Securities Company Ltd.,2026-04-15 13:12:27.323787
2026041504018993,SHEL,35,32,91,337.2,30685.2,Kohinoor Investment & Securities Pvt. Ltd.,Premier Securities Company Ltd.,2026-04-15 13:12:27.324186
2026041504019003,SHEL,17,77,1,334.0,334.0,ABC Securities Private Limited,Nabil Stock Dealer Ltd.,2026-04-15 13:12:30.783765
2026041504019017,SHEL,35,19,40,337.2,13488.0,Kohinoor Investment & Securities Pvt. Ltd.,Nepal Investment And Securities Trading Private Limited,2026-04-15 13:12:37.037998
2026041504019067,SHEL,17,68,50,338.0,16900.0,ABC Securities Private Limited,Elite Stock House Limited,2026-04-15 13:12:52.844510
2026041504019203,SHEL,52,68,202,338.0,68276.0,Sundhara Securities Limited,Elite Stock House Limited,2026-04-15 13:13:38.384351
2026041504019204,SHEL,52,13,298,338.0,100724.0,Sundhara Securities Limited,Thrive Brokerage House Pvt. Ltd,2026-04-15 13:13:38.385143
2026041504019258,SHEL,35,60,42,337.2,14162.4,Kohinoor Investment & Securities Pvt. Ltd.,Nagarik Stock Dealer ,2026-04-15 13:14:05.178036
2026041504019259,SHEL,57,60,108,337.2,36417.6,Aryatara Investment & Securities,Nagarik Stock Dealer ,2026-04-15 13:14:05.178484
2026041504019390,SHEL,5,25,200,337.3,67460.0,Market Securities & Exchange (PVT) Ltd.,Sweta Securities Private Limited,2026-04-15 13:15:08.598150
2026041504019391,SHEL,57,25,392,337.2,132182.4,Aryatara Investment & Securities,Sweta Securities Private Limited,2026-04-15 13:15:08.598945
2026041504019392,SHEL,51,25,236,337.2,79579.2,Oxford Securities Pvt. Ltd.,Sweta Securities Private Limited,2026-04-15 13:15:08.599486
2026041504019457,SHEL,49,42,1000,337.9,337900.0,Online Securities Pvt. Ltd.,Sani Securities Company Ltd.,2026-04-15 13:15:29.359092
2026041504019458,SHEL,49,10,467,338.0,157846.0,Online Securities Pvt. Ltd.,Pragyan Securities (PVT) Ltd.,2026-04-15 13:15:29.359492
2026041504019459,SHEL,49,36,33,338.0,11154.0,Online Securities Pvt. Ltd.,Secured Securities Ltd.,2026-04-15 13:15:29.359675
2026041504019515,SHEL,56,36,10,338.0,3380.0,Sri Hari Securities Pvt. Ltd.,Secured Securities Ltd.,2026-04-15 13:16:01.938594
2026041504019524,SHEL,51,57,500,337.2,168600.0,Oxford Securities Pvt. Ltd.,Aryatara Investment & Securities,2026-04-15 13:16:10.930027
2026041504019620,SHEL,58,7,10,337.3,3373.0,Naasa Securities Co. Ltd.,J.F. Securites (PVT) Ltd.,2026-04-15 13:16:47.261376
2026041504019621,SHEL,51,7,185,337.2,62382.0,Oxford Securities Pvt. Ltd.,J.F. Securites (PVT) Ltd.,2026-04-15 13:16:47.261863
2026041504019679,SHEL,51,70,600,337.2,202320.0,Oxford Securities Pvt. Ltd.,Infinity Securities Limited,2026-04-15 13:17:21.915308
2026041504019791,SHEL,51,42,479,337.2,161518.8,Oxford Securities Pvt. Ltd.,Sani Securities Company Ltd.,2026-04-15 13:18:21.675970
2026041504019792,SHEL,58,42,413,337.2,139263.6,Naasa Securities Co. Ltd.,Sani Securities Company Ltd.,2026-04-15 13:18:21.676410
2026041504019848,SHEL,58,83,87,337.2,29336.4,Naasa Securities Co. Ltd.,Sanima Securities Limited,2026-04-15 13:18:45.843744
2026041504019849,SHEL,46,83,13,337.1,4382.3,Kalika Securities Pvt. Ltd.,Sanima Securities Limited,2026-04-15 13:18:45.844525
2026041504019917,SHEL,45,57,15,337.2,5058.0,Imperial Securities Company Pvt. Ltd.,Aryatara Investment & Securities,2026-04-15 13:19:37.796806
2026041504019974,SHEL,45,83,50,337.2,16860.0,Imperial Securities Company Pvt. Ltd.,Sanima Securities Limited,2026-04-15 13:20:11.520807
2026041504020010,SHEL,45,28,235,337.2,79242.0,Imperial Securities Company Pvt. Ltd.,Shree Krishna Securities Ltd.,2026-04-15 13:20:33.438586
2026041504020011,SHEL,53,28,100,337.2,33720.0,Investment Management Nepal Pvt. Ltd.,Shree Krishna Securities Ltd.,2026-04-15 13:20:33.439382
2026041504020068,SHEL,46,42,60,337.1,20226.0,Kalika Securities Pvt. Ltd.,Sani Securities Company Ltd.,2026-04-15 13:20:59.744222
2026041504020069,SHEL,94,42,490,337.1,165179.0,K.B.L. Securities Limited ,Sani Securities Company Ltd.,2026-04-15 13:20:59.744677
2026041504020191,SHEL,94,33,100,337.1,33710.0,K.B.L. Securities Limited ,Dakshinkali Investment & Securities Pvt. Ltd.,2026-04-15 13:22:03.691266
2026041504020225,SHEL,94,41,300,337.1,101130.0,K.B.L. Securities Limited ,Linch Stock Market Ltd.,2026-04-15 13:22:12.257886
2026041504020257,SHEL,47,49,100,337.2,33720.0,Neev Securities Pvt. Ltd.,Online Securities Pvt. Ltd.,2026-04-15 13:22:32.025301
2026041504020288,SHEL,47,26,300,337.2,101160.0,Neev Securities Pvt. Ltd.,Asian Securities Private Ltd.,2026-04-15 13:22:54.899086
2026041504020293,SHEL,47,34,105,337.2,35406.0,Neev Securities Pvt. Ltd.,Vision Securities Pvt. Ltd,2026-04-15 13:22:59.883600
2026041504020323,SHEL,47,16,88,337.2,29673.6,Neev Securities Pvt. Ltd.,Primo Securities (PVT) Ltd.,2026-04-15 13:23:17.477847
2026041504020383,SHEL,94,35,360,337.1,121356.0,K.B.L. Securities Limited ,Kohinoor Investment & Securities Pvt. Ltd.,2026-04-15 13:23:46.968935
2026041504020384,SHEL,57,35,100,337.1,33710.0,Aryatara Investment & Securities,Kohinoor Investment & Securities Pvt. Ltd.,2026-04-15 13:23:46.969041
2026041504020385,SHEL,35,35,130,337.1,43823.0,Kohinoor Investment & Securities Pvt. Ltd.,Kohinoor Investment & Securities Pvt. Ltd.,2026-04-15 13:23:46.969133
2026041504020386,SHEL,49,35,979,337.0,329923.0,Online Securities Pvt. Ltd.,Kohinoor Investment & Securities Pvt. Ltd.,2026-04-15 13:23:46.969247
2026041504020387,SHEL,52,35,80,337.0,26960.0,Sundhara Securities Limited,Kohinoor Investment & Securities Pvt. Ltd.,2026-04-15 13:23:46.969308
2026041504020388,SHEL,57,35,100,337.0,33700.0,Aryatara Investment & Securities,Kohinoor Investment & Securities Pvt. Ltd.,2026-04-15 13:23:46.969397
2026041504020389,SHEL,21,35,50,337.0,16850.0,Midas Stock Broking Company Private Limited,Kohinoor Investment & Securities Pvt. Ltd.,2026-04-15 13:23:46.969466
2026041504020390,SHEL,45,35,400,337.0,134800.0,Imperial Securities Company Pvt. Ltd.,Kohinoor Investment & Securities Pvt. Ltd.,2026-04-15 13:23:46.969535
2026041504020391,SHEL,58,35,301,337.0,101437.0,Naasa Securities Co. Ltd.,Kohinoor Investment & Securities Pvt. Ltd.,2026-04-15 13:23:46.969605
2026041504020392,SHEL,58,84,207,337.0,69759.0,Naasa Securities Co. Ltd.,MILKY WAY SHARE BROKER COMPANY LTD ,2026-04-15 13:23:47.628978
2026041504020430,SHEL,45,38,1,330.5,330.5,Imperial Securities Company Pvt. Ltd.,Dipshikha Dhitopatra Karobar Co. Pvt Ltd.,2026-04-15 13:24:10.231126
2026041504020473,SHEL,49,48,25,337.0,8425.0,Online Securities Pvt. Ltd.,Trishakti Securities Public Limited,2026-04-15 13:24:32.049573
2026041504020494,SHEL,49,84,975,337.0,328575.0,Online Securities Pvt. Ltd.,MILKY WAY SHARE BROKER COMPANY LTD ,2026-04-15 13:24:51.766416
2026041504020521,SHEL,34,48,250,336.5,84125.0,Vision Securities Pvt. Ltd,Trishakti Securities Public Limited,2026-04-15 13:25:12.425798
2026041504020529,SHEL,100,48,100,336.5,33650.0,Sunrise Securities Limited,Trishakti Securities Public Limited,2026-04-15 13:25:20.761752
2026041504020530,SHEL,100,58,500,337.0,168500.0,Sunrise Securities Limited,Naasa Securities Co. Ltd.,2026-04-15 13:25:20.762695
2026041504020531,SHEL,100,21,716,337.1,241363.6,Sunrise Securities Limited,Midas Stock Broking Company Private Limited,2026-04-15 13:25:20.763292
2026041504020553,SHEL,100,42,100,337.1,33710.0,Sunrise Securities Limited,Sani Securities Company Ltd.,2026-04-15 13:25:31.580922
2026041504020555,SHEL,45,4,1,334.0,334.0,Imperial Securities Company Pvt. Ltd.,Opal Securities Investment (PVT) Ltd.,2026-04-15 13:25:32.093023
2026041504020586,SHEL,100,7,21,337.1,7079.1,Sunrise Securities Limited,J.F. Securites (PVT) Ltd.,2026-04-15 13:25:50.229739
2026041504020596,SHEL,100,38,220,337.1,74162.0,Sunrise Securities Limited,Dipshikha Dhitopatra Karobar Co. Pvt Ltd.,2026-04-15 13:25:56.831597
2026041504020620,SHEL,100,84,343,337.1,115625.3,Sunrise Securities Limited,MILKY WAY SHARE BROKER COMPANY LTD ,2026-04-15 13:26:13.935447
2026041504020621,SHEL,49,84,100,337.0,33700.0,Online Securities Pvt. Ltd.,MILKY WAY SHARE BROKER COMPANY LTD ,2026-04-15 13:26:13.935895
2026041504020663,SHEL,41,34,200,336.6,67320.0,Linch Stock Market Ltd.,Vision Securities Pvt. Ltd,2026-04-15 13:26:36.439373
2026041504020705,SHEL,34,25,80,336.2,26896.0,Vision Securities Pvt. Ltd,Sweta Securities Private Limited,2026-04-15 13:26:51.181758
2026041504020713,SHEL,58,84,20,337.1,6742.0,Naasa Securities Co. Ltd.,MILKY WAY SHARE BROKER COMPANY LTD ,2026-04-15 13:26:54.265476
2026041504020714,SHEL,58,16,20,337.4,6748.0,Naasa Securities Co. Ltd.,Primo Securities (PVT) Ltd.,2026-04-15 13:26:54.265523
2026041504020744,SHEL,65,16,200,337.4,67480.0,Sharepro Securities Private Limited,Primo Securities (PVT) Ltd.,2026-04-15 13:27:04.203866
2026041504020844,SHEL,34,19,50,336.2,16810.0,Vision Securities Pvt. Ltd,Nepal Investment And Securities Trading Private Limited,2026-04-15 13:27:53.796872
2026041504020932,SHEL,34,35,120,336.2,40344.0,Vision Securities Pvt. Ltd,Kohinoor Investment & Securities Pvt. Ltd.,2026-04-15 13:28:26.433746
2026041504020933,SHEL,5,35,100,336.1,33610.0,Market Securities & Exchange (PVT) Ltd.,Kohinoor Investment & Securities Pvt. Ltd.,2026-04-15 13:28:26.433804
2026041504020934,SHEL,11,35,200,336.1,67220.0,Malla & Malla Stock Broking Company Pvt. Limited,Kohinoor Investment & Securities Pvt. Ltd.,2026-04-15 13:28:26.433866
2026041504020935,SHEL,51,35,400,336.1,134440.0,Oxford Securities Pvt. Ltd.,Kohinoor Investment & Securities Pvt. Ltd.,2026-04-15 13:28:26.433894
2026041504020936,SHEL,58,35,100,336.0,33600.0,Naasa Securities Co. Ltd.,Kohinoor Investment & Securities Pvt. Ltd.,2026-04-15 13:28:26.433921
2026041504020937,SHEL,60,35,1580,336.0,530880.0,Nagarik Stock Dealer ,Kohinoor Investment & Securities Pvt. Ltd.,2026-04-15 13:28:26.433949
2026041504020946,SHEL,60,28,75,336.0,25200.0,Nagarik Stock Dealer ,Shree Krishna Securities Ltd.,2026-04-15 13:28:34.653184
2026041504020955,SHEL,60,17,100,336.0,33600.0,Nagarik Stock Dealer ,ABC Securities Private Limited,2026-04-15 13:28:43.104564
2026041504020968,SHEL,60,66,500,336.0,168000.0,Nagarik Stock Dealer ,Miyo Securities Pvt Ltd,2026-04-15 13:28:54.366517
2026041504020995,SHEL,60,1,223,336.0,74928.0,Nagarik Stock Dealer ,Kumari Securities Private Limited,2026-04-15 13:29:09.240577
2026041504021009,SHEL,60,34,1000,336.0,336000.0,Nagarik Stock Dealer ,Vision Securities Pvt. Ltd,2026-04-15 13:29:21.598618
2026041504021038,SHEL,60,26,1000,336.0,336000.0,Nagarik Stock Dealer ,Asian Securities Private Ltd.,2026-04-15 13:29:31.461956
2026041504021109,SHEL,60,49,44,336.0,14784.0,Nagarik Stock Dealer ,Online Securities Pvt. Ltd.,2026-04-15 13:30:16.847827
2026041504021147,SHEL,60,19,15,336.0,5040.0,Nagarik Stock Dealer ,Nepal Investment And Securities Trading Private Limited,2026-04-15 13:30:56.190196
2026041504021264,SHEL,58,42,20,336.1,6722.0,Naasa Securities Co. Ltd.,Sani Securities Company Ltd.,2026-04-15 13:31:59.891347
2026041504021267,SHEL,60,60,469,336.0,157584.0,Nagarik Stock Dealer ,Nagarik Stock Dealer ,2026-04-15 13:32:01.063987
2026041504021268,SHEL,57,60,31,336.0,10416.0,Aryatara Investment & Securities,Nagarik Stock Dealer ,2026-04-15 13:32:01.064418
2026041504021283,SHEL,57,6,69,336.0,23184.0,Aryatara Investment & Securities,Agrawal Securities (PVT) Ltd.,2026-04-15 13:32:09.839643
2026041504021284,SHEL,58,6,131,336.0,44016.0,Naasa Securities Co. Ltd.,Agrawal Securities (PVT) Ltd.,2026-04-15 13:32:09.840096
2026041504021330,SHEL,58,22,19,336.0,6384.0,Naasa Securities Co. Ltd.,Siprabi Securities Pvt. Ltd.,2026-04-15 13:32:48.230071
2026041504021331,SHEL,49,22,191,336.0,64176.0,Online Securities Pvt. Ltd.,Siprabi Securities Pvt. Ltd.,2026-04-15 13:32:48.230502
2026041504021339,SHEL,49,95,89,336.0,29904.0,Online Securities Pvt. Ltd.,Magnet Securities and Investment Company Private Limited,2026-04-15 13:32:53.360419
2026041504021340,SHEL,52,95,461,335.8,154803.8,Sundhara Securities Limited,Magnet Securities and Investment Company Private Limited,2026-04-15 13:32:53.360494
2026041504021381,SHEL,52,57,39,335.8,13096.2,Sundhara Securities Limited,Aryatara Investment & Securities,2026-04-15 13:33:17.297256
2026041504021382,SHEL,49,57,202,335.8,67831.6,Online Securities Pvt. Ltd.,Aryatara Investment & Securities,2026-04-15 13:33:17.298141
2026041504021413,SHEL,49,49,210,336.0,70560.0,Online Securities Pvt. Ltd.,Online Securities Pvt. Ltd.,2026-04-15 13:33:43.860277
2026041504021414,SHEL,49,53,10,336.0,3360.0,Online Securities Pvt. Ltd.,Investment Management Nepal Pvt. Ltd.,2026-04-15 13:33:43.861195
2026041504021431,SHEL,52,62,5,336.0,1680.0,Sundhara Securities Limited,Capital Max Securities Ltd,2026-04-15 13:33:53.117034
2026041504021461,SHEL,52,57,1,336.0,336.0,Sundhara Securities Limited,Aryatara Investment & Securities,2026-04-15 13:34:11.815119
2026041504021470,SHEL,49,22,100,336.0,33600.0,Online Securities Pvt. Ltd.,Siprabi Securities Pvt. Ltd.,2026-04-15 13:34:13.918196
2026041504021509,SHEL,49,32,10,336.0,3360.0,Online Securities Pvt. Ltd.,Premier Securities Company Ltd.,2026-04-15 13:34:24.500666
2026041504021534,SHEL,49,91,94,336.0,31584.0,Online Securities Pvt. Ltd.,Citizens Share Broker Limited,2026-04-15 13:34:30.766180
2026041504021557,SHEL,22,4,10,336.2,3362.0,Siprabi Securities Pvt. Ltd.,Opal Securities Investment (PVT) Ltd.,2026-04-15 13:34:45.647079
2026041504021567,SHEL,52,53,1,337.0,337.0,Sundhara Securities Limited,Investment Management Nepal Pvt. Ltd.,2026-04-15 13:34:48.807085
2026041504021572,SHEL,17,26,50,336.2,16810.0,ABC Securities Private Limited,Asian Securities Private Ltd.,2026-04-15 13:34:58.410364
2026041504021662,SHEL,49,67,189,336.0,63504.0,Online Securities Pvt. Ltd.,Property Wiard Limited,2026-04-15 13:36:03.354057
2026041504021699,SHEL,49,42,87,336.0,29232.0,Online Securities Pvt. Ltd.,Sani Securities Company Ltd.,2026-04-15 13:36:32.477967
2026041504021700,SHEL,17,42,13,336.0,4368.0,ABC Securities Private Limited,Sani Securities Company Ltd.,2026-04-15 13:36:32.478443
2026041504021703,SHEL,22,26,50,336.2,16810.0,Siprabi Securities Pvt. Ltd.,Asian Securities Private Ltd.,2026-04-15 13:36:35.110227
2026041504021723,SHEL,22,38,500,336.5,168250.0,Siprabi Securities Pvt. Ltd.,Dipshikha Dhitopatra Karobar Co. Pvt Ltd.,2026-04-15 13:37:03.360440
2026041504021788,SHEL,13,68,100,336.5,33650.0,Thrive Brokerage House Pvt. Ltd,Elite Stock House Limited,2026-04-15 13:38:07.621439
2026041504021891,SHEL,17,38,37,336.0,12432.0,ABC Securities Private Limited,Dipshikha Dhitopatra Karobar Co. Pvt Ltd.,2026-04-15 13:39:30.245771
2026041504021892,SHEL,49,38,516,335.8,173272.8,Online Securities Pvt. Ltd.,Dipshikha Dhitopatra Karobar Co. Pvt Ltd.,2026-04-15 13:39:30.246674
2026041504021893,SHEL,99,38,447,335.7,150057.9,Prabhu Stock Market Limited,Dipshikha Dhitopatra Karobar Co. Pvt Ltd.,2026-04-15 13:39:30.247302
2026041504021920,SHEL,52,57,300,336.0,100800.0,Sundhara Securities Limited,Aryatara Investment & Securities,2026-04-15 13:39:47.065526
2026041504022049,SHEL,50,66,33,336.0,11088.0,Cristal Kanchanjanga Securites Pvt. Ltd.,Miyo Securities Pvt Ltd,2026-04-15 13:40:51.379792
2026041504022129,SHEL,50,19,17,336.0,5712.0,Cristal Kanchanjanga Securites Pvt. Ltd.,Nepal Investment And Securities Trading Private Limited,2026-04-15 13:41:39.539230
2026041504022181,SHEL,50,38,600,336.0,201600.0,Cristal Kanchanjanga Securites Pvt. Ltd.,Dipshikha Dhitopatra Karobar Co. Pvt Ltd.,2026-04-15 13:42:19.428059
2026041504022202,SHEL,50,42,52,336.0,17472.0,Cristal Kanchanjanga Securites Pvt. Ltd.,Sani Securities Company Ltd.,2026-04-15 13:42:32.872219
2026041504022245,SHEL,57,25,100,336.1,33610.0,Aryatara Investment & Securities,Sweta Securities Private Limited,2026-04-15 13:42:53.725299
2026041504022335,SHEL,57,59,400,336.1,134440.0,Aryatara Investment & Securities,Deevyaa Securities & Stock House Pvt. Ltd,2026-04-15 13:43:58.441163
2026041504022336,SHEL,50,59,100,336.0,33600.0,Cristal Kanchanjanga Securites Pvt. Ltd.,Deevyaa Securities & Stock House Pvt. Ltd,2026-04-15 13:43:58.442107
2026041504022396,SHEL,50,14,248,336.0,83328.0,Cristal Kanchanjanga Securites Pvt. Ltd.,Nepal Stock House (PVT) Ltd.,2026-04-15 13:44:33.880127
2026041504022397,SHEL,38,14,252,336.0,84672.0,Dipshikha Dhitopatra Karobar Co. Pvt Ltd.,Nepal Stock House (PVT) Ltd.,2026-04-15 13:44:33.881111
2026041504022466,SHEL,57,41,129,336.1,43356.9,Aryatara Investment & Securities,Linch Stock Market Ltd.,2026-04-15 13:45:08.579515
2026041504022471,SHEL,38,58,350,336.0,117600.0,Dipshikha Dhitopatra Karobar Co. Pvt Ltd.,Naasa Securities Co. Ltd.,2026-04-15 13:45:12.505441
2026041504022497,SHEL,26,41,121,336.1,40668.1,Asian Securities Private Ltd.,Linch Stock Market Ltd.,2026-04-15 13:45:21.126030
2026041504022542,SHEL,26,74,10,336.1,3361.0,Asian Securities Private Ltd.,KALASH STOCK MARKET PVT. LTD.,2026-04-15 13:45:54.382157
2026041504022545,SHEL,41,42,10,336.5,3365.0,Linch Stock Market Ltd.,Sani Securities Company Ltd.,2026-04-15 13:45:58.789692
2026041504022546,SHEL,41,42,100,336.8,33680.0,Linch Stock Market Ltd.,Sani Securities Company Ltd.,2026-04-15 13:45:58.790623
2026041504022547,SHEL,41,11,200,336.8,67360.0,Linch Stock Market Ltd.,Malla & Malla Stock Broking Company Pvt. Limited,2026-04-15 13:45:58.791272
2026041504022548,SHEL,41,66,1000,336.9,336900.0,Linch Stock Market Ltd.,Miyo Securities Pvt Ltd,2026-04-15 13:45:58.791958
2026041504022549,SHEL,41,33,200,337.0,67400.0,Linch Stock Market Ltd.,Dakshinkali Investment & Securities Pvt. Ltd.,2026-04-15 13:45:58.792642
2026041504022550,SHEL,41,52,20,337.0,6740.0,Linch Stock Market Ltd.,Sundhara Securities Limited,2026-04-15 13:45:58.793302
2026041504022551,SHEL,41,33,50,337.0,16850.0,Linch Stock Market Ltd.,Dakshinkali Investment & Securities Pvt. Ltd.,2026-04-15 13:45:58.793980
2026041504022552,SHEL,41,42,420,337.0,141540.0,Linch Stock Market Ltd.,Sani Securities Company Ltd.,2026-04-15 13:45:58.794654
2026041504022561,SHEL,26,95,16,336.1,5377.6,Asian Securities Private Ltd.,Magnet Securities and Investment Company Private Limited,2026-04-15 13:46:05.386021
2026041504022608,SHEL,26,57,10,336.1,3361.0,Asian Securities Private Ltd.,Aryatara Investment & Securities,2026-04-15 13:46:17.385232
2026041504022664,SHEL,6,28,500,336.2,168100.0,Agrawal Securities (PVT) Ltd.,Shree Krishna Securities Ltd.,2026-04-15 13:46:41.748993
2026041504022706,SHEL,6,28,500,336.2,168100.0,Agrawal Securities (PVT) Ltd.,Shree Krishna Securities Ltd.,2026-04-15 13:47:00.701208
2026041504022794,SHEL,13,42,426,337.0,143562.0,Thrive Brokerage House Pvt. Ltd,Sani Securities Company Ltd.,2026-04-15 13:47:59.005574
2026041504022795,SHEL,13,22,25,337.0,8425.0,Thrive Brokerage House Pvt. Ltd,Siprabi Securities Pvt. Ltd.,2026-04-15 13:47:59.006639
2026041504022796,SHEL,13,19,11,337.0,3707.0,Thrive Brokerage House Pvt. Ltd,Nepal Investment And Securities Trading Private Limited,2026-04-15 13:47:59.007532
2026041504022797,SHEL,13,11,288,337.0,97056.0,Thrive Brokerage House Pvt. Ltd,Malla & Malla Stock Broking Company Pvt. Limited,2026-04-15 13:47:59.008371
2026041504022805,SHEL,14,36,100,336.2,33620.0,Nepal Stock House (PVT) Ltd.,Secured Securities Ltd.,2026-04-15 13:48:08.425179
2026041504022836,SHEL,14,42,18,336.2,6051.6,Nepal Stock House (PVT) Ltd.,Sani Securities Company Ltd.,2026-04-15 13:48:20.111116
2026041504022933,SHEL,14,58,21,336.2,7060.2,Nepal Stock House (PVT) Ltd.,Naasa Securities Co. Ltd.,2026-04-15 13:49:05.147805
2026041504022994,SHEL,42,11,78,337.0,26286.0,Sani Securities Company Ltd.,Malla & Malla Stock Broking Company Pvt. Limited,2026-04-15 13:49:43.380411
2026041504022995,SHEL,42,16,21,337.0,7077.0,Sani Securities Company Ltd.,Primo Securities (PVT) Ltd.,2026-04-15 13:49:43.381395
2026041504022996,SHEL,42,1,150,337.0,50550.0,Sani Securities Company Ltd.,Kumari Securities Private Limited,2026-04-15 13:49:43.382084
2026041504023081,SHEL,42,96,315,337.0,106155.0,Sani Securities Company Ltd.,Himalayan Securities Limited,2026-04-15 13:50:23.612334
2026041504023104,SHEL,42,34,21,337.0,7077.0,Sani Securities Company Ltd.,Vision Securities Pvt. Ltd,2026-04-15 13:50:30.235029
2026041504023318,SHEL,42,42,100,337.4,33740.0,Sani Securities Company Ltd.,Sani Securities Company Ltd.,2026-04-15 13:52:06.591627
2026041504023319,SHEL,42,36,220,337.6,74272.0,Sani Securities Company Ltd.,Secured Securities Ltd.,2026-04-15 13:52:06.592140
2026041504023320,SHEL,42,28,95,337.8,32091.0,Sani Securities Company Ltd.,Shree Krishna Securities Ltd.,2026-04-15 13:52:06.592383
2026041504023392,SHEL,14,19,361,337.1,121693.1,Nepal Stock House (PVT) Ltd.,Nepal Investment And Securities Trading Private Limited,2026-04-15 13:52:37.841487
2026041504023393,SHEL,37,19,139,337.0,46843.0,Swarna Laxmi Securities Pvt. Ltd.,Nepal Investment And Securities Trading Private Limited,2026-04-15 13:52:37.842439
2026041504023442,SHEL,18,28,70,337.9,23653.0,Sagarmatha Securities Private Limited,Shree Krishna Securities Ltd.,2026-04-15 13:52:52.665049
2026041504023443,SHEL,18,57,10,338.0,3380.0,Sagarmatha Securities Private Limited,Aryatara Investment & Securities,2026-04-15 13:52:52.665175
2026041504023635,SHEL,37,58,101,337.0,34037.0,Swarna Laxmi Securities Pvt. Ltd.,Naasa Securities Co. Ltd.,2026-04-15 13:54:03.702669
2026041504023636,SHEL,42,58,486,337.0,163782.0,Sani Securities Company Ltd.,Naasa Securities Co. Ltd.,2026-04-15 13:54:03.703608
2026041504023692,SHEL,49,58,33,337.0,11121.0,Online Securities Pvt. Ltd.,Naasa Securities Co. Ltd.,2026-04-15 13:54:18.423068
2026041504023693,SHEL,49,41,67,337.0,22579.0,Online Securities Pvt. Ltd.,Linch Stock Market Ltd.,2026-04-15 13:54:18.423640
2026041504023758,SHEL,16,41,183,337.0,61671.0,Primo Securities (PVT) Ltd.,Linch Stock Market Ltd.,2026-04-15 13:54:40.713581
2026041504023759,SHEL,16,49,10,337.0,3370.0,Primo Securities (PVT) Ltd.,Online Securities Pvt. Ltd.,2026-04-15 13:54:40.714543
2026041504023769,SHEL,16,35,17,337.0,5729.0,Primo Securities (PVT) Ltd.,Kohinoor Investment & Securities Pvt. Ltd.,2026-04-15 13:54:53.144077
2026041504023818,SHEL,16,54,42,337.0,14154.0,Primo Securities (PVT) Ltd.,Sewa Securities Pvt. Ltd.,2026-04-15 13:55:13.583766
2026041504023820,SHEL,16,17,368,337.0,124016.0,Primo Securities (PVT) Ltd.,ABC Securities Private Limited,2026-04-15 13:55:14.498162
2026041504023834,SHEL,45,19,8,336.0,2688.0,Imperial Securities Company Pvt. Ltd.,Nepal Investment And Securities Trading Private Limited,2026-04-15 13:55:24.844494
2026041504023851,SHEL,34,47,10,336.5,3365.0,Vision Securities Pvt. Ltd,Neev Securities Pvt. Ltd.,2026-04-15 13:55:37.674240
2026041504023865,SHEL,45,34,4,336.0,1344.0,Imperial Securities Company Pvt. Ltd.,Vision Securities Pvt. Ltd,2026-04-15 13:55:41.297955
2026041504023958,SHEL,61,17,132,337.0,44484.0,BHOLE GANESH SECURITIES LTD,ABC Securities Private Limited,2026-04-15 13:56:48.428707
2026041504023959,SHEL,61,22,21,337.0,7077.0,BHOLE GANESH SECURITIES LTD,Siprabi Securities Pvt. Ltd.,2026-04-15 13:56:48.429254
