contractId,stockSymbol,buyerMemberId,sellerMemberId,quantity,rate,amount,businessDate,tradeBookId,stockId,buyerBrokerName,sellerBrokerName,transaction_time,securityName
2026041504001403,SHL,4,44,200,505.0,101000.0,2026-04-15,186295776,147,Opal Securities Investment (PVT) Ltd.,Dynamic Money Managers Securities Pvt. Ltd.,2026-04-15 11:12:04.373398,Soaltee Hotel Limited
2026041504001404,SHL,11,44,100,505.0,50500.0,2026-04-15,186295777,147,Malla & Malla Stock Broking Company Pvt. Limited,Dynamic Money Managers Securities Pvt. Ltd.,2026-04-15 11:12:04.373536,Soaltee Hotel Limited
2026041504001521,SHL,14,44,100,507.8,50780.0,2026-04-15,186296574,147,Nepal Stock House (PVT) Ltd.,Dynamic Money Managers Securities Pvt. Ltd.,2026-04-15 11:13:03.484376,Soaltee Hotel Limited
2026041504001798,SHL,58,44,109,506.0,55154.0,2026-04-15,186298442,147,Naasa Securities Co. Ltd.,Dynamic Money Managers Securities Pvt. Ltd.,2026-04-15 11:15:34.279762,Soaltee Hotel Limited
2026041504001850,SHL,4,11,100,503.0,50300.0,2026-04-15,186298765,147,Opal Securities Investment (PVT) Ltd.,Malla & Malla Stock Broking Company Pvt. Limited,2026-04-15 11:15:56.635216,Soaltee Hotel Limited
2026041504002848,SHL,44,44,100,506.0,50600.0,2026-04-15,186306120,147,Dynamic Money Managers Securities Pvt. Ltd.,Dynamic Money Managers Securities Pvt. Ltd.,2026-04-15 11:24:14.345115,Soaltee Hotel Limited
2026041504002877,SHL,36,44,100,507.8,50780.0,2026-04-15,186306411,147,Secured Securities Ltd.,Dynamic Money Managers Securities Pvt. Ltd.,2026-04-15 11:24:33.024978,Soaltee Hotel Limited
2026041504003109,SHL,47,26,100,508.0,50800.0,2026-04-15,186308957,147,Neev Securities Pvt. Ltd.,Asian Securities Private Ltd.,2026-04-15 11:26:54.281462,Soaltee Hotel Limited
2026041504003110,SHL,47,16,250,508.0,127000.0,2026-04-15,186308959,147,Neev Securities Pvt. Ltd.,Primo Securities (PVT) Ltd.,2026-04-15 11:26:54.281541,Soaltee Hotel Limited
2026041504004076,SHL,36,58,50,507.8,25390.0,2026-04-15,186317191,147,Secured Securities Ltd.,Naasa Securities Co. Ltd.,2026-04-15 11:35:03.605466,Soaltee Hotel Limited
2026041504004380,SHL,58,58,3,518.1,1554.3,2026-04-15,186319471,147,Naasa Securities Co. Ltd.,Naasa Securities Co. Ltd.,2026-04-15 11:37:24.314944,Soaltee Hotel Limited
2026041504004816,SHL,33,58,587,505.0,296435.0,2026-04-15,186322883,147,Dakshinkali Investment & Securities Pvt. Ltd.,Naasa Securities Co. Ltd.,2026-04-15 11:41:09.684896,Soaltee Hotel Limited
2026041504004839,SHL,42,10,7,500.0,3500.0,2026-04-15,186323101,147,Sani Securities Company Ltd.,Pragyan Securities (PVT) Ltd.,2026-04-15 11:41:25.408922,Soaltee Hotel Limited
2026041504006176,SHL,48,44,100,508.0,50800.0,2026-04-15,186332954,147,Trishakti Securities Public Limited,Dynamic Money Managers Securities Pvt. Ltd.,2026-04-15 11:50:11.382339,Soaltee Hotel Limited
2026041504006930,SHL,42,21,20,505.0,10100.0,2026-04-15,186339985,147,Sani Securities Company Ltd.,Midas Stock Broking Company Private Limited,2026-04-15 11:54:43.084165,Soaltee Hotel Limited
2026041504007419,SHL,11,44,100,508.0,50800.0,2026-04-15,186343114,147,Malla & Malla Stock Broking Company Pvt. Limited,Dynamic Money Managers Securities Pvt. Ltd.,2026-04-15 11:57:10.154323,Soaltee Hotel Limited
2026041504008356,SHL,58,16,100,508.0,50800.0,2026-04-15,186349222,147,Naasa Securities Co. Ltd.,Primo Securities (PVT) Ltd.,2026-04-15 12:01:48.693585,Soaltee Hotel Limited
2026041504009393,SHL,58,49,100,508.0,50800.0,2026-04-15,186355283,147,Naasa Securities Co. Ltd.,Online Securities Pvt. Ltd.,2026-04-15 12:07:17.727538,Soaltee Hotel Limited
2026041504009652,SHL,76,58,200,509.0,101800.0,2026-04-15,186357004,147,Machhapuchchhre Securities Limited,Naasa Securities Co. Ltd.,2026-04-15 12:09:02.669153,Soaltee Hotel Limited
2026041504009823,SHL,42,42,20,501.0,10020.0,2026-04-15,186358035,147,Sani Securities Company Ltd.,Sani Securities Company Ltd.,2026-04-15 12:10:09.572207,Soaltee Hotel Limited
2026041504010154,SHL,70,58,300,509.0,152700.0,2026-04-15,186360095,147,Infinity Securities Limited,Naasa Securities Co. Ltd.,2026-04-15 12:12:35.661492,Soaltee Hotel Limited
2026041504010155,SHL,70,100,100,509.0,50900.0,2026-04-15,186360097,147,Infinity Securities Limited,Sunrise Securities Limited,2026-04-15 12:12:35.661595,Soaltee Hotel Limited
2026041504010156,SHL,70,16,100,509.0,50900.0,2026-04-15,186360099,147,Infinity Securities Limited,Primo Securities (PVT) Ltd.,2026-04-15 12:12:35.661663,Soaltee Hotel Limited
2026041504010157,SHL,70,29,400,510.0,204000.0,2026-04-15,186360101,147,Infinity Securities Limited,Trisul Securities & Invt. Ltd.,2026-04-15 12:12:35.661712,Soaltee Hotel Limited
2026041504010158,SHL,70,16,127,510.0,64770.0,2026-04-15,186360103,147,Infinity Securities Limited,Primo Securities (PVT) Ltd.,2026-04-15 12:12:35.661756,Soaltee Hotel Limited
2026041504010159,SHL,70,25,100,510.0,51000.0,2026-04-15,186360105,147,Infinity Securities Limited,Sweta Securities Private Limited,2026-04-15 12:12:35.661800,Soaltee Hotel Limited
2026041504010160,SHL,70,58,305,510.0,155550.0,2026-04-15,186360107,147,Infinity Securities Limited,Naasa Securities Co. Ltd.,2026-04-15 12:12:35.661843,Soaltee Hotel Limited
2026041504010161,SHL,70,58,617,510.0,314670.0,2026-04-15,186360109,147,Infinity Securities Limited,Naasa Securities Co. Ltd.,2026-04-15 12:12:35.661884,Soaltee Hotel Limited
2026041504010244,SHL,43,45,500,510.1,255050.0,2026-04-15,186360801,147,South Asian Bulls Pvt. Ltd.,Imperial Securities Company Pvt. Ltd.,2026-04-15 12:13:18.867046,Soaltee Hotel Limited
2026041504010245,SHL,43,44,300,512.8,153840.0,2026-04-15,186360803,147,South Asian Bulls Pvt. Ltd.,Dynamic Money Managers Securities Pvt. Ltd.,2026-04-15 12:13:18.867079,Soaltee Hotel Limited
2026041504010246,SHL,43,1,300,513.0,153900.0,2026-04-15,186360805,147,South Asian Bulls Pvt. Ltd.,Kumari Securities Private Limited,2026-04-15 12:13:18.867115,Soaltee Hotel Limited
2026041504010247,SHL,43,32,1000,513.0,513000.0,2026-04-15,186360807,147,South Asian Bulls Pvt. Ltd.,Premier Securities Company Ltd.,2026-04-15 12:13:18.867150,Soaltee Hotel Limited
2026041504010248,SHL,43,13,500,515.0,257500.0,2026-04-15,186360809,147,South Asian Bulls Pvt. Ltd.,Thrive Brokerage House Pvt. Ltd,2026-04-15 12:13:18.867174,Soaltee Hotel Limited
2026041504010249,SHL,43,16,800,515.0,412000.0,2026-04-15,186360812,147,South Asian Bulls Pvt. Ltd.,Primo Securities (PVT) Ltd.,2026-04-15 12:13:18.867194,Soaltee Hotel Limited
2026041504010799,SHL,43,58,200,513.0,102600.0,2026-04-15,186365037,147,South Asian Bulls Pvt. Ltd.,Naasa Securities Co. Ltd.,2026-04-15 12:15:55.989655,Soaltee Hotel Limited
2026041504010800,SHL,43,65,500,513.5,256750.0,2026-04-15,186365039,147,South Asian Bulls Pvt. Ltd.,Sharepro Securities Private Limited,2026-04-15 12:15:55.989740,Soaltee Hotel Limited
2026041504010801,SHL,43,7,100,513.9,51390.0,2026-04-15,186365042,147,South Asian Bulls Pvt. Ltd.,J.F. Securites (PVT) Ltd.,2026-04-15 12:15:55.989807,Soaltee Hotel Limited
2026041504011430,SHL,57,33,100,513.0,51300.0,2026-04-15,186371592,147,Aryatara Investment & Securities,Dakshinkali Investment & Securities Pvt. Ltd.,2026-04-15 12:19:55.842898,Soaltee Hotel Limited
2026041504011567,SHL,101,33,300,513.0,153900.0,2026-04-15,186372384,147,APPLE SECURITIES PRIVATE LIMITED,Dakshinkali Investment & Securities Pvt. Ltd.,2026-04-15 12:20:38.687266,Soaltee Hotel Limited
2026041504013082,SHL,58,42,10,505.0,5050.0,2026-04-15,186382477,147,Naasa Securities Co. Ltd.,Sani Securities Company Ltd.,2026-04-15 12:28:31.857834,Soaltee Hotel Limited
2026041504013324,SHL,57,54,100,512.0,51200.0,2026-04-15,186384017,147,Aryatara Investment & Securities,Sewa Securities Pvt. Ltd.,2026-04-15 12:29:54.718894,Soaltee Hotel Limited
2026041504013744,SHL,41,54,101,510.1,51520.1,2026-04-15,186386373,147,Linch Stock Market Ltd.,Sewa Securities Pvt. Ltd.,2026-04-15 12:32:04.793806,Soaltee Hotel Limited
2026041504014898,SHL,1,6,63,505.0,31815.0,2026-04-15,186396731,147,Kumari Securities Private Limited,Agrawal Securities (PVT) Ltd.,2026-04-15 12:40:47.793075,Soaltee Hotel Limited
2026041504015204,SHL,32,57,115,511.0,58765.0,2026-04-15,186398793,147,Premier Securities Company Ltd.,Aryatara Investment & Securities,2026-04-15 12:42:38.474484,Soaltee Hotel Limited
2026041504015473,SHL,4,4,100,512.9,51290.0,2026-04-15,186401039,147,Opal Securities Investment (PVT) Ltd.,Opal Securities Investment (PVT) Ltd.,2026-04-15 12:44:58.725130,Soaltee Hotel Limited
2026041504015666,SHL,48,6,100,513.0,51300.0,2026-04-15,186402898,147,Trishakti Securities Public Limited,Agrawal Securities (PVT) Ltd.,2026-04-15 12:46:55.344551,Soaltee Hotel Limited
2026041504015730,SHL,47,6,430,513.0,220590.0,2026-04-15,186403447,147,Neev Securities Pvt. Ltd.,Agrawal Securities (PVT) Ltd.,2026-04-15 12:47:27.178996,Soaltee Hotel Limited
2026041504015795,SHL,58,34,100,513.0,51300.0,2026-04-15,186403797,147,Naasa Securities Co. Ltd.,Vision Securities Pvt. Ltd,2026-04-15 12:47:52.589929,Soaltee Hotel Limited
2026041504015796,SHL,58,83,400,513.0,205200.0,2026-04-15,186403800,147,Naasa Securities Co. Ltd.,Sanima Securities Limited,2026-04-15 12:47:52.590266,Soaltee Hotel Limited
2026041504015992,SHL,47,34,100,513.9,51390.0,2026-04-15,186405219,147,Neev Securities Pvt. Ltd.,Vision Securities Pvt. Ltd,2026-04-15 12:49:27.349460,Soaltee Hotel Limited
2026041504015993,SHL,47,56,100,513.9,51390.0,2026-04-15,186405222,147,Neev Securities Pvt. Ltd.,Sri Hari Securities Pvt. Ltd.,2026-04-15 12:49:27.349613,Soaltee Hotel Limited
2026041504016049,SHL,70,65,3192,514.0,1640688.0,2026-04-15,186405507,147,Infinity Securities Limited,Sharepro Securities Private Limited,2026-04-15 12:49:42.976187,Soaltee Hotel Limited
2026041504016050,SHL,70,58,800,514.0,411200.0,2026-04-15,186405509,147,Infinity Securities Limited,Naasa Securities Co. Ltd.,2026-04-15 12:49:42.976533,Soaltee Hotel Limited
2026041504016051,SHL,70,77,4562,514.8,2348517.6,2026-04-15,186405511,147,Infinity Securities Limited,Nabil Stock Dealer Ltd.,2026-04-15 12:49:42.976766,Soaltee Hotel Limited
2026041504016052,SHL,70,66,5945,514.9,3061080.5,2026-04-15,186405513,147,Infinity Securities Limited,Miyo Securities Pvt Ltd,2026-04-15 12:49:42.977032,Soaltee Hotel Limited
2026041504016053,SHL,70,16,790,515.0,406850.0,2026-04-15,186405515,147,Infinity Securities Limited,Primo Securities (PVT) Ltd.,2026-04-15 12:49:42.977256,Soaltee Hotel Limited
2026041504016054,SHL,70,4,2000,515.0,1030000.0,2026-04-15,186405517,147,Infinity Securities Limited,Opal Securities Investment (PVT) Ltd.,2026-04-15 12:49:42.977501,Soaltee Hotel Limited
2026041504016055,SHL,70,65,500,515.0,257500.0,2026-04-15,186405519,147,Infinity Securities Limited,Sharepro Securities Private Limited,2026-04-15 12:49:42.977731,Soaltee Hotel Limited
2026041504016056,SHL,70,4,230,515.0,118450.0,2026-04-15,186405521,147,Infinity Securities Limited,Opal Securities Investment (PVT) Ltd.,2026-04-15 12:49:42.977944,Soaltee Hotel Limited
2026041504016057,SHL,70,4,230,515.0,118450.0,2026-04-15,186405523,147,Infinity Securities Limited,Opal Securities Investment (PVT) Ltd.,2026-04-15 12:49:42.978165,Soaltee Hotel Limited
2026041504016058,SHL,70,4,115,515.0,59225.0,2026-04-15,186405525,147,Infinity Securities Limited,Opal Securities Investment (PVT) Ltd.,2026-04-15 12:49:42.978372,Soaltee Hotel Limited
2026041504016059,SHL,70,4,115,515.0,59225.0,2026-04-15,186405527,147,Infinity Securities Limited,Opal Securities Investment (PVT) Ltd.,2026-04-15 12:49:42.978556,Soaltee Hotel Limited
2026041504016060,SHL,70,4,120,515.0,61800.0,2026-04-15,186405529,147,Infinity Securities Limited,Opal Securities Investment (PVT) Ltd.,2026-04-15 12:49:42.978774,Soaltee Hotel Limited
2026041504016061,SHL,70,4,100,515.0,51500.0,2026-04-15,186405531,147,Infinity Securities Limited,Opal Securities Investment (PVT) Ltd.,2026-04-15 12:49:42.978974,Soaltee Hotel Limited
2026041504016062,SHL,70,4,100,515.0,51500.0,2026-04-15,186405533,147,Infinity Securities Limited,Opal Securities Investment (PVT) Ltd.,2026-04-15 12:49:42.979155,Soaltee Hotel Limited
2026041504016063,SHL,70,4,110,515.0,56650.0,2026-04-15,186405535,147,Infinity Securities Limited,Opal Securities Investment (PVT) Ltd.,2026-04-15 12:49:42.979354,Soaltee Hotel Limited
2026041504016064,SHL,70,18,2079,515.0,1070685.0,2026-04-15,186405537,147,Infinity Securities Limited,Sagarmatha Securities Private Limited,2026-04-15 12:49:42.979555,Soaltee Hotel Limited
2026041504016065,SHL,70,75,230,515.0,118450.0,2026-04-15,186405539,147,Infinity Securities Limited,N.I.M.B. Stock Markets Limited,2026-04-15 12:49:42.979730,Soaltee Hotel Limited
2026041504016066,SHL,70,75,100,515.0,51500.0,2026-04-15,186405541,147,Infinity Securities Limited,N.I.M.B. Stock Markets Limited,2026-04-15 12:49:42.979890,Soaltee Hotel Limited
2026041504016067,SHL,70,34,506,515.0,260590.0,2026-04-15,186405543,147,Infinity Securities Limited,Vision Securities Pvt. Ltd,2026-04-15 12:49:42.980077,Soaltee Hotel Limited
2026041504016068,SHL,70,75,345,515.0,177675.0,2026-04-15,186405545,147,Infinity Securities Limited,N.I.M.B. Stock Markets Limited,2026-04-15 12:49:42.980258,Soaltee Hotel Limited
2026041504016069,SHL,70,75,100,515.0,51500.0,2026-04-15,186405547,147,Infinity Securities Limited,N.I.M.B. Stock Markets Limited,2026-04-15 12:49:42.980442,Soaltee Hotel Limited
2026041504016070,SHL,70,75,115,515.0,59225.0,2026-04-15,186405439,147,Infinity Securities Limited,N.I.M.B. Stock Markets Limited,2026-04-15 12:49:42.980597,Soaltee Hotel Limited
2026041504016071,SHL,70,75,230,515.0,118450.0,2026-04-15,186405441,147,Infinity Securities Limited,N.I.M.B. Stock Markets Limited,2026-04-15 12:49:42.980762,Soaltee Hotel Limited
2026041504016072,SHL,70,75,115,515.0,59225.0,2026-04-15,186405443,147,Infinity Securities Limited,N.I.M.B. Stock Markets Limited,2026-04-15 12:49:42.980945,Soaltee Hotel Limited
2026041504016073,SHL,70,75,115,515.0,59225.0,2026-04-15,186405445,147,Infinity Securities Limited,N.I.M.B. Stock Markets Limited,2026-04-15 12:49:42.981119,Soaltee Hotel Limited
2026041504016074,SHL,70,75,380,515.0,195700.0,2026-04-15,186405447,147,Infinity Securities Limited,N.I.M.B. Stock Markets Limited,2026-04-15 12:49:42.981296,Soaltee Hotel Limited
2026041504016075,SHL,70,75,265,515.0,136475.0,2026-04-15,186405449,147,Infinity Securities Limited,N.I.M.B. Stock Markets Limited,2026-04-15 12:49:42.981474,Soaltee Hotel Limited
2026041504016076,SHL,70,75,115,515.0,59225.0,2026-04-15,186405451,147,Infinity Securities Limited,N.I.M.B. Stock Markets Limited,2026-04-15 12:49:42.981640,Soaltee Hotel Limited
2026041504016077,SHL,70,75,115,515.0,59225.0,2026-04-15,186405453,147,Infinity Securities Limited,N.I.M.B. Stock Markets Limited,2026-04-15 12:49:42.981800,Soaltee Hotel Limited
2026041504016078,SHL,70,75,230,515.0,118450.0,2026-04-15,186405455,147,Infinity Securities Limited,N.I.M.B. Stock Markets Limited,2026-04-15 12:49:42.981951,Soaltee Hotel Limited
2026041504016079,SHL,70,48,2000,515.0,1030000.0,2026-04-15,186405457,147,Infinity Securities Limited,Trishakti Securities Public Limited,2026-04-15 12:49:42.982103,Soaltee Hotel Limited
2026041504016080,SHL,70,75,115,515.0,59225.0,2026-04-15,186405459,147,Infinity Securities Limited,N.I.M.B. Stock Markets Limited,2026-04-15 12:49:42.982277,Soaltee Hotel Limited
2026041504016081,SHL,70,75,100,515.0,51500.0,2026-04-15,186405461,147,Infinity Securities Limited,N.I.M.B. Stock Markets Limited,2026-04-15 12:49:42.982446,Soaltee Hotel Limited
2026041504016082,SHL,70,75,150,515.0,77250.0,2026-04-15,186405463,147,Infinity Securities Limited,N.I.M.B. Stock Markets Limited,2026-04-15 12:49:42.982598,Soaltee Hotel Limited
2026041504016083,SHL,70,75,100,515.0,51500.0,2026-04-15,186405465,147,Infinity Securities Limited,N.I.M.B. Stock Markets Limited,2026-04-15 12:49:42.982745,Soaltee Hotel Limited
2026041504016084,SHL,70,75,100,515.0,51500.0,2026-04-15,186405467,147,Infinity Securities Limited,N.I.M.B. Stock Markets Limited,2026-04-15 12:49:42.982904,Soaltee Hotel Limited
2026041504016085,SHL,70,75,200,515.0,103000.0,2026-04-15,186405469,147,Infinity Securities Limited,N.I.M.B. Stock Markets Limited,2026-04-15 12:49:42.983072,Soaltee Hotel Limited
2026041504016086,SHL,70,39,100,515.0,51500.0,2026-04-15,186405471,147,Infinity Securities Limited,Sumeru Securities Pvt. Ltd.,2026-04-15 12:49:42.983235,Soaltee Hotel Limited
2026041504016087,SHL,70,39,115,515.0,59225.0,2026-04-15,186405473,147,Infinity Securities Limited,Sumeru Securities Pvt. Ltd.,2026-04-15 12:49:42.983465,Soaltee Hotel Limited
2026041504016088,SHL,70,43,172,515.0,88580.0,2026-04-15,186405475,147,Infinity Securities Limited,South Asian Bulls Pvt. Ltd.,2026-04-15 12:49:42.983660,Soaltee Hotel Limited
2026041504016089,SHL,70,34,115,515.0,59225.0,2026-04-15,186405477,147,Infinity Securities Limited,Vision Securities Pvt. Ltd,2026-04-15 12:49:42.983876,Soaltee Hotel Limited
2026041504016164,SHL,70,65,20000,515.0,10300000.0,2026-04-15,186406105,147,Infinity Securities Limited,Sharepro Securities Private Limited,2026-04-15 12:50:24.914832,Soaltee Hotel Limited
2026041504016189,SHL,70,65,735,515.0,378525.0,2026-04-15,186406294,147,Infinity Securities Limited,Sharepro Securities Private Limited,2026-04-15 12:50:44.060791,Soaltee Hotel Limited
2026041504016535,SHL,45,26,180,514.9,92682.0,2026-04-15,186409435,147,Imperial Securities Company Pvt. Ltd.,Asian Securities Private Ltd.,2026-04-15 12:53:46.272602,Soaltee Hotel Limited
2026041504016536,SHL,45,52,500,514.9,257450.0,2026-04-15,186409437,147,Imperial Securities Company Pvt. Ltd.,Sundhara Securities Limited,2026-04-15 12:53:46.272728,Soaltee Hotel Limited
2026041504016537,SHL,45,65,4860,515.0,2502900.0,2026-04-15,186409439,147,Imperial Securities Company Pvt. Ltd.,Sharepro Securities Private Limited,2026-04-15 12:53:46.272809,Soaltee Hotel Limited
2026041504016538,SHL,45,56,100,515.0,51500.0,2026-04-15,186409441,147,Imperial Securities Company Pvt. Ltd.,Sri Hari Securities Pvt. Ltd.,2026-04-15 12:53:46.272886,Soaltee Hotel Limited
2026041504016539,SHL,45,32,2000,515.1,1030200.0,2026-04-15,186409443,147,Imperial Securities Company Pvt. Ltd.,Premier Securities Company Ltd.,2026-04-15 12:53:46.272959,Soaltee Hotel Limited
2026041504016540,SHL,45,54,200,515.5,103100.0,2026-04-15,186409445,147,Imperial Securities Company Pvt. Ltd.,Sewa Securities Pvt. Ltd.,2026-04-15 12:53:46.273034,Soaltee Hotel Limited
2026041504016541,SHL,45,32,115,515.5,59282.5,2026-04-15,186409447,147,Imperial Securities Company Pvt. Ltd.,Premier Securities Company Ltd.,2026-04-15 12:53:46.273107,Soaltee Hotel Limited
2026041504016542,SHL,45,49,500,515.9,257950.0,2026-04-15,186409449,147,Imperial Securities Company Pvt. Ltd.,Online Securities Pvt. Ltd.,2026-04-15 12:53:46.273207,Soaltee Hotel Limited
2026041504016543,SHL,45,56,1035,516.0,534060.0,2026-04-15,186409451,147,Imperial Securities Company Pvt. Ltd.,Sri Hari Securities Pvt. Ltd.,2026-04-15 12:53:46.273290,Soaltee Hotel Limited
2026041504016544,SHL,45,32,400,516.0,206400.0,2026-04-15,186409453,147,Imperial Securities Company Pvt. Ltd.,Premier Securities Company Ltd.,2026-04-15 12:53:46.273384,Soaltee Hotel Limited
2026041504016545,SHL,45,50,500,516.0,258000.0,2026-04-15,186409455,147,Imperial Securities Company Pvt. Ltd.,Cristal Kanchanjanga Securites Pvt. Ltd.,2026-04-15 12:53:46.273455,Soaltee Hotel Limited
2026041504016546,SHL,45,38,100,517.0,51700.0,2026-04-15,186409457,147,Imperial Securities Company Pvt. Ltd.,Dipshikha Dhitopatra Karobar Co. Pvt Ltd.,2026-04-15 12:53:46.273532,Soaltee Hotel Limited
2026041504016547,SHL,45,65,500,517.0,258500.0,2026-04-15,186409459,147,Imperial Securities Company Pvt. Ltd.,Sharepro Securities Private Limited,2026-04-15 12:53:46.273606,Soaltee Hotel Limited
2026041504016548,SHL,45,39,200,517.0,103400.0,2026-04-15,186409461,147,Imperial Securities Company Pvt. Ltd.,Sumeru Securities Pvt. Ltd.,2026-04-15 12:53:46.273677,Soaltee Hotel Limited
2026041504016549,SHL,45,5,100,518.0,51800.0,2026-04-15,186409463,147,Imperial Securities Company Pvt. Ltd.,Market Securities & Exchange (PVT) Ltd.,2026-04-15 12:53:46.273767,Soaltee Hotel Limited
2026041504016550,SHL,45,35,100,518.0,51800.0,2026-04-15,186409465,147,Imperial Securities Company Pvt. Ltd.,Kohinoor Investment & Securities Pvt. Ltd.,2026-04-15 12:53:46.273837,Soaltee Hotel Limited
2026041504016551,SHL,45,54,100,518.0,51800.0,2026-04-15,186409467,147,Imperial Securities Company Pvt. Ltd.,Sewa Securities Pvt. Ltd.,2026-04-15 12:53:46.273908,Soaltee Hotel Limited
2026041504016552,SHL,45,29,500,518.0,259000.0,2026-04-15,186409469,147,Imperial Securities Company Pvt. Ltd.,Trisul Securities & Invt. Ltd.,2026-04-15 12:53:46.273976,Soaltee Hotel Limited
2026041504016553,SHL,45,41,166,518.0,85988.0,2026-04-15,186409471,147,Imperial Securities Company Pvt. Ltd.,Linch Stock Market Ltd.,2026-04-15 12:53:46.274047,Soaltee Hotel Limited
2026041504016554,SHL,45,11,300,518.0,155400.0,2026-04-15,186409473,147,Imperial Securities Company Pvt. Ltd.,Malla & Malla Stock Broking Company Pvt. Limited,2026-04-15 12:53:46.274129,Soaltee Hotel Limited
2026041504016555,SHL,45,32,1000,518.0,518000.0,2026-04-15,186409475,147,Imperial Securities Company Pvt. Ltd.,Premier Securities Company Ltd.,2026-04-15 12:53:46.274190,Soaltee Hotel Limited
2026041504016556,SHL,45,25,100,518.0,51800.0,2026-04-15,186409477,147,Imperial Securities Company Pvt. Ltd.,Sweta Securities Private Limited,2026-04-15 12:53:46.274252,Soaltee Hotel Limited
2026041504016557,SHL,45,19,400,518.0,207200.0,2026-04-15,186409343,147,Imperial Securities Company Pvt. Ltd.,Nepal Investment And Securities Trading Private Limited,2026-04-15 12:53:46.274325,Soaltee Hotel Limited
2026041504016558,SHL,45,38,110,518.0,56980.0,2026-04-15,186409345,147,Imperial Securities Company Pvt. Ltd.,Dipshikha Dhitopatra Karobar Co. Pvt Ltd.,2026-04-15 12:53:46.274389,Soaltee Hotel Limited
2026041504016559,SHL,45,26,500,518.1,259050.0,2026-04-15,186409347,147,Imperial Securities Company Pvt. Ltd.,Asian Securities Private Ltd.,2026-04-15 12:53:46.274459,Soaltee Hotel Limited
2026041504016560,SHL,45,45,124,518.1,64244.4,2026-04-15,186409349,147,Imperial Securities Company Pvt. Ltd.,Imperial Securities Company Pvt. Ltd.,2026-04-15 12:53:46.274527,Soaltee Hotel Limited
2026041504016561,SHL,45,32,1000,519.0,519000.0,2026-04-15,186409351,147,Imperial Securities Company Pvt. Ltd.,Premier Securities Company Ltd.,2026-04-15 12:53:46.274608,Soaltee Hotel Limited
2026041504016562,SHL,45,66,100,519.0,51900.0,2026-04-15,186409353,147,Imperial Securities Company Pvt. Ltd.,Miyo Securities Pvt Ltd,2026-04-15 12:53:46.274672,Soaltee Hotel Limited
2026041504016563,SHL,45,1,200,520.0,104000.0,2026-04-15,186409355,147,Imperial Securities Company Pvt. Ltd.,Kumari Securities Private Limited,2026-04-15 12:53:46.274765,Soaltee Hotel Limited
2026041504016564,SHL,45,36,935,520.0,486200.0,2026-04-15,186409357,147,Imperial Securities Company Pvt. Ltd.,Secured Securities Ltd.,2026-04-15 12:53:46.274844,Soaltee Hotel Limited
2026041504016565,SHL,45,65,500,520.0,260000.0,2026-04-15,186409359,147,Imperial Securities Company Pvt. Ltd.,Sharepro Securities Private Limited,2026-04-15 12:53:46.274913,Soaltee Hotel Limited
2026041504016566,SHL,45,70,506,520.0,263120.0,2026-04-15,186409361,147,Imperial Securities Company Pvt. Ltd.,Infinity Securities Limited,2026-04-15 12:53:46.274982,Soaltee Hotel Limited
2026041504016567,SHL,45,40,400,520.0,208000.0,2026-04-15,186409363,147,Imperial Securities Company Pvt. Ltd.,Creative Securities Pvt Ltd,2026-04-15 12:53:46.275050,Soaltee Hotel Limited
2026041504016568,SHL,45,57,490,520.0,254800.0,2026-04-15,186409365,147,Imperial Securities Company Pvt. Ltd.,Aryatara Investment & Securities,2026-04-15 12:53:46.275118,Soaltee Hotel Limited
2026041504016569,SHL,45,40,500,520.0,260000.0,2026-04-15,186409367,147,Imperial Securities Company Pvt. Ltd.,Creative Securities Pvt Ltd,2026-04-15 12:53:46.275185,Soaltee Hotel Limited
2026041504016570,SHL,45,8,1000,520.3,520300.0,2026-04-15,186409369,147,Imperial Securities Company Pvt. Ltd.,Brilliant Securities Pvt. Ltd.,2026-04-15 12:53:46.275259,Soaltee Hotel Limited
2026041504016571,SHL,45,10,100,520.9,52090.0,2026-04-15,186409371,147,Imperial Securities Company Pvt. Ltd.,Pragyan Securities (PVT) Ltd.,2026-04-15 12:53:46.275357,Soaltee Hotel Limited
2026041504016572,SHL,45,58,100,521.2,52120.0,2026-04-15,186409373,147,Imperial Securities Company Pvt. Ltd.,Naasa Securities Co. Ltd.,2026-04-15 12:53:46.275430,Soaltee Hotel Limited
2026041504016573,SHL,45,16,500,522.0,261000.0,2026-04-15,186409375,147,Imperial Securities Company Pvt. Ltd.,Primo Securities (PVT) Ltd.,2026-04-15 12:53:46.275503,Soaltee Hotel Limited
2026041504016574,SHL,45,52,782,522.0,408204.0,2026-04-15,186409377,147,Imperial Securities Company Pvt. Ltd.,Sundhara Securities Limited,2026-04-15 12:53:46.275573,Soaltee Hotel Limited
2026041504016575,SHL,45,13,100,522.0,52200.0,2026-04-15,186409379,147,Imperial Securities Company Pvt. Ltd.,Thrive Brokerage House Pvt. Ltd,2026-04-15 12:53:46.275641,Soaltee Hotel Limited
2026041504016576,SHL,45,4,100,522.2,52220.0,2026-04-15,186409381,147,Imperial Securities Company Pvt. Ltd.,Opal Securities Investment (PVT) Ltd.,2026-04-15 12:53:46.275713,Soaltee Hotel Limited
2026041504016577,SHL,45,81,100,523.0,52300.0,2026-04-15,186409383,147,Imperial Securities Company Pvt. Ltd.,Aakashbhairab Securities Ltd.,2026-04-15 12:53:46.275784,Soaltee Hotel Limited
2026041504016578,SHL,45,16,1000,523.0,523000.0,2026-04-15,186409385,147,Imperial Securities Company Pvt. Ltd.,Primo Securities (PVT) Ltd.,2026-04-15 12:53:46.275855,Soaltee Hotel Limited
2026041504016579,SHL,45,63,100,523.0,52300.0,2026-04-15,186409387,147,Imperial Securities Company Pvt. Ltd.,Himalayan Brokerage Company Limited,2026-04-15 12:53:46.275925,Soaltee Hotel Limited
2026041504016580,SHL,45,41,207,523.2,108302.4,2026-04-15,186409389,147,Imperial Securities Company Pvt. Ltd.,Linch Stock Market Ltd.,2026-04-15 12:53:46.275996,Soaltee Hotel Limited
2026041504016581,SHL,45,17,920,523.2,481344.0,2026-04-15,186409391,147,Imperial Securities Company Pvt. Ltd.,ABC Securities Private Limited,2026-04-15 12:53:46.276063,Soaltee Hotel Limited
2026041504016582,SHL,45,25,1000,523.2,523200.0,2026-04-15,186409393,147,Imperial Securities Company Pvt. Ltd.,Sweta Securities Private Limited,2026-04-15 12:53:46.276131,Soaltee Hotel Limited
2026041504016583,SHL,45,45,500,523.2,261600.0,2026-04-15,186409395,147,Imperial Securities Company Pvt. Ltd.,Imperial Securities Company Pvt. Ltd.,2026-04-15 12:53:46.276202,Soaltee Hotel Limited
2026041504016584,SHL,45,57,100,524.0,52400.0,2026-04-15,186409397,147,Imperial Securities Company Pvt. Ltd.,Aryatara Investment & Securities,2026-04-15 12:53:46.276273,Soaltee Hotel Limited
2026041504016585,SHL,45,56,196,524.0,102704.0,2026-04-15,186409399,147,Imperial Securities Company Pvt. Ltd.,Sri Hari Securities Pvt. Ltd.,2026-04-15 12:53:46.276358,Soaltee Hotel Limited
2026041504016586,SHL,45,8,1000,524.1,524100.0,2026-04-15,186409401,147,Imperial Securities Company Pvt. Ltd.,Brilliant Securities Pvt. Ltd.,2026-04-15 12:53:46.276429,Soaltee Hotel Limited
2026041504016587,SHL,45,42,477,524.1,249995.7,2026-04-15,186409403,147,Imperial Securities Company Pvt. Ltd.,Sani Securities Company Ltd.,2026-04-15 12:53:46.276491,Soaltee Hotel Limited
2026041504016588,SHL,45,17,300,525.0,157500.0,2026-04-15,186409405,147,Imperial Securities Company Pvt. Ltd.,ABC Securities Private Limited,2026-04-15 12:53:46.276561,Soaltee Hotel Limited
2026041504016589,SHL,45,52,585,525.0,307125.0,2026-04-15,186409407,147,Imperial Securities Company Pvt. Ltd.,Sundhara Securities Limited,2026-04-15 12:53:46.276629,Soaltee Hotel Limited
2026041504016590,SHL,45,48,115,525.0,60375.0,2026-04-15,186409409,147,Imperial Securities Company Pvt. Ltd.,Trishakti Securities Public Limited,2026-04-15 12:53:46.276695,Soaltee Hotel Limited
2026041504016591,SHL,45,33,500,525.0,262500.0,2026-04-15,186409411,147,Imperial Securities Company Pvt. Ltd.,Dakshinkali Investment & Securities Pvt. Ltd.,2026-04-15 12:53:46.276760,Soaltee Hotel Limited
2026041504016592,SHL,45,45,1000,525.3,525300.0,2026-04-15,186409413,147,Imperial Securities Company Pvt. Ltd.,Imperial Securities Company Pvt. Ltd.,2026-04-15 12:53:46.276830,Soaltee Hotel Limited
2026041504016593,SHL,45,58,260,525.3,136578.0,2026-04-15,186409415,147,Imperial Securities Company Pvt. Ltd.,Naasa Securities Co. Ltd.,2026-04-15 12:53:46.276908,Soaltee Hotel Limited
2026041504016594,SHL,45,26,385,525.3,202240.5,2026-04-15,186409418,147,Imperial Securities Company Pvt. Ltd.,Asian Securities Private Ltd.,2026-04-15 12:53:46.276976,Soaltee Hotel Limited
2026041504016647,SHL,45,4,200,520.0,104000.0,2026-04-15,186409889,147,Imperial Securities Company Pvt. Ltd.,Opal Securities Investment (PVT) Ltd.,2026-04-15 12:54:14.444427,Soaltee Hotel Limited
2026041504016648,SHL,45,26,115,525.3,60409.5,2026-04-15,186409891,147,Imperial Securities Company Pvt. Ltd.,Asian Securities Private Ltd.,2026-04-15 12:54:14.444513,Soaltee Hotel Limited
2026041504016649,SHL,45,50,185,535.0,98975.0,2026-04-15,186409894,147,Imperial Securities Company Pvt. Ltd.,Cristal Kanchanjanga Securites Pvt. Ltd.,2026-04-15 12:54:14.444534,Soaltee Hotel Limited
2026041504016839,SHL,33,17,100,524.3,52430.0,2026-04-15,186411394,147,Dakshinkali Investment & Securities Pvt. Ltd.,ABC Securities Private Limited,2026-04-15 12:55:38.814829,Soaltee Hotel Limited
2026041504016947,SHL,45,17,100,523.9,52390.0,2026-04-15,186412302,147,Imperial Securities Company Pvt. Ltd.,ABC Securities Private Limited,2026-04-15 12:56:37.086654,Soaltee Hotel Limited
2026041504016994,SHL,34,17,200,523.9,104780.0,2026-04-15,186412560,147,Vision Securities Pvt. Ltd,ABC Securities Private Limited,2026-04-15 12:56:52.780101,Soaltee Hotel Limited
2026041504017189,SHL,59,35,150,517.1,77565.0,2026-04-15,186414243,147,Deevyaa Securities & Stock House Pvt. Ltd,Kohinoor Investment & Securities Pvt. Ltd.,2026-04-15 12:58:18.860819,Soaltee Hotel Limited
2026041504017207,SHL,4,40,500,520.0,260000.0,2026-04-15,186414414,147,Opal Securities Investment (PVT) Ltd.,Creative Securities Pvt Ltd,2026-04-15 12:58:32.503452,Soaltee Hotel Limited
2026041504017220,SHL,34,42,100,517.0,51700.0,2026-04-15,186414573,147,Vision Securities Pvt. Ltd,Sani Securities Company Ltd.,2026-04-15 12:58:45.968191,Soaltee Hotel Limited
2026041504017236,SHL,22,40,1500,520.0,780000.0,2026-04-15,186414689,147,Siprabi Securities Pvt. Ltd.,Creative Securities Pvt Ltd,2026-04-15 12:58:55.873604,Soaltee Hotel Limited
2026041504017237,SHL,22,32,100,520.0,52000.0,2026-04-15,186414692,147,Siprabi Securities Pvt. Ltd.,Premier Securities Company Ltd.,2026-04-15 12:58:55.873719,Soaltee Hotel Limited
2026041504017247,SHL,21,49,83,511.0,42413.0,2026-04-15,186414807,147,Midas Stock Broking Company Private Limited,Online Securities Pvt. Ltd.,2026-04-15 12:59:05.986191,Soaltee Hotel Limited
2026041504017323,SHL,21,58,12,510.0,6120.0,2026-04-15,186415413,147,Midas Stock Broking Company Private Limited,Naasa Securities Co. Ltd.,2026-04-15 12:59:57.429103,Soaltee Hotel Limited
2026041504017335,SHL,34,17,100,523.4,52340.0,2026-04-15,186415589,147,Vision Securities Pvt. Ltd,ABC Securities Private Limited,2026-04-15 13:00:12.819434,Soaltee Hotel Limited
2026041504017336,SHL,34,26,100,523.5,52350.0,2026-04-15,186415592,147,Vision Securities Pvt. Ltd,Asian Securities Private Ltd.,2026-04-15 13:00:12.819480,Soaltee Hotel Limited
2026041504017419,SHL,58,34,200,523.8,104760.0,2026-04-15,186416183,147,Naasa Securities Co. Ltd.,Vision Securities Pvt. Ltd,2026-04-15 13:00:47.665085,Soaltee Hotel Limited
2026041504017449,SHL,58,14,100,523.8,52380.0,2026-04-15,186416361,147,Naasa Securities Co. Ltd.,Nepal Stock House (PVT) Ltd.,2026-04-15 13:01:02.955308,Soaltee Hotel Limited
2026041504017481,SHL,58,25,200,523.8,104760.0,2026-04-15,186416562,147,Naasa Securities Co. Ltd.,Sweta Securities Private Limited,2026-04-15 13:01:15.068716,Soaltee Hotel Limited
2026041504017495,SHL,66,25,100,523.8,52380.0,2026-04-15,186416731,147,Miyo Securities Pvt Ltd,Sweta Securities Private Limited,2026-04-15 13:01:24.086461,Soaltee Hotel Limited
2026041504017496,SHL,66,51,100,523.9,52390.0,2026-04-15,186416733,147,Miyo Securities Pvt Ltd,Oxford Securities Pvt. Ltd.,2026-04-15 13:01:24.086618,Soaltee Hotel Limited
2026041504017497,SHL,66,40,1800,523.9,943020.0,2026-04-15,186416736,147,Miyo Securities Pvt Ltd,Creative Securities Pvt Ltd,2026-04-15 13:01:24.086697,Soaltee Hotel Limited
2026041504017526,SHL,14,33,100,523.7,52370.0,2026-04-15,186416875,147,Nepal Stock House (PVT) Ltd.,Dakshinkali Investment & Securities Pvt. Ltd.,2026-04-15 13:01:33.735993,Soaltee Hotel Limited
2026041504017669,SHL,35,32,300,523.8,157140.0,2026-04-15,186417623,147,Kohinoor Investment & Securities Pvt. Ltd.,Premier Securities Company Ltd.,2026-04-15 13:02:28.914986,Soaltee Hotel Limited
2026041504017670,SHL,35,56,100,523.8,52380.0,2026-04-15,186417625,147,Kohinoor Investment & Securities Pvt. Ltd.,Sri Hari Securities Pvt. Ltd.,2026-04-15 13:02:28.915147,Soaltee Hotel Limited
2026041504017671,SHL,35,40,400,523.9,209560.0,2026-04-15,186417628,147,Kohinoor Investment & Securities Pvt. Ltd.,Creative Securities Pvt Ltd,2026-04-15 13:02:28.915218,Soaltee Hotel Limited
2026041504017682,SHL,32,54,160,523.5,83760.0,2026-04-15,186417723,147,Premier Securities Company Ltd.,Sewa Securities Pvt. Ltd.,2026-04-15 13:02:37.742804,Soaltee Hotel Limited
2026041504017744,SHL,22,40,800,523.9,419120.0,2026-04-15,186418121,147,Siprabi Securities Pvt. Ltd.,Creative Securities Pvt Ltd,2026-04-15 13:02:55.483862,Soaltee Hotel Limited
2026041504017745,SHL,22,54,100,524.0,52400.0,2026-04-15,186418123,147,Siprabi Securities Pvt. Ltd.,Sewa Securities Pvt. Ltd.,2026-04-15 13:02:55.484147,Soaltee Hotel Limited
2026041504017746,SHL,22,44,201,524.0,105324.0,2026-04-15,186418125,147,Siprabi Securities Pvt. Ltd.,Dynamic Money Managers Securities Pvt. Ltd.,2026-04-15 13:02:55.484359,Soaltee Hotel Limited
2026041504017747,SHL,22,63,100,524.0,52400.0,2026-04-15,186418127,147,Siprabi Securities Pvt. Ltd.,Himalayan Brokerage Company Limited,2026-04-15 13:02:55.484533,Soaltee Hotel Limited
2026041504017748,SHL,22,45,500,524.0,262000.0,2026-04-15,186418129,147,Siprabi Securities Pvt. Ltd.,Imperial Securities Company Pvt. Ltd.,2026-04-15 13:02:55.484698,Soaltee Hotel Limited
2026041504017749,SHL,22,63,100,524.0,52400.0,2026-04-15,186418131,147,Siprabi Securities Pvt. Ltd.,Himalayan Brokerage Company Limited,2026-04-15 13:02:55.484858,Soaltee Hotel Limited
2026041504017750,SHL,22,42,207,524.0,108468.0,2026-04-15,186418133,147,Siprabi Securities Pvt. Ltd.,Sani Securities Company Ltd.,2026-04-15 13:02:55.485021,Soaltee Hotel Limited
2026041504017751,SHL,22,58,115,525.0,60375.0,2026-04-15,186418135,147,Siprabi Securities Pvt. Ltd.,Naasa Securities Co. Ltd.,2026-04-15 13:02:55.485191,Soaltee Hotel Limited
2026041504017752,SHL,22,42,877,525.0,460425.0,2026-04-15,186418138,147,Siprabi Securities Pvt. Ltd.,Sani Securities Company Ltd.,2026-04-15 13:02:55.485365,Soaltee Hotel Limited
2026041504017767,SHL,22,63,200,525.0,105000.0,2026-04-15,186418213,147,Siprabi Securities Pvt. Ltd.,Himalayan Brokerage Company Limited,2026-04-15 13:03:03.062459,Soaltee Hotel Limited
2026041504017768,SHL,22,4,100,525.0,52500.0,2026-04-15,186418215,147,Siprabi Securities Pvt. Ltd.,Opal Securities Investment (PVT) Ltd.,2026-04-15 13:03:03.062597,Soaltee Hotel Limited
2026041504017769,SHL,22,63,200,525.0,105000.0,2026-04-15,186418218,147,Siprabi Securities Pvt. Ltd.,Himalayan Brokerage Company Limited,2026-04-15 13:03:03.062657,Soaltee Hotel Limited
2026041504017786,SHL,32,59,225,523.8,117855.0,2026-04-15,186418343,147,Premier Securities Company Ltd.,Deevyaa Securities & Stock House Pvt. Ltd,2026-04-15 13:03:14.835412,Soaltee Hotel Limited
2026041504017866,SHL,16,14,1632,525.0,856800.0,2026-04-15,186419125,147,Primo Securities (PVT) Ltd.,Nepal Stock House (PVT) Ltd.,2026-04-15 13:04:10.698722,Soaltee Hotel Limited
2026041504018016,SHL,16,33,200,525.0,105000.0,2026-04-15,186420063,147,Primo Securities (PVT) Ltd.,Dakshinkali Investment & Securities Pvt. Ltd.,2026-04-15 13:04:54.344844,Soaltee Hotel Limited
2026041504018019,SHL,16,38,145,525.9,76255.5,2026-04-15,186420109,147,Primo Securities (PVT) Ltd.,Dipshikha Dhitopatra Karobar Co. Pvt Ltd.,2026-04-15 13:04:57.038658,Soaltee Hotel Limited
2026041504018055,SHL,35,25,100,526.5,52650.0,2026-04-15,186420321,147,Kohinoor Investment & Securities Pvt. Ltd.,Sweta Securities Private Limited,2026-04-15 13:05:13.052693,Soaltee Hotel Limited
2026041504018056,SHL,35,29,328,526.8,172790.4,2026-04-15,186420323,147,Kohinoor Investment & Securities Pvt. Ltd.,Trisul Securities & Invt. Ltd.,2026-04-15 13:05:13.052983,Soaltee Hotel Limited
2026041504018057,SHL,35,32,372,526.9,196006.8,2026-04-15,186420326,147,Kohinoor Investment & Securities Pvt. Ltd.,Premier Securities Company Ltd.,2026-04-15 13:05:13.053169,Soaltee Hotel Limited
2026041504018058,SHL,47,32,500,526.9,263450.0,2026-04-15,186420330,147,Neev Securities Pvt. Ltd.,Premier Securities Company Ltd.,2026-04-15 13:05:13.439850,Soaltee Hotel Limited
2026041504018070,SHL,45,32,1128,526.9,594343.2,2026-04-15,186420451,147,Imperial Securities Company Pvt. Ltd.,Premier Securities Company Ltd.,2026-04-15 13:05:20.699832,Soaltee Hotel Limited
2026041504018090,SHL,45,33,100,526.9,52690.0,2026-04-15,186420641,147,Imperial Securities Company Pvt. Ltd.,Dakshinkali Investment & Securities Pvt. Ltd.,2026-04-15 13:05:30.668995,Soaltee Hotel Limited
2026041504018099,SHL,13,42,100,527.0,52700.0,2026-04-15,186420686,147,Thrive Brokerage House Pvt. Ltd,Sani Securities Company Ltd.,2026-04-15 13:05:34.411603,Soaltee Hotel Limited
2026041504018134,SHL,16,42,400,527.0,210800.0,2026-04-15,186421135,147,Primo Securities (PVT) Ltd.,Sani Securities Company Ltd.,2026-04-15 13:05:58.640845,Soaltee Hotel Limited
2026041504018135,SHL,16,63,200,528.0,105600.0,2026-04-15,186421137,147,Primo Securities (PVT) Ltd.,Himalayan Brokerage Company Limited,2026-04-15 13:05:58.641197,Soaltee Hotel Limited
2026041504018136,SHL,16,17,500,528.0,264000.0,2026-04-15,186421139,147,Primo Securities (PVT) Ltd.,ABC Securities Private Limited,2026-04-15 13:05:58.641448,Soaltee Hotel Limited
2026041504018137,SHL,16,45,220,529.0,116380.0,2026-04-15,186421141,147,Primo Securities (PVT) Ltd.,Imperial Securities Company Pvt. Ltd.,2026-04-15 13:05:58.641678,Soaltee Hotel Limited
2026041504018138,SHL,16,63,300,529.0,158700.0,2026-04-15,186421143,147,Primo Securities (PVT) Ltd.,Himalayan Brokerage Company Limited,2026-04-15 13:05:58.641862,Soaltee Hotel Limited
2026041504018139,SHL,16,63,200,529.0,105800.0,2026-04-15,186421145,147,Primo Securities (PVT) Ltd.,Himalayan Brokerage Company Limited,2026-04-15 13:05:58.642060,Soaltee Hotel Limited
2026041504018140,SHL,16,45,180,529.0,95220.0,2026-04-15,186421148,147,Primo Securities (PVT) Ltd.,Imperial Securities Company Pvt. Ltd.,2026-04-15 13:05:58.642265,Soaltee Hotel Limited
2026041504018243,SHL,35,32,800,526.0,420800.0,2026-04-15,186421948,147,Kohinoor Investment & Securities Pvt. Ltd.,Premier Securities Company Ltd.,2026-04-15 13:06:54.129179,Soaltee Hotel Limited
2026041504018285,SHL,58,65,190,525.0,99750.0,2026-04-15,186422320,147,Naasa Securities Co. Ltd.,Sharepro Securities Private Limited,2026-04-15 13:07:19.354804,Soaltee Hotel Limited
2026041504018286,SHL,48,65,100,522.1,52210.0,2026-04-15,186422322,147,Trishakti Securities Public Limited,Sharepro Securities Private Limited,2026-04-15 13:07:19.354886,Soaltee Hotel Limited
2026041504018287,SHL,62,65,300,522.0,156600.0,2026-04-15,186422324,147,Capital Max Securities Ltd,Sharepro Securities Private Limited,2026-04-15 13:07:19.354930,Soaltee Hotel Limited
2026041504018288,SHL,16,65,2000,521.0,1042000.0,2026-04-15,186422326,147,Primo Securities (PVT) Ltd.,Sharepro Securities Private Limited,2026-04-15 13:07:19.354957,Soaltee Hotel Limited
2026041504018289,SHL,22,65,2410,520.7,1254887.0,2026-04-15,186422327,147,Siprabi Securities Pvt. Ltd.,Sharepro Securities Private Limited,2026-04-15 13:07:19.354983,Soaltee Hotel Limited
2026041504018338,SHL,21,43,11,512.0,5632.0,2026-04-15,186422699,147,Midas Stock Broking Company Private Limited,South Asian Bulls Pvt. Ltd.,2026-04-15 13:07:37.168874,Soaltee Hotel Limited
2026041504018364,SHL,22,66,1000,520.7,520700.0,2026-04-15,186422925,147,Siprabi Securities Pvt. Ltd.,Miyo Securities Pvt Ltd,2026-04-15 13:07:51.123345,Soaltee Hotel Limited
2026041504018379,SHL,22,25,500,520.7,260350.0,2026-04-15,186423069,147,Siprabi Securities Pvt. Ltd.,Sweta Securities Private Limited,2026-04-15 13:08:01.331050,Soaltee Hotel Limited
2026041504018668,SHL,35,65,100,521.1,52110.0,2026-04-15,186424995,147,Kohinoor Investment & Securities Pvt. Ltd.,Sharepro Securities Private Limited,2026-04-15 13:09:54.273527,Soaltee Hotel Limited
2026041504018802,SHL,1,33,60,513.0,30780.0,2026-04-15,186425923,147,Kumari Securities Private Limited,Dakshinkali Investment & Securities Pvt. Ltd.,2026-04-15 13:10:56.918267,Soaltee Hotel Limited
2026041504019274,SHL,57,66,165,521.6,86064.0,2026-04-15,186428970,147,Aryatara Investment & Securities,Miyo Securities Pvt Ltd,2026-04-15 13:14:14.346247,Soaltee Hotel Limited
2026041504019275,SHL,57,66,105,521.5,54757.5,2026-04-15,186428972,147,Aryatara Investment & Securities,Miyo Securities Pvt Ltd,2026-04-15 13:14:14.346487,Soaltee Hotel Limited
2026041504019276,SHL,50,66,730,521.3,380549.0,2026-04-15,186428973,147,Cristal Kanchanjanga Securites Pvt. Ltd.,Miyo Securities Pvt Ltd,2026-04-15 13:14:14.346574,Soaltee Hotel Limited
2026041504019483,SHL,50,58,182,521.3,94876.6,2026-04-15,186430323,147,Cristal Kanchanjanga Securites Pvt. Ltd.,Naasa Securities Co. Ltd.,2026-04-15 13:15:36.847589,Soaltee Hotel Limited
2026041504020160,SHL,45,5,100,524.5,52450.0,2026-04-15,186435117,147,Imperial Securities Company Pvt. Ltd.,Market Securities & Exchange (PVT) Ltd.,2026-04-15 13:21:48.627904,Soaltee Hotel Limited
2026041504020161,SHL,45,17,115,525.0,60375.0,2026-04-15,186435119,147,Imperial Securities Company Pvt. Ltd.,ABC Securities Private Limited,2026-04-15 13:21:48.628378,Soaltee Hotel Limited
2026041504020162,SHL,45,91,537,525.0,281925.0,2026-04-15,186435124,147,Imperial Securities Company Pvt. Ltd.,Citizens Share Broker Limited,2026-04-15 13:21:48.628697,Soaltee Hotel Limited
2026041504020239,SHL,61,43,1000,523.0,523000.0,2026-04-15,186435662,147,BHOLE GANESH SECURITIES LTD,South Asian Bulls Pvt. Ltd.,2026-04-15 13:22:21.437201,Soaltee Hotel Limited
2026041504020240,SHL,16,43,1000,522.0,522000.0,2026-04-15,186435664,147,Primo Securities (PVT) Ltd.,South Asian Bulls Pvt. Ltd.,2026-04-15 13:22:21.437286,Soaltee Hotel Limited
2026041504020241,SHL,62,43,200,522.0,104400.0,2026-04-15,186435666,147,Capital Max Securities Ltd,South Asian Bulls Pvt. Ltd.,2026-04-15 13:22:21.437337,Soaltee Hotel Limited
2026041504020242,SHL,7,43,100,521.7,52170.0,2026-04-15,186435668,147,J.F. Securites (PVT) Ltd.,South Asian Bulls Pvt. Ltd.,2026-04-15 13:22:21.437362,Soaltee Hotel Limited
2026041504020243,SHL,63,43,934,521.7,487267.8,2026-04-15,186435669,147,Himalayan Brokerage Company Limited,South Asian Bulls Pvt. Ltd.,2026-04-15 13:22:21.437385,Soaltee Hotel Limited
2026041504020371,SHL,45,35,500,524.0,262000.0,2026-04-15,186436591,147,Imperial Securities Company Pvt. Ltd.,Kohinoor Investment & Securities Pvt. Ltd.,2026-04-15 13:23:34.830170,Soaltee Hotel Limited
2026041504020372,SHL,45,91,463,525.0,243075.0,2026-04-15,186436593,147,Imperial Securities Company Pvt. Ltd.,Citizens Share Broker Limited,2026-04-15 13:23:34.830580,Soaltee Hotel Limited
2026041504020373,SHL,45,4,640,525.0,336000.0,2026-04-15,186436595,147,Imperial Securities Company Pvt. Ltd.,Opal Securities Investment (PVT) Ltd.,2026-04-15 13:23:34.830836,Soaltee Hotel Limited
2026041504020374,SHL,45,17,300,525.0,157500.0,2026-04-15,186436597,147,Imperial Securities Company Pvt. Ltd.,ABC Securities Private Limited,2026-04-15 13:23:34.831088,Soaltee Hotel Limited
2026041504020375,SHL,45,56,100,525.5,52550.0,2026-04-15,186436599,147,Imperial Securities Company Pvt. Ltd.,Sri Hari Securities Pvt. Ltd.,2026-04-15 13:23:34.831362,Soaltee Hotel Limited
2026041504020376,SHL,45,13,105,525.7,55198.5,2026-04-15,186436602,147,Imperial Securities Company Pvt. Ltd.,Thrive Brokerage House Pvt. Ltd,2026-04-15 13:23:34.831618,Soaltee Hotel Limited
2026041504020377,SHL,45,4,3000,525.8,1577400.0,2026-04-15,186436605,147,Imperial Securities Company Pvt. Ltd.,Opal Securities Investment (PVT) Ltd.,2026-04-15 13:23:34.831914,Soaltee Hotel Limited
2026041504020498,SHL,58,65,808,522.2,421937.6,2026-04-15,186437632,147,Naasa Securities Co. Ltd.,Sharepro Securities Private Limited,2026-04-15 13:24:53.617241,Soaltee Hotel Limited
2026041504020499,SHL,4,65,992,522.1,517923.2,2026-04-15,186437633,147,Opal Securities Investment (PVT) Ltd.,Sharepro Securities Private Limited,2026-04-15 13:24:53.617393,Soaltee Hotel Limited
2026041504020527,SHL,40,21,9,513.0,4617.0,2026-04-15,186437935,147,Creative Securities Pvt Ltd,Midas Stock Broking Company Private Limited,2026-04-15 13:25:18.936547,Soaltee Hotel Limited
2026041504020739,SHL,42,21,250,525.0,131250.0,2026-04-15,186439324,147,Sani Securities Company Ltd.,Midas Stock Broking Company Private Limited,2026-04-15 13:27:00.581237,Soaltee Hotel Limited
2026041504020994,SHL,44,35,15,515.0,7725.0,2026-04-15,186441318,147,Dynamic Money Managers Securities Pvt. Ltd.,Kohinoor Investment & Securities Pvt. Ltd.,2026-04-15 13:29:08.572489,Soaltee Hotel Limited
2026041504021036,SHL,42,36,150,524.9,78735.0,2026-04-15,186441602,147,Sani Securities Company Ltd.,Secured Securities Ltd.,2026-04-15 13:29:29.380972,Soaltee Hotel Limited
2026041504021060,SHL,44,41,45,518.0,23310.0,2026-04-15,186441761,147,Dynamic Money Managers Securities Pvt. Ltd.,Linch Stock Market Ltd.,2026-04-15 13:29:41.235954,Soaltee Hotel Limited
2026041504021089,SHL,56,58,115,522.0,60030.0,2026-04-15,186442023,147,Sri Hari Securities Pvt. Ltd.,Naasa Securities Co. Ltd.,2026-04-15 13:30:00.447157,Soaltee Hotel Limited
2026041504021148,SHL,44,58,10,513.0,5130.0,2026-04-15,186442665,147,Dynamic Money Managers Securities Pvt. Ltd.,Naasa Securities Co. Ltd.,2026-04-15 13:30:58.753692,Soaltee Hotel Limited
2026041504021253,SHL,56,4,100,522.0,52200.0,2026-04-15,186443327,147,Sri Hari Securities Pvt. Ltd.,Opal Securities Investment (PVT) Ltd.,2026-04-15 13:31:42.589455,Soaltee Hotel Limited
2026041504021391,SHL,62,4,150,522.1,78315.0,2026-04-15,186444771,147,Capital Max Securities Ltd,Opal Securities Investment (PVT) Ltd.,2026-04-15 13:33:25.853273,Soaltee Hotel Limited
2026041504021432,SHL,56,33,155,522.0,80910.0,2026-04-15,186445134,147,Sri Hari Securities Pvt. Ltd.,Dakshinkali Investment & Securities Pvt. Ltd.,2026-04-15 13:33:54.353684,Soaltee Hotel Limited
2026041504021433,SHL,62,33,345,522.0,180090.0,2026-04-15,186445135,147,Capital Max Securities Ltd,Dakshinkali Investment & Securities Pvt. Ltd.,2026-04-15 13:33:54.354149,Soaltee Hotel Limited
2026041504021503,SHL,62,4,155,522.0,80910.0,2026-04-15,186445551,147,Capital Max Securities Ltd,Opal Securities Investment (PVT) Ltd.,2026-04-15 13:34:22.476711,Soaltee Hotel Limited
2026041504021641,SHL,68,57,100,522.0,52200.0,2026-04-15,186446530,147,Elite Stock House Limited,Aryatara Investment & Securities,2026-04-15 13:35:39.691142,Soaltee Hotel Limited
2026041504021642,SHL,43,57,901,521.9,470231.9,2026-04-15,186446531,147,South Asian Bulls Pvt. Ltd.,Aryatara Investment & Securities,2026-04-15 13:35:39.691362,Soaltee Hotel Limited
2026041504021658,SHL,45,4,1000,521.8,521800.0,2026-04-15,186446725,147,Imperial Securities Company Pvt. Ltd.,Opal Securities Investment (PVT) Ltd.,2026-04-15 13:35:57.744163,Soaltee Hotel Limited
2026041504021717,SHL,94,58,101,521.9,52711.9,2026-04-15,186447243,147,K.B.L. Securities Limited ,Naasa Securities Co. Ltd.,2026-04-15 13:36:50.830360,Soaltee Hotel Limited
2026041504021908,SHL,68,4,194,522.0,101268.0,2026-04-15,186448912,147,Elite Stock House Limited,Opal Securities Investment (PVT) Ltd.,2026-04-15 13:39:36.805932,Soaltee Hotel Limited
2026041504021909,SHL,88,4,406,522.0,211932.0,2026-04-15,186448913,147,Blue Chip Securities Ltd,Opal Securities Investment (PVT) Ltd.,2026-04-15 13:39:36.806189,Soaltee Hotel Limited
2026041504022189,SHL,8,33,100,522.2,52220.0,2026-04-15,186450919,147,Brilliant Securities Pvt. Ltd.,Dakshinkali Investment & Securities Pvt. Ltd.,2026-04-15 13:42:25.594687,Soaltee Hotel Limited
2026041504022317,SHL,45,58,400,522.2,208880.0,2026-04-15,186451847,147,Imperial Securities Company Pvt. Ltd.,Naasa Securities Co. Ltd.,2026-04-15 13:43:42.180100,Soaltee Hotel Limited
2026041504022385,SHL,21,58,342,524.0,179208.0,2026-04-15,186452387,147,Midas Stock Broking Company Private Limited,Naasa Securities Co. Ltd.,2026-04-15 13:44:32.018511,Soaltee Hotel Limited
2026041504022559,SHL,44,42,15,521.0,7815.0,2026-04-15,186453505,147,Dynamic Money Managers Securities Pvt. Ltd.,Sani Securities Company Ltd.,2026-04-15 13:46:04.268695,Soaltee Hotel Limited
2026041504022649,SHL,35,4,200,524.0,104800.0,2026-04-15,186454092,147,Kohinoor Investment & Securities Pvt. Ltd.,Opal Securities Investment (PVT) Ltd.,2026-04-15 13:46:30.648016,Soaltee Hotel Limited
2026041504022671,SHL,44,13,24,521.6,12518.4,2026-04-15,186454375,147,Dynamic Money Managers Securities Pvt. Ltd.,Thrive Brokerage House Pvt. Ltd,2026-04-15 13:46:48.360598,Soaltee Hotel Limited
2026041504022741,SHL,68,4,300,524.0,157200.0,2026-04-15,186454850,147,Elite Stock House Limited,Opal Securities Investment (PVT) Ltd.,2026-04-15 13:47:28.453419,Soaltee Hotel Limited
2026041504022746,SHL,60,34,100,524.0,52400.0,2026-04-15,186454909,147,Nagarik Stock Dealer ,Vision Securities Pvt. Ltd,2026-04-15 13:47:31.844829,Soaltee Hotel Limited
2026041504022747,SHL,60,63,200,524.0,104800.0,2026-04-15,186454911,147,Nagarik Stock Dealer ,Himalayan Brokerage Company Limited,2026-04-15 13:47:31.845388,Soaltee Hotel Limited
2026041504022748,SHL,60,32,500,524.0,262000.0,2026-04-15,186454913,147,Nagarik Stock Dealer ,Premier Securities Company Ltd.,2026-04-15 13:47:31.845852,Soaltee Hotel Limited
2026041504022749,SHL,60,4,100,524.0,52400.0,2026-04-15,186454915,147,Nagarik Stock Dealer ,Opal Securities Investment (PVT) Ltd.,2026-04-15 13:47:31.846339,Soaltee Hotel Limited
2026041504022750,SHL,60,65,100,524.0,52400.0,2026-04-15,186454928,147,Nagarik Stock Dealer ,Sharepro Securities Private Limited,2026-04-15 13:47:32.412700,Soaltee Hotel Limited
2026041504022751,SHL,45,65,1400,523.1,732340.0,2026-04-15,186454929,147,Imperial Securities Company Pvt. Ltd.,Sharepro Securities Private Limited,2026-04-15 13:47:32.413175,Soaltee Hotel Limited
2026041504022753,SHL,45,66,1000,523.1,523100.0,2026-04-15,186454935,147,Imperial Securities Company Pvt. Ltd.,Miyo Securities Pvt Ltd,2026-04-15 13:47:33.125073,Soaltee Hotel Limited
2026041504022799,SHL,45,38,100,523.2,52320.0,2026-04-15,186455255,147,Imperial Securities Company Pvt. Ltd.,Dipshikha Dhitopatra Karobar Co. Pvt Ltd.,2026-04-15 13:48:00.334736,Soaltee Hotel Limited
2026041504022800,SHL,60,26,1000,524.5,524500.0,2026-04-15,186455266,147,Nagarik Stock Dealer ,Asian Securities Private Ltd.,2026-04-15 13:48:01.962447,Soaltee Hotel Limited
2026041504022847,SHL,49,58,250,524.5,131125.0,2026-04-15,186455613,147,Online Securities Pvt. Ltd.,Naasa Securities Co. Ltd.,2026-04-15 13:48:26.052497,Soaltee Hotel Limited
2026041504022861,SHL,45,28,500,524.7,262350.0,2026-04-15,186455713,147,Imperial Securities Company Pvt. Ltd.,Shree Krishna Securities Ltd.,2026-04-15 13:48:36.142703,Soaltee Hotel Limited
2026041504022862,SHL,45,4,100,524.8,52480.0,2026-04-15,186455715,147,Imperial Securities Company Pvt. Ltd.,Opal Securities Investment (PVT) Ltd.,2026-04-15 13:48:36.142809,Soaltee Hotel Limited
2026041504022863,SHL,45,36,100,524.9,52490.0,2026-04-15,186455717,147,Imperial Securities Company Pvt. Ltd.,Secured Securities Ltd.,2026-04-15 13:48:36.142881,Soaltee Hotel Limited
2026041504022908,SHL,45,21,300,525.0,157500.0,2026-04-15,186455975,147,Imperial Securities Company Pvt. Ltd.,Midas Stock Broking Company Private Limited,2026-04-15 13:48:54.908410,Soaltee Hotel Limited
2026041504022909,SHL,45,4,100,525.0,52500.0,2026-04-15,186455977,147,Imperial Securities Company Pvt. Ltd.,Opal Securities Investment (PVT) Ltd.,2026-04-15 13:48:54.908656,Soaltee Hotel Limited
2026041504022910,SHL,45,4,2000,525.0,1050000.0,2026-04-15,186455979,147,Imperial Securities Company Pvt. Ltd.,Opal Securities Investment (PVT) Ltd.,2026-04-15 13:48:54.908757,Soaltee Hotel Limited
2026041504022911,SHL,45,35,215,525.0,112875.0,2026-04-15,186455981,147,Imperial Securities Company Pvt. Ltd.,Kohinoor Investment & Securities Pvt. Ltd.,2026-04-15 13:48:54.908861,Soaltee Hotel Limited
2026041504022912,SHL,45,29,500,525.0,262500.0,2026-04-15,186455983,147,Imperial Securities Company Pvt. Ltd.,Trisul Securities & Invt. Ltd.,2026-04-15 13:48:54.908958,Soaltee Hotel Limited
2026041504022913,SHL,45,52,500,525.0,262500.0,2026-04-15,186455985,147,Imperial Securities Company Pvt. Ltd.,Sundhara Securities Limited,2026-04-15 13:48:54.909051,Soaltee Hotel Limited
2026041504022914,SHL,45,17,300,525.0,157500.0,2026-04-15,186455987,147,Imperial Securities Company Pvt. Ltd.,ABC Securities Private Limited,2026-04-15 13:48:54.909150,Soaltee Hotel Limited
2026041504022915,SHL,45,17,1000,525.0,525000.0,2026-04-15,186455989,147,Imperial Securities Company Pvt. Ltd.,ABC Securities Private Limited,2026-04-15 13:48:54.909244,Soaltee Hotel Limited
2026041504022916,SHL,45,29,491,525.0,257775.0,2026-04-15,186455991,147,Imperial Securities Company Pvt. Ltd.,Trisul Securities & Invt. Ltd.,2026-04-15 13:48:54.909345,Soaltee Hotel Limited
2026041504022917,SHL,45,41,920,525.0,483000.0,2026-04-15,186455993,147,Imperial Securities Company Pvt. Ltd.,Linch Stock Market Ltd.,2026-04-15 13:48:54.909458,Soaltee Hotel Limited
2026041504022918,SHL,45,63,200,525.0,105000.0,2026-04-15,186455995,147,Imperial Securities Company Pvt. Ltd.,Himalayan Brokerage Company Limited,2026-04-15 13:48:54.909573,Soaltee Hotel Limited
2026041504022941,SHL,49,40,142,525.9,74677.8,2026-04-15,186456139,147,Online Securities Pvt. Ltd.,Creative Securities Pvt Ltd,2026-04-15 13:49:07.463650,Soaltee Hotel Limited
2026041504022942,SHL,49,26,108,525.9,56797.2,2026-04-15,186456142,147,Online Securities Pvt. Ltd.,Asian Securities Private Ltd.,2026-04-15 13:49:07.463926,Soaltee Hotel Limited
2026041504022943,SHL,7,77,200,526.0,105200.0,2026-04-15,186456149,147,J.F. Securites (PVT) Ltd.,Nabil Stock Dealer Ltd.,2026-04-15 13:49:08.288453,Soaltee Hotel Limited
2026041504022944,SHL,7,49,300,526.0,157800.0,2026-04-15,186456152,147,J.F. Securites (PVT) Ltd.,Online Securities Pvt. Ltd.,2026-04-15 13:49:08.288690,Soaltee Hotel Limited
2026041504022949,SHL,49,49,275,526.0,144650.0,2026-04-15,186456203,147,Online Securities Pvt. Ltd.,Online Securities Pvt. Ltd.,2026-04-15 13:49:13.338561,Soaltee Hotel Limited
2026041504022950,SHL,49,48,225,526.0,118350.0,2026-04-15,186456206,147,Online Securities Pvt. Ltd.,Trishakti Securities Public Limited,2026-04-15 13:49:13.339024,Soaltee Hotel Limited
2026041504022959,SHL,34,48,760,526.0,399760.0,2026-04-15,186456344,147,Vision Securities Pvt. Ltd,Trishakti Securities Public Limited,2026-04-15 13:49:22.297589,Soaltee Hotel Limited
2026041504023046,SHL,7,4,200,526.0,105200.0,2026-04-15,186456967,147,J.F. Securites (PVT) Ltd.,Opal Securities Investment (PVT) Ltd.,2026-04-15 13:50:10.680192,Soaltee Hotel Limited
2026041504023079,SHL,7,58,225,526.0,118350.0,2026-04-15,186457143,147,J.F. Securites (PVT) Ltd.,Naasa Securities Co. Ltd.,2026-04-15 13:50:21.748077,Soaltee Hotel Limited
2026041504023080,SHL,7,14,75,526.0,39450.0,2026-04-15,186457145,147,J.F. Securites (PVT) Ltd.,Nepal Stock House (PVT) Ltd.,2026-04-15 13:50:21.748371,Soaltee Hotel Limited
2026041504023199,SHL,44,49,15,517.0,7755.0,2026-04-15,186458199,147,Dynamic Money Managers Securities Pvt. Ltd.,Online Securities Pvt. Ltd.,2026-04-15 13:51:18.545950,Soaltee Hotel Limited
2026041504023202,SHL,28,49,203,526.5,106879.5,2026-04-15,186458235,147,Shree Krishna Securities Ltd.,Online Securities Pvt. Ltd.,2026-04-15 13:51:21.504001,Soaltee Hotel Limited
2026041504023224,SHL,25,7,100,526.5,52650.0,2026-04-15,186458411,147,Sweta Securities Private Limited,J.F. Securites (PVT) Ltd.,2026-04-15 13:51:32.295241,Soaltee Hotel Limited
2026041504023225,SHL,25,25,300,526.8,158040.0,2026-04-15,186458414,147,Sweta Securities Private Limited,Sweta Securities Private Limited,2026-04-15 13:51:32.295485,Soaltee Hotel Limited
2026041504023592,SHL,45,34,900,525.4,472860.0,2026-04-15,186460407,147,Imperial Securities Company Pvt. Ltd.,Vision Securities Pvt. Ltd,2026-04-15 13:53:37.594178,Soaltee Hotel Limited
2026041504023604,SHL,45,34,100,525.4,52540.0,2026-04-15,186460550,147,Imperial Securities Company Pvt. Ltd.,Vision Securities Pvt. Ltd,2026-04-15 13:53:50.793495,Soaltee Hotel Limited
2026041504023605,SHL,45,34,800,525.3,420240.0,2026-04-15,186460551,147,Imperial Securities Company Pvt. Ltd.,Vision Securities Pvt. Ltd,2026-04-15 13:53:50.793741,Soaltee Hotel Limited
2026041504023655,SHL,45,34,200,525.3,105060.0,2026-04-15,186460780,147,Imperial Securities Company Pvt. Ltd.,Vision Securities Pvt. Ltd,2026-04-15 13:54:06.667964,Soaltee Hotel Limited
2026041504023656,SHL,28,34,200,525.2,105040.0,2026-04-15,186460782,147,Shree Krishna Securities Ltd.,Vision Securities Pvt. Ltd,2026-04-15 13:54:06.668212,Soaltee Hotel Limited
2026041504023657,SHL,62,34,500,525.2,262600.0,2026-04-15,186460783,147,Capital Max Securities Ltd,Vision Securities Pvt. Ltd,2026-04-15 13:54:06.668330,Soaltee Hotel Limited
2026041504023823,SHL,4,52,108,525.3,56732.4,2026-04-15,186461656,147,Opal Securities Investment (PVT) Ltd.,Sundhara Securities Limited,2026-04-15 13:55:15.917496,Soaltee Hotel Limited
2026041504023824,SHL,62,52,500,525.2,262600.0,2026-04-15,186461658,147,Capital Max Securities Ltd,Sundhara Securities Limited,2026-04-15 13:55:15.917779,Soaltee Hotel Limited
2026041504023825,SHL,94,52,1000,525.1,525100.0,2026-04-15,186461660,147,K.B.L. Securities Limited ,Sundhara Securities Limited,2026-04-15 13:55:15.917885,Soaltee Hotel Limited
2026041504023826,SHL,45,52,3275,525.0,1719375.0,2026-04-15,186461661,147,Imperial Securities Company Pvt. Ltd.,Sundhara Securities Limited,2026-04-15 13:55:15.917988,Soaltee Hotel Limited
2026041504023840,SHL,45,65,1000,525.0,525000.0,2026-04-15,186461813,147,Imperial Securities Company Pvt. Ltd.,Sharepro Securities Private Limited,2026-04-15 13:55:30.744665,Soaltee Hotel Limited
2026041504023849,SHL,50,34,500,525.8,262900.0,2026-04-15,186461875,147,Cristal Kanchanjanga Securites Pvt. Ltd.,Vision Securities Pvt. Ltd,2026-04-15 13:55:37.040756,Soaltee Hotel Limited
2026041504023881,SHL,45,22,800,525.0,420000.0,2026-04-15,186462061,147,Imperial Securities Company Pvt. Ltd.,Siprabi Securities Pvt. Ltd.,2026-04-15 13:55:53.977230,Soaltee Hotel Limited
2026041504024078,SHL,45,21,100,525.0,52500.0,2026-04-15,186463611,147,Imperial Securities Company Pvt. Ltd.,Midas Stock Broking Company Private Limited,2026-04-15 13:58:08.269567,Soaltee Hotel Limited
2026041504024288,SHL,45,39,100,525.0,52500.0,2026-04-15,186465285,147,Imperial Securities Company Pvt. Ltd.,Sumeru Securities Pvt. Ltd.,2026-04-15 14:00:43.950961,Soaltee Hotel Limited
2026041504024398,SHL,45,48,100,525.0,52500.0,2026-04-15,186466341,147,Imperial Securities Company Pvt. Ltd.,Trishakti Securities Public Limited,2026-04-15 14:02:33.964199,Soaltee Hotel Limited
2026041504024401,SHL,45,58,3000,525.0,1575000.0,2026-04-15,186466363,147,Imperial Securities Company Pvt. Ltd.,Naasa Securities Co. Ltd.,2026-04-15 14:02:40.195240,Soaltee Hotel Limited
2026041504024417,SHL,45,57,200,525.0,105000.0,2026-04-15,186466589,147,Imperial Securities Company Pvt. Ltd.,Aryatara Investment & Securities,2026-04-15 14:03:01.351935,Soaltee Hotel Limited
2026041504024418,SHL,45,56,163,525.0,85575.0,2026-04-15,186466600,147,Imperial Securities Company Pvt. Ltd.,Sri Hari Securities Pvt. Ltd.,2026-04-15 14:03:02.361573,Soaltee Hotel Limited
2026041504024420,SHL,49,21,200,525.0,105000.0,2026-04-15,186466614,147,Online Securities Pvt. Ltd.,Midas Stock Broking Company Private Limited,2026-04-15 14:03:06.089479,Soaltee Hotel Limited
2026041504024551,SHL,63,62,500,523.0,261500.0,2026-04-15,186467804,147,Himalayan Brokerage Company Limited,Capital Max Securities Ltd,2026-04-15 14:05:00.711658,Soaltee Hotel Limited
2026041504024552,SHL,45,62,1017,522.4,531280.8,2026-04-15,186467805,147,Imperial Securities Company Pvt. Ltd.,Capital Max Securities Ltd,2026-04-15 14:05:00.711955,Soaltee Hotel Limited
2026041504024627,SHL,63,43,500,523.0,261500.0,2026-04-15,186468606,147,Himalayan Brokerage Company Limited,South Asian Bulls Pvt. Ltd.,2026-04-15 14:06:09.807504,Soaltee Hotel Limited
2026041504024761,SHL,44,45,175,523.9,91682.5,2026-04-15,186469810,147,Dynamic Money Managers Securities Pvt. Ltd.,Imperial Securities Company Pvt. Ltd.,2026-04-15 14:08:21.038456,Soaltee Hotel Limited
2026041504024859,SHL,44,50,1,520.0,520.0,2026-04-15,186470537,147,Dynamic Money Managers Securities Pvt. Ltd.,Cristal Kanchanjanga Securites Pvt. Ltd.,2026-04-15 14:09:30.019322,Soaltee Hotel Limited
2026041504025005,SHL,63,17,200,523.0,104600.0,2026-04-15,186471641,147,Himalayan Brokerage Company Limited,ABC Securities Private Limited,2026-04-15 14:11:20.439852,Soaltee Hotel Limited
2026041504025022,SHL,63,87,179,523.0,93617.0,2026-04-15,186471747,147,Himalayan Brokerage Company Limited,S.P.S.A. Securities Limited,2026-04-15 14:11:33.978356,Soaltee Hotel Limited
2026041504025385,SHL,13,47,200,523.5,104700.0,2026-04-15,186474350,147,Thrive Brokerage House Pvt. Ltd,Neev Securities Pvt. Ltd.,2026-04-15 14:15:33.108845,Soaltee Hotel Limited
2026041504025392,SHL,63,59,121,523.0,63283.0,2026-04-15,186474391,147,Himalayan Brokerage Company Limited,Deevyaa Securities & Stock House Pvt. Ltd,2026-04-15 14:15:38.052120,Soaltee Hotel Limited
2026041504025648,SHL,34,47,200,522.8,104560.0,2026-04-15,186476099,147,Vision Securities Pvt. Ltd,Neev Securities Pvt. Ltd.,2026-04-15 14:17:59.412492,Soaltee Hotel Limited
2026041504025691,SHL,63,54,900,522.5,470250.0,2026-04-15,186476405,147,Himalayan Brokerage Company Limited,Sewa Securities Pvt. Ltd.,2026-04-15 14:18:22.520842,Soaltee Hotel Limited
2026041504025697,SHL,63,54,100,522.5,52250.0,2026-04-15,186476474,147,Himalayan Brokerage Company Limited,Sewa Securities Pvt. Ltd.,2026-04-15 14:18:29.649579,Soaltee Hotel Limited
2026041504025698,SHL,35,54,112,522.5,58520.0,2026-04-15,186476476,147,Kohinoor Investment & Securities Pvt. Ltd.,Sewa Securities Pvt. Ltd.,2026-04-15 14:18:29.650168,Soaltee Hotel Limited
2026041504025699,SHL,34,54,542,522.1,282978.2,2026-04-15,186476478,147,Vision Securities Pvt. Ltd,Sewa Securities Pvt. Ltd.,2026-04-15 14:18:29.650515,Soaltee Hotel Limited
2026041504025700,SHL,41,54,146,522.1,76226.6,2026-04-15,186476479,147,Linch Stock Market Ltd.,Sewa Securities Pvt. Ltd.,2026-04-15 14:18:29.650831,Soaltee Hotel Limited
2026041504025745,SHL,6,54,200,522.1,104420.0,2026-04-15,186476632,147,Agrawal Securities (PVT) Ltd.,Sewa Securities Pvt. Ltd.,2026-04-15 14:18:37.782395,Soaltee Hotel Limited
2026041504026052,SHL,45,38,500,522.1,261050.0,2026-04-15,186478381,147,Imperial Securities Company Pvt. Ltd.,Dipshikha Dhitopatra Karobar Co. Pvt Ltd.,2026-04-15 14:20:34.755502,Soaltee Hotel Limited
2026041504026290,SHL,88,42,127,522.2,66319.4,2026-04-15,186479953,147,Blue Chip Securities Ltd,Sani Securities Company Ltd.,2026-04-15 14:22:12.708609,Soaltee Hotel Limited
2026041504026342,SHL,45,4,983,522.1,513224.3,2026-04-15,186480348,147,Imperial Securities Company Pvt. Ltd.,Opal Securities Investment (PVT) Ltd.,2026-04-15 14:22:35.690613,Soaltee Hotel Limited
2026041504026455,SHL,42,48,128,522.1,66828.8,2026-04-15,186481442,147,Sani Securities Company Ltd.,Trishakti Securities Public Limited,2026-04-15 14:23:32.690284,Soaltee Hotel Limited
2026041504026456,SHL,14,48,172,522.0,89784.0,2026-04-15,186481443,147,Nepal Stock House (PVT) Ltd.,Trishakti Securities Public Limited,2026-04-15 14:23:32.690802,Soaltee Hotel Limited
2026041504026543,SHL,14,45,100,522.0,52200.0,2026-04-15,186481811,147,Nepal Stock House (PVT) Ltd.,Imperial Securities Company Pvt. Ltd.,2026-04-15 14:23:53.271768,Soaltee Hotel Limited
2026041504026655,SHL,63,22,600,521.7,313020.0,2026-04-15,186482407,147,Himalayan Brokerage Company Limited,Siprabi Securities Pvt. Ltd.,2026-04-15 14:24:20.674809,Soaltee Hotel Limited
2026041504026656,SHL,63,57,114,521.7,59473.8,2026-04-15,186482409,147,Himalayan Brokerage Company Limited,Aryatara Investment & Securities,2026-04-15 14:24:20.734140,Soaltee Hotel Limited
2026041504026860,SHL,63,16,248,521.7,129381.6,2026-04-15,186483615,147,Himalayan Brokerage Company Limited,Primo Securities (PVT) Ltd.,2026-04-15 14:25:18.814544,Soaltee Hotel Limited
2026041504027292,SHL,63,47,100,521.7,52170.0,2026-04-15,186486419,147,Himalayan Brokerage Company Limited,Neev Securities Pvt. Ltd.,2026-04-15 14:27:39.678609,Soaltee Hotel Limited
2026041504027357,SHL,57,66,2000,521.5,1043000.0,2026-04-15,186486931,147,Aryatara Investment & Securities,Miyo Securities Pvt Ltd,2026-04-15 14:28:10.624738,Soaltee Hotel Limited
2026041504027424,SHL,16,74,100,521.0,52100.0,2026-04-15,186487291,147,Primo Securities (PVT) Ltd.,KALASH STOCK MARKET PVT. LTD.,2026-04-15 14:28:28.461941,Soaltee Hotel Limited
2026041504027455,SHL,16,49,100,521.0,52100.0,2026-04-15,186487469,147,Primo Securities (PVT) Ltd.,Online Securities Pvt. Ltd.,2026-04-15 14:28:37.661794,Soaltee Hotel Limited
2026041504027491,SHL,16,4,300,521.0,156300.0,2026-04-15,186487620,147,Primo Securities (PVT) Ltd.,Opal Securities Investment (PVT) Ltd.,2026-04-15 14:28:44.525230,Soaltee Hotel Limited
2026041504027492,SHL,19,4,100,521.0,52100.0,2026-04-15,186487622,147,Nepal Investment And Securities Trading Private Limited,Opal Securities Investment (PVT) Ltd.,2026-04-15 14:28:44.525502,Soaltee Hotel Limited
2026041504027493,SHL,45,4,100,520.7,52070.0,2026-04-15,186487624,147,Imperial Securities Company Pvt. Ltd.,Opal Securities Investment (PVT) Ltd.,2026-04-15 14:28:44.525618,Soaltee Hotel Limited
2026041504027494,SHL,58,4,125,520.0,65000.0,2026-04-15,186487626,147,Naasa Securities Co. Ltd.,Opal Securities Investment (PVT) Ltd.,2026-04-15 14:28:44.525725,Soaltee Hotel Limited
2026041504027495,SHL,94,4,2375,520.0,1235000.0,2026-04-15,186487627,147,K.B.L. Securities Limited ,Opal Securities Investment (PVT) Ltd.,2026-04-15 14:28:44.525832,Soaltee Hotel Limited
2026041504027710,SHL,45,7,185,520.1,96218.5,2026-04-15,186488835,147,Imperial Securities Company Pvt. Ltd.,J.F. Securites (PVT) Ltd.,2026-04-15 14:29:41.170867,Soaltee Hotel Limited
2026041504027780,SHL,45,22,100,520.1,52010.0,2026-04-15,186489347,147,Imperial Securities Company Pvt. Ltd.,Siprabi Securities Pvt. Ltd.,2026-04-15 14:30:08.681044,Soaltee Hotel Limited
2026041504027897,SHL,45,48,115,520.1,59811.5,2026-04-15,186490171,147,Imperial Securities Company Pvt. Ltd.,Trishakti Securities Public Limited,2026-04-15 14:30:59.361184,Soaltee Hotel Limited
2026041504027940,SHL,13,42,5,510.0,2550.0,2026-04-15,186490531,147,Thrive Brokerage House Pvt. Ltd,Sani Securities Company Ltd.,2026-04-15 14:31:20.605906,Soaltee Hotel Limited
2026041504028132,SHL,45,87,300,520.1,156030.0,2026-04-15,186491827,147,Imperial Securities Company Pvt. Ltd.,S.P.S.A. Securities Limited,2026-04-15 14:32:25.113127,Soaltee Hotel Limited
2026041504028203,SHL,45,48,100,520.1,52010.0,2026-04-15,186492385,147,Imperial Securities Company Pvt. Ltd.,Trishakti Securities Public Limited,2026-04-15 14:32:48.220671,Soaltee Hotel Limited
2026041504028247,SHL,45,35,200,520.1,104020.0,2026-04-15,186492752,147,Imperial Securities Company Pvt. Ltd.,Kohinoor Investment & Securities Pvt. Ltd.,2026-04-15 14:33:13.925308,Soaltee Hotel Limited
2026041504028293,SHL,94,45,125,520.0,65000.0,2026-04-15,186493128,147,K.B.L. Securities Limited ,Imperial Securities Company Pvt. Ltd.,2026-04-15 14:33:31.310802,Soaltee Hotel Limited
2026041504028294,SHL,54,45,187,520.0,97240.0,2026-04-15,186493129,147,Sewa Securities Pvt. Ltd.,Imperial Securities Company Pvt. Ltd.,2026-04-15 14:33:31.311105,Soaltee Hotel Limited
2026041504028295,SHL,38,35,100,520.0,52000.0,2026-04-15,186493133,147,Dipshikha Dhitopatra Karobar Co. Pvt Ltd.,Kohinoor Investment & Securities Pvt. Ltd.,2026-04-15 14:33:31.421614,Soaltee Hotel Limited
2026041504028372,SHL,45,22,1000,520.1,520100.0,2026-04-15,186493631,147,Imperial Securities Company Pvt. Ltd.,Siprabi Securities Pvt. Ltd.,2026-04-15 14:34:06.320907,Soaltee Hotel Limited
2026041504028421,SHL,68,38,100,521.0,52100.0,2026-04-15,186493946,147,Elite Stock House Limited,Dipshikha Dhitopatra Karobar Co. Pvt Ltd.,2026-04-15 14:34:25.517002,Soaltee Hotel Limited
2026041504028806,SHL,68,26,100,521.0,52100.0,2026-04-15,186496874,147,Elite Stock House Limited,Asian Securities Private Ltd.,2026-04-15 14:37:11.603223,Soaltee Hotel Limited
2026041504028973,SHL,62,33,100,519.0,51900.0,2026-04-15,186497989,147,Capital Max Securities Ltd,Dakshinkali Investment & Securities Pvt. Ltd.,2026-04-15 14:38:22.897024,Soaltee Hotel Limited
2026041504029131,SHL,44,52,200,519.1,103820.0,2026-04-15,186499241,147,Dynamic Money Managers Securities Pvt. Ltd.,Sundhara Securities Limited,2026-04-15 14:39:44.838172,Soaltee Hotel Limited
2026041504029132,SHL,62,52,255,519.0,132345.0,2026-04-15,186499243,147,Capital Max Securities Ltd,Sundhara Securities Limited,2026-04-15 14:39:44.838697,Soaltee Hotel Limited
2026041504029177,SHL,68,33,100,519.2,51920.0,2026-04-15,186499502,147,Elite Stock House Limited,Dakshinkali Investment & Securities Pvt. Ltd.,2026-04-15 14:40:00.350260,Soaltee Hotel Limited
2026041504029178,SHL,62,33,400,519.0,207600.0,2026-04-15,186499503,147,Capital Max Securities Ltd,Dakshinkali Investment & Securities Pvt. Ltd.,2026-04-15 14:40:00.350792,Soaltee Hotel Limited
2026041504029218,SHL,16,1,200,520.0,104000.0,2026-04-15,186499855,147,Primo Securities (PVT) Ltd.,Kumari Securities Private Limited,2026-04-15 14:40:23.978901,Soaltee Hotel Limited
2026041504029359,SHL,16,26,100,521.0,52100.0,2026-04-15,186500692,147,Primo Securities (PVT) Ltd.,Asian Securities Private Ltd.,2026-04-15 14:41:22.783171,Soaltee Hotel Limited
2026041504029841,SHL,16,86,135,520.0,70200.0,2026-04-15,186504857,147,Primo Securities (PVT) Ltd.,Stoxkarts Securities Limited,2026-04-15 14:45:12.576483,Soaltee Hotel Limited
2026041504030026,SHL,16,33,200,520.0,104000.0,2026-04-15,186506373,147,Primo Securities (PVT) Ltd.,Dakshinkali Investment & Securities Pvt. Ltd.,2026-04-15 14:46:37.398568,Soaltee Hotel Limited
2026041504030194,SHL,16,100,500,520.1,260050.0,2026-04-15,186507881,147,Primo Securities (PVT) Ltd.,Sunrise Securities Limited,2026-04-15 14:48:03.515607,Soaltee Hotel Limited
2026041504030324,SHL,16,44,165,520.0,85800.0,2026-04-15,186508561,147,Primo Securities (PVT) Ltd.,Dynamic Money Managers Securities Pvt. Ltd.,2026-04-15 14:48:28.419296,Soaltee Hotel Limited
2026041504030367,SHL,33,49,231,520.1,120143.1,2026-04-15,186508838,147,Dakshinkali Investment & Securities Pvt. Ltd.,Online Securities Pvt. Ltd.,2026-04-15 14:48:44.625409,Soaltee Hotel Limited
2026041504030368,SHL,33,22,127,521.0,66167.0,2026-04-15,186508840,147,Dakshinkali Investment & Securities Pvt. Ltd.,Siprabi Securities Pvt. Ltd.,2026-04-15 14:48:44.625960,Soaltee Hotel Limited
2026041504030369,SHL,33,62,100,521.0,52100.0,2026-04-15,186508842,147,Dakshinkali Investment & Securities Pvt. Ltd.,Capital Max Securities Ltd,2026-04-15 14:48:44.626276,Soaltee Hotel Limited
2026041504030370,SHL,33,34,100,521.9,52190.0,2026-04-15,186508844,147,Dakshinkali Investment & Securities Pvt. Ltd.,Vision Securities Pvt. Ltd,2026-04-15 14:48:44.626603,Soaltee Hotel Limited
2026041504030371,SHL,33,7,100,522.0,52200.0,2026-04-15,186508846,147,Dakshinkali Investment & Securities Pvt. Ltd.,J.F. Securites (PVT) Ltd.,2026-04-15 14:48:44.626930,Soaltee Hotel Limited
2026041504030372,SHL,33,91,100,522.0,52200.0,2026-04-15,186508848,147,Dakshinkali Investment & Securities Pvt. Ltd.,Citizens Share Broker Limited,2026-04-15 14:48:44.627253,Soaltee Hotel Limited
2026041504030373,SHL,33,74,437,522.1,228157.7,2026-04-15,186508850,147,Dakshinkali Investment & Securities Pvt. Ltd.,KALASH STOCK MARKET PVT. LTD.,2026-04-15 14:48:44.627582,Soaltee Hotel Limited
2026041504030380,SHL,33,44,335,523.0,175205.0,2026-04-15,186509097,147,Dakshinkali Investment & Securities Pvt. Ltd.,Dynamic Money Managers Securities Pvt. Ltd.,2026-04-15 14:48:49.416809,Soaltee Hotel Limited
2026041504030631,SHL,33,44,230,520.1,119623.0,2026-04-15,186510757,147,Dakshinkali Investment & Securities Pvt. Ltd.,Dynamic Money Managers Securities Pvt. Ltd.,2026-04-15 14:50:01.465872,Soaltee Hotel Limited
2026041504030657,SHL,33,44,215,520.1,111821.5,2026-04-15,186510991,147,Dakshinkali Investment & Securities Pvt. Ltd.,Dynamic Money Managers Securities Pvt. Ltd.,2026-04-15 14:50:13.182484,Soaltee Hotel Limited
2026041504030689,SHL,34,38,100,522.0,52200.0,2026-04-15,186511908,147,Vision Securities Pvt. Ltd,Dipshikha Dhitopatra Karobar Co. Pvt Ltd.,2026-04-15 14:50:31.306577,Soaltee Hotel Limited
2026041504030699,SHL,33,44,300,520.1,156030.0,2026-04-15,186512087,147,Dakshinkali Investment & Securities Pvt. Ltd.,Dynamic Money Managers Securities Pvt. Ltd.,2026-04-15 14:50:36.963714,Soaltee Hotel Limited
2026041504030763,SHL,62,100,375,520.2,195075.0,2026-04-15,186512633,147,Capital Max Securities Ltd,Sunrise Securities Limited,2026-04-15 14:50:57.781196,Soaltee Hotel Limited
2026041504030832,SHL,62,44,350,520.2,182070.0,2026-04-15,186513033,147,Capital Max Securities Ltd,Dynamic Money Managers Securities Pvt. Ltd.,2026-04-15 14:51:17.921604,Soaltee Hotel Limited
2026041504030908,SHL,62,100,275,520.2,143055.0,2026-04-15,186513639,147,Capital Max Securities Ltd,Sunrise Securities Limited,2026-04-15 14:51:33.895944,Soaltee Hotel Limited
2026041504030977,SHL,33,100,320,520.1,166432.0,2026-04-15,186514075,147,Dakshinkali Investment & Securities Pvt. Ltd.,Sunrise Securities Limited,2026-04-15 14:51:55.672694,Soaltee Hotel Limited
2026041504030998,SHL,33,100,325,520.1,169032.5,2026-04-15,186514343,147,Dakshinkali Investment & Securities Pvt. Ltd.,Sunrise Securities Limited,2026-04-15 14:52:08.181897,Soaltee Hotel Limited
2026041504031035,SHL,33,100,300,520.1,156030.0,2026-04-15,186514607,147,Dakshinkali Investment & Securities Pvt. Ltd.,Sunrise Securities Limited,2026-04-15 14:52:21.695131,Soaltee Hotel Limited
2026041504031064,SHL,33,100,300,520.1,156030.0,2026-04-15,186514841,147,Dakshinkali Investment & Securities Pvt. Ltd.,Sunrise Securities Limited,2026-04-15 14:52:35.109179,Soaltee Hotel Limited
2026041504031199,SHL,66,44,100,521.1,52110.0,2026-04-15,186515753,147,Miyo Securities Pvt Ltd,Dynamic Money Managers Securities Pvt. Ltd.,2026-04-15 14:53:19.160107,Soaltee Hotel Limited
2026041504031227,SHL,33,100,300,520.1,156030.0,2026-04-15,186515965,147,Dakshinkali Investment & Securities Pvt. Ltd.,Sunrise Securities Limited,2026-04-15 14:53:34.002176,Soaltee Hotel Limited
2026041504031272,SHL,13,100,200,520.0,104000.0,2026-04-15,186516259,147,Thrive Brokerage House Pvt. Ltd,Sunrise Securities Limited,2026-04-15 14:53:49.861331,Soaltee Hotel Limited
2026041504031314,SHL,13,100,221,520.0,114920.0,2026-04-15,186516529,147,Thrive Brokerage House Pvt. Ltd,Sunrise Securities Limited,2026-04-15 14:54:03.554866,Soaltee Hotel Limited
2026041504031999,SHL,25,14,100,521.0,52100.0,2026-04-15,186521288,147,Sweta Securities Private Limited,Nepal Stock House (PVT) Ltd.,2026-04-15 14:56:48.160273,Soaltee Hotel Limited
2026041504032035,SHL,13,42,112,520.0,58240.0,2026-04-15,186521485,147,Thrive Brokerage House Pvt. Ltd,Sani Securities Company Ltd.,2026-04-15 14:56:54.044702,Soaltee Hotel Limited
2026041504032195,SHL,38,56,100,521.0,52100.0,2026-04-15,186522467,147,Dipshikha Dhitopatra Karobar Co. Pvt Ltd.,Sri Hari Securities Pvt. Ltd.,2026-04-15 14:57:21.252588,Soaltee Hotel Limited
2026041504032196,SHL,38,44,100,521.1,52110.0,2026-04-15,186522470,147,Dipshikha Dhitopatra Karobar Co. Pvt Ltd.,Dynamic Money Managers Securities Pvt. Ltd.,2026-04-15 14:57:21.252633,Soaltee Hotel Limited
2026041504032893,SHL,42,58,100,520.0,52000.0,2026-04-15,186526539,147,Sani Securities Company Ltd.,Naasa Securities Co. Ltd.,2026-04-15 14:59:07.813177,Soaltee Hotel Limited
2026041504033198,SHL,62,32,241,519.0,125079.0,2026-04-15,186528465,147,Capital Max Securities Ltd,Premier Securities Company Ltd.,2026-04-15 14:59:35.903683,Soaltee Hotel Limited
2026041504033219,SHL,62,29,100,519.0,51900.0,2026-04-15,186528551,147,Capital Max Securities Ltd,Trisul Securities & Invt. Ltd.,2026-04-15 14:59:36.869748,Soaltee Hotel Limited
2026041504033412,SHL,16,17,250,520.0,130000.0,2026-04-15,186530066,147,Primo Securities (PVT) Ltd.,ABC Securities Private Limited,2026-04-15 14:59:53.002542,Soaltee Hotel Limited
2026041504033413,SHL,16,34,100,520.0,52000.0,2026-04-15,186530070,147,Primo Securities (PVT) Ltd.,Vision Securities Pvt. Ltd,2026-04-15 14:59:53.003076,Soaltee Hotel Limited
2026041504033414,SHL,16,47,334,520.0,173680.0,2026-04-15,186530073,147,Primo Securities (PVT) Ltd.,Neev Securities Pvt. Ltd.,2026-04-15 14:59:53.003467,Soaltee Hotel Limited
2026041504033415,SHL,16,44,295,521.1,153724.5,2026-04-15,186530075,147,Primo Securities (PVT) Ltd.,Dynamic Money Managers Securities Pvt. Ltd.,2026-04-15 14:59:53.003829,Soaltee Hotel Limited
2026041504033416,SHL,16,44,210,521.1,109431.0,2026-04-15,186530077,147,Primo Securities (PVT) Ltd.,Dynamic Money Managers Securities Pvt. Ltd.,2026-04-15 14:59:53.004177,Soaltee Hotel Limited
2026041504033417,SHL,16,33,230,521.1,119853.0,2026-04-15,186530079,147,Primo Securities (PVT) Ltd.,Dakshinkali Investment & Securities Pvt. Ltd.,2026-04-15 14:59:53.004542,Soaltee Hotel Limited
