contract_id,symbol,buyer_member_id,seller_member_id,volume,price,amount,buyer_broker,seller_broker,transaction_time
2026041504000058,UNHPL,57,62,10,525.0,5250.0,Aryatara Investment & Securities,Capital Max Securities Ltd,2026-04-15 11:00:47.636356
2026041504000235,UNHPL,41,39,100,515.2,51520.0,Linch Stock Market Ltd.,Sumeru Securities Pvt. Ltd.,2026-04-15 11:02:49.556288
2026041504000236,UNHPL,48,39,50,514.5,25725.0,Trishakti Securities Public Limited,Sumeru Securities Pvt. Ltd.,2026-04-15 11:02:49.556343
2026041504000237,UNHPL,56,39,1850,514.5,951825.0,Sri Hari Securities Pvt. Ltd.,Sumeru Securities Pvt. Ltd.,2026-04-15 11:02:49.556384
2026041504000266,UNHPL,56,39,150,514.5,77175.0,Sri Hari Securities Pvt. Ltd.,Sumeru Securities Pvt. Ltd.,2026-04-15 11:03:00.364111
2026041504000267,UNHPL,34,39,350,514.5,180075.0,Vision Securities Pvt. Ltd,Sumeru Securities Pvt. Ltd.,2026-04-15 11:03:00.364157
2026041504000499,UNHPL,48,39,50,515.1,25755.0,Trishakti Securities Public Limited,Sumeru Securities Pvt. Ltd.,2026-04-15 11:05:03.435355
2026041504000500,UNHPL,50,39,200,515.0,103000.0,Cristal Kanchanjanga Securites Pvt. Ltd.,Sumeru Securities Pvt. Ltd.,2026-04-15 11:05:03.435419
2026041504000501,UNHPL,34,39,900,515.0,463500.0,Vision Securities Pvt. Ltd,Sumeru Securities Pvt. Ltd.,2026-04-15 11:05:03.435451
2026041504000502,UNHPL,58,39,16,515.0,8240.0,Naasa Securities Co. Ltd.,Sumeru Securities Pvt. Ltd.,2026-04-15 11:05:03.435492
2026041504000503,UNHPL,34,39,334,514.6,171876.4,Vision Securities Pvt. Ltd,Sumeru Securities Pvt. Ltd.,2026-04-15 11:05:03.435519
2026041504000513,UNHPL,42,39,600,515.0,309000.0,Sani Securities Company Ltd.,Sumeru Securities Pvt. Ltd.,2026-04-15 11:05:09.963339
2026041504000736,UNHPL,6,39,200,515.2,103040.0,Agrawal Securities (PVT) Ltd.,Sumeru Securities Pvt. Ltd.,2026-04-15 11:07:05.705853
2026041504000737,UNHPL,42,39,100,515.0,51500.0,Sani Securities Company Ltd.,Sumeru Securities Pvt. Ltd.,2026-04-15 11:07:05.706006
2026041504000738,UNHPL,86,39,1000,515.0,515000.0,Stoxkarts Securities Limited,Sumeru Securities Pvt. Ltd.,2026-04-15 11:07:05.706107
2026041504000739,UNHPL,38,39,700,515.0,360500.0,Dipshikha Dhitopatra Karobar Co. Pvt Ltd.,Sumeru Securities Pvt. Ltd.,2026-04-15 11:07:05.706234
2026041504000740,UNHPL,38,39,700,515.0,360500.0,Dipshikha Dhitopatra Karobar Co. Pvt Ltd.,Sumeru Securities Pvt. Ltd.,2026-04-15 11:07:05.706398
2026041504000741,UNHPL,38,39,300,515.0,154500.0,Dipshikha Dhitopatra Karobar Co. Pvt Ltd.,Sumeru Securities Pvt. Ltd.,2026-04-15 11:07:05.706541
2026041504000939,UNHPL,33,39,50,515.6,25780.0,Dakshinkali Investment & Securities Pvt. Ltd.,Sumeru Securities Pvt. Ltd.,2026-04-15 11:08:30.704237
2026041504000940,UNHPL,18,39,300,515.5,154650.0,Sagarmatha Securities Private Limited,Sumeru Securities Pvt. Ltd.,2026-04-15 11:08:30.704460
2026041504000941,UNHPL,38,39,100,515.3,51530.0,Dipshikha Dhitopatra Karobar Co. Pvt Ltd.,Sumeru Securities Pvt. Ltd.,2026-04-15 11:08:30.704601
2026041504000942,UNHPL,84,39,2550,515.2,1313760.0,MILKY WAY SHARE BROKER COMPANY LTD ,Sumeru Securities Pvt. Ltd.,2026-04-15 11:08:30.704708
2026041504000966,UNHPL,84,39,450,515.2,231840.0,MILKY WAY SHARE BROKER COMPANY LTD ,Sumeru Securities Pvt. Ltd.,2026-04-15 11:08:41.204393
2026041504000967,UNHPL,41,39,50,515.2,25760.0,Linch Stock Market Ltd.,Sumeru Securities Pvt. Ltd.,2026-04-15 11:08:41.204510
2026041504001093,UNHPL,34,39,900,516.1,464490.0,Vision Securities Pvt. Ltd,Sumeru Securities Pvt. Ltd.,2026-04-15 11:09:58.931726
2026041504001094,UNHPL,22,39,300,516.1,154830.0,Siprabi Securities Pvt. Ltd.,Sumeru Securities Pvt. Ltd.,2026-04-15 11:09:58.931874
2026041504001095,UNHPL,21,39,200,516.0,103200.0,Midas Stock Broking Company Private Limited,Sumeru Securities Pvt. Ltd.,2026-04-15 11:09:58.931985
2026041504001636,UNHPL,45,39,130,517.0,67210.0,Imperial Securities Company Pvt. Ltd.,Sumeru Securities Pvt. Ltd.,2026-04-15 11:14:12.238137
2026041504001637,UNHPL,54,39,300,517.0,155100.0,Sewa Securities Pvt. Ltd.,Sumeru Securities Pvt. Ltd.,2026-04-15 11:14:12.238176
2026041504001638,UNHPL,58,39,100,516.4,51640.0,Naasa Securities Co. Ltd.,Sumeru Securities Pvt. Ltd.,2026-04-15 11:14:12.238201
2026041504001639,UNHPL,22,39,200,516.3,103260.0,Siprabi Securities Pvt. Ltd.,Sumeru Securities Pvt. Ltd.,2026-04-15 11:14:12.238227
2026041504001640,UNHPL,18,39,200,516.2,103240.0,Sagarmatha Securities Private Limited,Sumeru Securities Pvt. Ltd.,2026-04-15 11:14:12.238252
2026041504001641,UNHPL,84,39,1570,516.2,810434.0,MILKY WAY SHARE BROKER COMPANY LTD ,Sumeru Securities Pvt. Ltd.,2026-04-15 11:14:12.238284
2026041504001666,UNHPL,84,39,400,516.2,206480.0,MILKY WAY SHARE BROKER COMPANY LTD ,Sumeru Securities Pvt. Ltd.,2026-04-15 11:14:19.057374
2026041504001699,UNHPL,39,49,200,517.0,103400.0,Sumeru Securities Pvt. Ltd.,Online Securities Pvt. Ltd.,2026-04-15 11:14:43.482881
2026041504001713,UNHPL,39,34,800,517.0,413600.0,Sumeru Securities Pvt. Ltd.,Vision Securities Pvt. Ltd,2026-04-15 11:14:56.079476
2026041504001744,UNHPL,39,34,60,517.0,31020.0,Sumeru Securities Pvt. Ltd.,Vision Securities Pvt. Ltd,2026-04-15 11:15:00.681649
2026041504001764,UNHPL,39,84,10,521.8,5218.0,Sumeru Securities Pvt. Ltd.,MILKY WAY SHARE BROKER COMPANY LTD ,2026-04-15 11:15:10.653536
2026041504002061,UNHPL,77,39,800,518.0,414400.0,Nabil Stock Dealer Ltd.,Sumeru Securities Pvt. Ltd.,2026-04-15 11:17:49.751299
2026041504002066,UNHPL,39,57,100,522.0,52200.0,Sumeru Securities Pvt. Ltd.,Aryatara Investment & Securities,2026-04-15 11:17:53.004845
2026041504002077,UNHPL,39,62,50,522.0,26100.0,Sumeru Securities Pvt. Ltd.,Capital Max Securities Ltd,2026-04-15 11:18:08.587980
2026041504003043,UNHPL,62,39,100,518.1,51810.0,Capital Max Securities Ltd,Sumeru Securities Pvt. Ltd.,2026-04-15 11:26:21.262777
2026041504003044,UNHPL,51,39,10,518.1,5181.0,Oxford Securities Pvt. Ltd.,Sumeru Securities Pvt. Ltd.,2026-04-15 11:26:21.262921
2026041504003045,UNHPL,77,39,200,518.0,103600.0,Nabil Stock Dealer Ltd.,Sumeru Securities Pvt. Ltd.,2026-04-15 11:26:21.262976
2026041504003046,UNHPL,62,39,50,518.0,25900.0,Capital Max Securities Ltd,Sumeru Securities Pvt. Ltd.,2026-04-15 11:26:21.263022
2026041504003047,UNHPL,62,39,100,518.0,51800.0,Capital Max Securities Ltd,Sumeru Securities Pvt. Ltd.,2026-04-15 11:26:21.263070
2026041504003048,UNHPL,77,39,540,518.0,279720.0,Nabil Stock Dealer Ltd.,Sumeru Securities Pvt. Ltd.,2026-04-15 11:26:21.263133
2026041504003062,UNHPL,77,39,460,518.0,238280.0,Nabil Stock Dealer Ltd.,Sumeru Securities Pvt. Ltd.,2026-04-15 11:26:31.955375
2026041504003068,UNHPL,39,22,35,520.0,18200.0,Sumeru Securities Pvt. Ltd.,Siprabi Securities Pvt. Ltd.,2026-04-15 11:26:36.254560
2026041504003069,UNHPL,39,62,500,520.0,260000.0,Sumeru Securities Pvt. Ltd.,Capital Max Securities Ltd,2026-04-15 11:26:36.254680
2026041504003085,UNHPL,39,6,10,522.0,5220.0,Sumeru Securities Pvt. Ltd.,Agrawal Securities (PVT) Ltd.,2026-04-15 11:26:42.000048
2026041504003133,UNHPL,39,62,65,520.0,33800.0,Sumeru Securities Pvt. Ltd.,Capital Max Securities Ltd,2026-04-15 11:27:09.064172
2026041504003181,UNHPL,39,6,10,522.0,5220.0,Sumeru Securities Pvt. Ltd.,Agrawal Securities (PVT) Ltd.,2026-04-15 11:27:38.931498
2026041504003322,UNHPL,62,49,75,517.1,38782.5,Capital Max Securities Ltd,Online Securities Pvt. Ltd.,2026-04-15 11:29:07.268043
2026041504003323,UNHPL,39,49,40,517.0,20680.0,Sumeru Securities Pvt. Ltd.,Online Securities Pvt. Ltd.,2026-04-15 11:29:07.268286
2026041504003324,UNHPL,62,49,135,517.0,69795.0,Capital Max Securities Ltd,Online Securities Pvt. Ltd.,2026-04-15 11:29:07.268486
2026041504003537,UNHPL,62,3,40,518.0,20720.0,Capital Max Securities Ltd,Arun Securities (PVT) Ltd.,2026-04-15 11:30:46.876454
2026041504003613,UNHPL,46,39,78,518.0,40404.0,Kalika Securities Pvt. Ltd.,Sumeru Securities Pvt. Ltd.,2026-04-15 11:31:29.202054
2026041504003614,UNHPL,62,39,500,517.1,258550.0,Capital Max Securities Ltd,Sumeru Securities Pvt. Ltd.,2026-04-15 11:31:29.202103
2026041504003615,UNHPL,62,39,65,517.0,33605.0,Capital Max Securities Ltd,Sumeru Securities Pvt. Ltd.,2026-04-15 11:31:29.202134
2026041504003616,UNHPL,84,39,30,516.2,15486.0,MILKY WAY SHARE BROKER COMPANY LTD ,Sumeru Securities Pvt. Ltd.,2026-04-15 11:31:29.202174
2026041504003617,UNHPL,62,39,327,516.2,168797.4,Capital Max Securities Ltd,Sumeru Securities Pvt. Ltd.,2026-04-15 11:31:29.202202
2026041504003640,UNHPL,39,62,10,521.9,5219.0,Sumeru Securities Pvt. Ltd.,Capital Max Securities Ltd,2026-04-15 11:31:44.197649
2026041504004810,UNHPL,59,49,250,517.0,129250.0,Deevyaa Securities & Stock House Pvt. Ltd,Online Securities Pvt. Ltd.,2026-04-15 11:41:06.302104
2026041504005047,UNHPL,14,26,50,520.0,26000.0,Nepal Stock House (PVT) Ltd.,Asian Securities Private Ltd.,2026-04-15 11:43:17.135356
2026041504005458,UNHPL,13,42,10,520.0,5200.0,Thrive Brokerage House Pvt. Ltd,Sani Securities Company Ltd.,2026-04-15 11:46:06.619224
2026041504006797,UNHPL,38,42,490,520.0,254800.0,Dipshikha Dhitopatra Karobar Co. Pvt Ltd.,Sani Securities Company Ltd.,2026-04-15 11:53:38.549855
2026041504006798,UNHPL,38,49,10,520.0,5200.0,Dipshikha Dhitopatra Karobar Co. Pvt Ltd.,Online Securities Pvt. Ltd.,2026-04-15 11:53:38.550023
2026041504007088,UNHPL,41,39,100,516.4,51640.0,Linch Stock Market Ltd.,Sumeru Securities Pvt. Ltd.,2026-04-15 11:55:36.669658
2026041504007089,UNHPL,22,39,200,516.3,103260.0,Siprabi Securities Pvt. Ltd.,Sumeru Securities Pvt. Ltd.,2026-04-15 11:55:36.669767
2026041504007090,UNHPL,19,39,17,516.3,8777.1,Nepal Investment And Securities Trading Private Limited,Sumeru Securities Pvt. Ltd.,2026-04-15 11:55:36.669845
2026041504007091,UNHPL,75,39,1333,516.3,688227.9,N.I.M.B. Stock Markets Limited,Sumeru Securities Pvt. Ltd.,2026-04-15 11:55:36.669916
2026041504007092,UNHPL,62,39,173,516.2,89302.6,Capital Max Securities Ltd,Sumeru Securities Pvt. Ltd.,2026-04-15 11:55:36.669992
2026041504007093,UNHPL,35,39,1000,516.2,516200.0,Kohinoor Investment & Securities Pvt. Ltd.,Sumeru Securities Pvt. Ltd.,2026-04-15 11:55:36.670065
2026041504007183,UNHPL,62,49,10,520.0,5200.0,Capital Max Securities Ltd,Online Securities Pvt. Ltd.,2026-04-15 11:56:06.773188
2026041504007247,UNHPL,58,49,280,520.0,145600.0,Naasa Securities Co. Ltd.,Online Securities Pvt. Ltd.,2026-04-15 11:56:34.821186
2026041504007248,UNHPL,58,32,20,520.0,10400.0,Naasa Securities Co. Ltd.,Premier Securities Company Ltd.,2026-04-15 11:56:34.821232
2026041504007262,UNHPL,39,38,50,516.3,25815.0,Sumeru Securities Pvt. Ltd.,Dipshikha Dhitopatra Karobar Co. Pvt Ltd.,2026-04-15 11:56:41.249171
2026041504007390,UNHPL,43,39,500,516.4,258200.0,South Asian Bulls Pvt. Ltd.,Sumeru Securities Pvt. Ltd.,2026-04-15 11:57:03.470853
2026041504007415,UNHPL,39,32,10,520.0,5200.0,Sumeru Securities Pvt. Ltd.,Premier Securities Company Ltd.,2026-04-15 11:57:08.070878
2026041504007567,UNHPL,43,38,200,516.4,103280.0,South Asian Bulls Pvt. Ltd.,Dipshikha Dhitopatra Karobar Co. Pvt Ltd.,2026-04-15 11:58:05.327587
2026041504007790,UNHPL,58,32,150,520.0,78000.0,Naasa Securities Co. Ltd.,Premier Securities Company Ltd.,2026-04-15 11:58:56.872745
2026041504008963,UNHPL,8,32,200,517.0,103400.0,Brilliant Securities Pvt. Ltd.,Premier Securities Company Ltd.,2026-04-15 12:04:55.647162
2026041504008964,UNHPL,36,32,500,517.0,258500.0,Secured Securities Ltd.,Premier Securities Company Ltd.,2026-04-15 12:04:55.647455
2026041504008965,UNHPL,36,32,200,517.0,103400.0,Secured Securities Ltd.,Premier Securities Company Ltd.,2026-04-15 12:04:55.647626
2026041504009046,UNHPL,36,42,300,517.0,155100.0,Secured Securities Ltd.,Sani Securities Company Ltd.,2026-04-15 12:05:24.824532
2026041504009094,UNHPL,62,42,500,519.9,259950.0,Capital Max Securities Ltd,Sani Securities Company Ltd.,2026-04-15 12:05:44.780527
2026041504009095,UNHPL,62,32,1490,520.0,774800.0,Capital Max Securities Ltd,Premier Securities Company Ltd.,2026-04-15 12:05:44.780811
2026041504009769,UNHPL,43,42,200,518.1,103620.0,South Asian Bulls Pvt. Ltd.,Sani Securities Company Ltd.,2026-04-15 12:09:31.555672
2026041504009873,UNHPL,39,17,12,518.0,6216.0,Sumeru Securities Pvt. Ltd.,ABC Securities Private Limited,2026-04-15 12:10:24.177783
2026041504010094,UNHPL,57,21,17,518.1,8807.7,Aryatara Investment & Securities,Midas Stock Broking Company Private Limited,2026-04-15 12:12:11.793956
2026041504010172,UNHPL,57,42,83,518.1,43002.3,Aryatara Investment & Securities,Sani Securities Company Ltd.,2026-04-15 12:12:43.816809
2026041504010173,UNHPL,39,42,217,518.0,112406.0,Sumeru Securities Pvt. Ltd.,Sani Securities Company Ltd.,2026-04-15 12:12:43.816968
2026041504010180,UNHPL,39,88,1000,518.0,518000.0,Sumeru Securities Pvt. Ltd.,Blue Chip Securities Ltd,2026-04-15 12:12:45.977296
2026041504010300,UNHPL,39,42,300,518.0,155400.0,Sumeru Securities Pvt. Ltd.,Sani Securities Company Ltd.,2026-04-15 12:13:27.470487
2026041504010310,UNHPL,39,42,200,519.0,103800.0,Sumeru Securities Pvt. Ltd.,Sani Securities Company Ltd.,2026-04-15 12:13:38.478175
2026041504010438,UNHPL,70,39,100,516.7,51670.0,Infinity Securities Limited,Sumeru Securities Pvt. Ltd.,2026-04-15 12:14:08.316193
2026041504010439,UNHPL,62,39,1500,516.7,775050.0,Capital Max Securities Ltd,Sumeru Securities Pvt. Ltd.,2026-04-15 12:14:08.316282
2026041504010440,UNHPL,21,39,10,516.6,5166.0,Midas Stock Broking Company Private Limited,Sumeru Securities Pvt. Ltd.,2026-04-15 12:14:08.316381
2026041504010861,UNHPL,39,42,300,519.0,155700.0,Sumeru Securities Pvt. Ltd.,Sani Securities Company Ltd.,2026-04-15 12:16:18.773165
2026041504010997,UNHPL,39,34,40,519.0,20760.0,Sumeru Securities Pvt. Ltd.,Vision Securities Pvt. Ltd,2026-04-15 12:17:16.982522
2026041504011022,UNHPL,39,62,10,519.4,5194.0,Sumeru Securities Pvt. Ltd.,Capital Max Securities Ltd,2026-04-15 12:17:36.602552
2026041504011357,UNHPL,41,39,50,516.6,25830.0,Linch Stock Market Ltd.,Sumeru Securities Pvt. Ltd.,2026-04-15 12:19:29.474938
2026041504011358,UNHPL,4,39,190,516.5,98135.0,Opal Securities Investment (PVT) Ltd.,Sumeru Securities Pvt. Ltd.,2026-04-15 12:19:29.474978
2026041504011359,UNHPL,77,39,2950,516.5,1523675.0,Nabil Stock Dealer Ltd.,Sumeru Securities Pvt. Ltd.,2026-04-15 12:19:29.475002
2026041504011374,UNHPL,39,62,480,519.4,249312.0,Sumeru Securities Pvt. Ltd.,Capital Max Securities Ltd,2026-04-15 12:19:39.160381
2026041504011394,UNHPL,39,98,1000,519.5,519500.0,Sumeru Securities Pvt. Ltd.,Trademow Securities Private Limited,2026-04-15 12:19:46.336632
2026041504011404,UNHPL,39,32,330,520.0,171600.0,Sumeru Securities Pvt. Ltd.,Premier Securities Company Ltd.,2026-04-15 12:19:51.026097
2026041504011405,UNHPL,39,14,200,520.0,104000.0,Sumeru Securities Pvt. Ltd.,Nepal Stock House (PVT) Ltd.,2026-04-15 12:19:51.026398
2026041504011406,UNHPL,39,58,1000,520.0,520000.0,Sumeru Securities Pvt. Ltd.,Naasa Securities Co. Ltd.,2026-04-15 12:19:51.026579
2026041504011429,UNHPL,39,38,10,521.0,5210.0,Sumeru Securities Pvt. Ltd.,Dipshikha Dhitopatra Karobar Co. Pvt Ltd.,2026-04-15 12:19:55.698628
2026041504011727,UNHPL,39,38,40,521.0,20840.0,Sumeru Securities Pvt. Ltd.,Dipshikha Dhitopatra Karobar Co. Pvt Ltd.,2026-04-15 12:21:18.590693
2026041504011728,UNHPL,39,62,500,521.0,260500.0,Sumeru Securities Pvt. Ltd.,Capital Max Securities Ltd,2026-04-15 12:21:18.590962
2026041504011729,UNHPL,39,50,18,521.0,9378.0,Sumeru Securities Pvt. Ltd.,Cristal Kanchanjanga Securites Pvt. Ltd.,2026-04-15 12:21:18.591133
2026041504011730,UNHPL,39,42,42,521.0,21882.0,Sumeru Securities Pvt. Ltd.,Sani Securities Company Ltd.,2026-04-15 12:21:18.591301
2026041504011756,UNHPL,39,42,63,521.3,32841.9,Sumeru Securities Pvt. Ltd.,Sani Securities Company Ltd.,2026-04-15 12:21:23.904483
2026041504012271,UNHPL,39,65,37,521.3,19288.1,Sumeru Securities Pvt. Ltd.,Sharepro Securities Private Limited,2026-04-15 12:24:18.768152
2026041504012272,UNHPL,39,65,70,520.0,36400.0,Sumeru Securities Pvt. Ltd.,Sharepro Securities Private Limited,2026-04-15 12:24:18.768381
2026041504012343,UNHPL,41,57,9,510.0,4590.0,Linch Stock Market Ltd.,Aryatara Investment & Securities,2026-04-15 12:24:36.423918
2026041504012508,UNHPL,39,65,393,520.0,204360.0,Sumeru Securities Pvt. Ltd.,Sharepro Securities Private Limited,2026-04-15 12:25:23.929063
2026041504012516,UNHPL,39,62,10,521.3,5213.0,Sumeru Securities Pvt. Ltd.,Capital Max Securities Ltd,2026-04-15 12:25:30.057473
2026041504012961,UNHPL,39,95,57,520.0,29640.0,Sumeru Securities Pvt. Ltd.,Magnet Securities and Investment Company Private Limited,2026-04-15 12:27:44.220699
2026041504013246,UNHPL,39,42,100,519.5,51950.0,Sumeru Securities Pvt. Ltd.,Sani Securities Company Ltd.,2026-04-15 12:29:15.937106
2026041504013345,UNHPL,36,42,500,519.9,259950.0,Secured Securities Ltd.,Sani Securities Company Ltd.,2026-04-15 12:30:01.196759
2026041504013751,UNHPL,39,42,20,519.4,10388.0,Sumeru Securities Pvt. Ltd.,Sani Securities Company Ltd.,2026-04-15 12:32:10.072101
2026041504013752,UNHPL,11,42,80,519.4,41552.0,Malla & Malla Stock Broking Company Pvt. Limited,Sani Securities Company Ltd.,2026-04-15 12:32:10.072263
2026041504013855,UNHPL,11,42,100,519.4,51940.0,Malla & Malla Stock Broking Company Pvt. Limited,Sani Securities Company Ltd.,2026-04-15 12:32:59.907844
2026041504013888,UNHPL,11,42,20,519.4,10388.0,Malla & Malla Stock Broking Company Pvt. Limited,Sani Securities Company Ltd.,2026-04-15 12:33:16.878207
2026041504014134,UNHPL,32,39,50,516.6,25830.0,Premier Securities Company Ltd.,Sumeru Securities Pvt. Ltd.,2026-04-15 12:34:31.460341
2026041504014135,UNHPL,77,39,50,516.5,25825.0,Nabil Stock Dealer Ltd.,Sumeru Securities Pvt. Ltd.,2026-04-15 12:34:31.460436
2026041504014136,UNHPL,25,39,1000,516.5,516500.0,Sweta Securities Private Limited,Sumeru Securities Pvt. Ltd.,2026-04-15 12:34:31.460466
2026041504014137,UNHPL,57,39,400,516.4,206560.0,Aryatara Investment & Securities,Sumeru Securities Pvt. Ltd.,2026-04-15 12:34:31.460491
2026041504014152,UNHPL,39,62,490,519.9,254751.0,Sumeru Securities Pvt. Ltd.,Capital Max Securities Ltd,2026-04-15 12:34:39.223179
2026041504014153,UNHPL,39,95,1110,520.0,577200.0,Sumeru Securities Pvt. Ltd.,Magnet Securities and Investment Company Private Limited,2026-04-15 12:34:39.223351
2026041504014170,UNHPL,39,95,33,520.0,17160.0,Sumeru Securities Pvt. Ltd.,Magnet Securities and Investment Company Private Limited,2026-04-15 12:34:44.615129
2026041504014177,UNHPL,39,4,10,521.3,5213.0,Sumeru Securities Pvt. Ltd.,Opal Securities Investment (PVT) Ltd.,2026-04-15 12:34:48.726892
2026041504014344,UNHPL,39,62,67,520.0,34840.0,Sumeru Securities Pvt. Ltd.,Capital Max Securities Ltd,2026-04-15 12:36:01.516029
2026041504014401,UNHPL,39,41,10,521.0,5210.0,Sumeru Securities Pvt. Ltd.,Linch Stock Market Ltd.,2026-04-15 12:36:25.180297
2026041504014583,UNHPL,45,39,100,517.1,51710.0,Imperial Securities Company Pvt. Ltd.,Sumeru Securities Pvt. Ltd.,2026-04-15 12:37:54.061406
2026041504014584,UNHPL,43,39,800,517.0,413600.0,South Asian Bulls Pvt. Ltd.,Sumeru Securities Pvt. Ltd.,2026-04-15 12:37:54.061500
2026041504014606,UNHPL,39,42,100,520.9,52090.0,Sumeru Securities Pvt. Ltd.,Sani Securities Company Ltd.,2026-04-15 12:38:01.625601
2026041504014607,UNHPL,39,41,90,521.0,46890.0,Sumeru Securities Pvt. Ltd.,Linch Stock Market Ltd.,2026-04-15 12:38:01.625796
2026041504014621,UNHPL,39,4,10,521.3,5213.0,Sumeru Securities Pvt. Ltd.,Opal Securities Investment (PVT) Ltd.,2026-04-15 12:38:07.219532
2026041504014822,UNHPL,39,26,10,521.0,5210.0,Sumeru Securities Pvt. Ltd.,Asian Securities Private Ltd.,2026-04-15 12:39:59.373041
2026041504014868,UNHPL,45,39,100,517.3,51730.0,Imperial Securities Company Pvt. Ltd.,Sumeru Securities Pvt. Ltd.,2026-04-15 12:40:28.689408
2026041504014869,UNHPL,43,39,165,517.2,85338.0,South Asian Bulls Pvt. Ltd.,Sumeru Securities Pvt. Ltd.,2026-04-15 12:40:28.689506
2026041504014870,UNHPL,34,39,535,517.1,276648.5,Vision Securities Pvt. Ltd,Sumeru Securities Pvt. Ltd.,2026-04-15 12:40:28.689581
2026041504014875,UNHPL,39,42,100,520.9,52090.0,Sumeru Securities Pvt. Ltd.,Sani Securities Company Ltd.,2026-04-15 12:40:35.253045
2026041504014876,UNHPL,39,26,949,521.0,494429.0,Sumeru Securities Pvt. Ltd.,Asian Securities Private Ltd.,2026-04-15 12:40:35.253223
2026041504014883,UNHPL,39,42,50,521.2,26060.0,Sumeru Securities Pvt. Ltd.,Sani Securities Company Ltd.,2026-04-15 12:40:41.464222
2026041504014897,UNHPL,39,4,10,521.3,5213.0,Sumeru Securities Pvt. Ltd.,Opal Securities Investment (PVT) Ltd.,2026-04-15 12:40:47.087748
2026041504014993,UNHPL,39,62,50,521.2,26060.0,Sumeru Securities Pvt. Ltd.,Capital Max Securities Ltd,2026-04-15 12:41:17.851686
2026041504014994,UNHPL,39,62,150,521.0,78150.0,Sumeru Securities Pvt. Ltd.,Capital Max Securities Ltd,2026-04-15 12:41:17.852009
2026041504015064,UNHPL,39,4,720,521.3,375336.0,Sumeru Securities Pvt. Ltd.,Opal Securities Investment (PVT) Ltd.,2026-04-15 12:41:54.336649
2026041504015115,UNHPL,39,6,10,522.0,5220.0,Sumeru Securities Pvt. Ltd.,Agrawal Securities (PVT) Ltd.,2026-04-15 12:42:02.546411
2026041504015430,UNHPL,39,42,80,521.3,41704.0,Sumeru Securities Pvt. Ltd.,Sani Securities Company Ltd.,2026-04-15 12:44:38.228876
2026041504015798,UNHPL,34,21,245,518.0,126910.0,Vision Securities Pvt. Ltd,Midas Stock Broking Company Private Limited,2026-04-15 12:47:54.135199
2026041504015799,UNHPL,32,21,50,517.6,25880.0,Premier Securities Company Ltd.,Midas Stock Broking Company Private Limited,2026-04-15 12:47:54.135301
2026041504015800,UNHPL,45,21,100,517.6,51760.0,Imperial Securities Company Pvt. Ltd.,Midas Stock Broking Company Private Limited,2026-04-15 12:47:54.135413
2026041504015801,UNHPL,34,21,300,517.6,155280.0,Vision Securities Pvt. Ltd,Midas Stock Broking Company Private Limited,2026-04-15 12:47:54.135488
2026041504015802,UNHPL,62,21,200,517.2,103440.0,Capital Max Securities Ltd,Midas Stock Broking Company Private Limited,2026-04-15 12:47:54.135560
2026041504015803,UNHPL,62,21,60,516.8,31008.0,Capital Max Securities Ltd,Midas Stock Broking Company Private Limited,2026-04-15 12:47:54.135637
2026041504015804,UNHPL,57,21,100,516.4,51640.0,Aryatara Investment & Securities,Midas Stock Broking Company Private Limited,2026-04-15 12:47:54.135708
2026041504015805,UNHPL,39,21,450,516.3,232335.0,Sumeru Securities Pvt. Ltd.,Midas Stock Broking Company Private Limited,2026-04-15 12:47:54.135783
2026041504015806,UNHPL,21,21,10,516.3,5163.0,Midas Stock Broking Company Private Limited,Midas Stock Broking Company Private Limited,2026-04-15 12:47:54.135842
2026041504015807,UNHPL,39,21,1485,516.2,766557.0,Sumeru Securities Pvt. Ltd.,Midas Stock Broking Company Private Limited,2026-04-15 12:47:54.135910
2026041504015933,UNHPL,39,6,515,516.2,265843.0,Sumeru Securities Pvt. Ltd.,Agrawal Securities (PVT) Ltd.,2026-04-15 12:48:51.415752
2026041504015934,UNHPL,39,6,485,516.1,250308.5,Sumeru Securities Pvt. Ltd.,Agrawal Securities (PVT) Ltd.,2026-04-15 12:48:51.415852
2026041504015950,UNHPL,4,17,10,520.0,5200.0,Opal Securities Investment (PVT) Ltd.,ABC Securities Private Limited,2026-04-15 12:49:01.444525
2026041504016091,UNHPL,41,42,8,512.0,4096.0,Linch Stock Market Ltd.,Sani Securities Company Ltd.,2026-04-15 12:49:45.233689
2026041504016525,UNHPL,4,57,510,520.0,265200.0,Opal Securities Investment (PVT) Ltd.,Aryatara Investment & Securities,2026-04-15 12:53:43.162941
2026041504016526,UNHPL,4,70,90,520.0,46800.0,Opal Securities Investment (PVT) Ltd.,Infinity Securities Limited,2026-04-15 12:53:43.163225
2026041504016821,UNHPL,4,70,10,520.0,5200.0,Opal Securities Investment (PVT) Ltd.,Infinity Securities Limited,2026-04-15 12:55:31.953124
2026041504017032,UNHPL,4,65,230,520.0,119600.0,Opal Securities Investment (PVT) Ltd.,Sharepro Securities Private Limited,2026-04-15 12:57:14.643500
2026041504017608,UNHPL,19,42,50,519.9,25995.0,Nepal Investment And Securities Trading Private Limited,Sani Securities Company Ltd.,2026-04-15 13:02:09.580484
2026041504018761,UNHPL,45,6,100,517.6,51760.0,Imperial Securities Company Pvt. Ltd.,Agrawal Securities (PVT) Ltd.,2026-04-15 13:10:34.123796
2026041504018762,UNHPL,7,6,50,517.5,25875.0,J.F. Securites (PVT) Ltd.,Agrawal Securities (PVT) Ltd.,2026-04-15 13:10:34.124077
2026041504018763,UNHPL,6,6,300,517.5,155250.0,Agrawal Securities (PVT) Ltd.,Agrawal Securities (PVT) Ltd.,2026-04-15 13:10:34.124285
2026041504018764,UNHPL,86,6,35,517.5,18112.5,Stoxkarts Securities Limited,Agrawal Securities (PVT) Ltd.,2026-04-15 13:10:34.124493
2026041504018790,UNHPL,86,6,15,517.5,7762.5,Stoxkarts Securities Limited,Agrawal Securities (PVT) Ltd.,2026-04-15 13:10:50.585578
2026041504018791,UNHPL,58,6,135,517.5,69862.5,Naasa Securities Co. Ltd.,Agrawal Securities (PVT) Ltd.,2026-04-15 13:10:50.585768
2026041504018837,UNHPL,4,42,150,519.9,77985.0,Opal Securities Investment (PVT) Ltd.,Sani Securities Company Ltd.,2026-04-15 13:11:11.845107
2026041504018838,UNHPL,4,58,350,519.9,181965.0,Opal Securities Investment (PVT) Ltd.,Naasa Securities Co. Ltd.,2026-04-15 13:11:11.845292
2026041504019160,UNHPL,58,42,65,517.5,33637.5,Naasa Securities Co. Ltd.,Sani Securities Company Ltd.,2026-04-15 13:13:10.692087
2026041504019161,UNHPL,45,42,35,517.1,18098.5,Imperial Securities Company Pvt. Ltd.,Sani Securities Company Ltd.,2026-04-15 13:13:10.692424
2026041504019188,UNHPL,45,42,65,517.1,33611.5,Imperial Securities Company Pvt. Ltd.,Sani Securities Company Ltd.,2026-04-15 13:13:32.349804
2026041504019189,UNHPL,54,42,35,517.0,18095.0,Sewa Securities Pvt. Ltd.,Sani Securities Company Ltd.,2026-04-15 13:13:32.350171
2026041504019215,UNHPL,54,5,165,517.0,85305.0,Sewa Securities Pvt. Ltd.,Market Securities & Exchange (PVT) Ltd.,2026-04-15 13:13:40.674011
2026041504019216,UNHPL,49,5,35,517.0,18095.0,Online Securities Pvt. Ltd.,Market Securities & Exchange (PVT) Ltd.,2026-04-15 13:13:40.674376
2026041504019310,UNHPL,49,84,65,517.0,33605.0,Online Securities Pvt. Ltd.,MILKY WAY SHARE BROKER COMPANY LTD ,2026-04-15 13:14:22.412093
2026041504019311,UNHPL,38,84,100,517.0,51700.0,Dipshikha Dhitopatra Karobar Co. Pvt Ltd.,MILKY WAY SHARE BROKER COMPANY LTD ,2026-04-15 13:14:22.412419
2026041504019313,UNHPL,22,84,200,517.0,103400.0,Siprabi Securities Pvt. Ltd.,MILKY WAY SHARE BROKER COMPANY LTD ,2026-04-15 13:14:24.731203
2026041504019421,UNHPL,41,84,50,517.0,25850.0,Linch Stock Market Ltd.,MILKY WAY SHARE BROKER COMPANY LTD ,2026-04-15 13:15:14.409090
2026041504019498,UNHPL,41,84,50,517.0,25850.0,Linch Stock Market Ltd.,MILKY WAY SHARE BROKER COMPANY LTD ,2026-04-15 13:15:44.947620
2026041504019504,UNHPL,45,5,100,516.7,51670.0,Imperial Securities Company Pvt. Ltd.,Market Securities & Exchange (PVT) Ltd.,2026-04-15 13:15:50.590908
2026041504019505,UNHPL,49,5,10,516.6,5166.0,Online Securities Pvt. Ltd.,Market Securities & Exchange (PVT) Ltd.,2026-04-15 13:15:50.591098
2026041504019948,UNHPL,39,84,25,517.0,12925.0,Sumeru Securities Pvt. Ltd.,MILKY WAY SHARE BROKER COMPANY LTD ,2026-04-15 13:20:02.970065
2026041504019949,UNHPL,39,42,100,517.9,51790.0,Sumeru Securities Pvt. Ltd.,Sani Securities Company Ltd.,2026-04-15 13:20:02.970163
2026041504019950,UNHPL,39,36,75,518.0,38850.0,Sumeru Securities Pvt. Ltd.,Secured Securities Ltd.,2026-04-15 13:20:02.970268
2026041504020083,UNHPL,49,39,20,516.8,10336.0,Online Securities Pvt. Ltd.,Sumeru Securities Pvt. Ltd.,2026-04-15 13:21:09.112911
2026041504020084,UNHPL,33,39,100,516.8,51680.0,Dakshinkali Investment & Securities Pvt. Ltd.,Sumeru Securities Pvt. Ltd.,2026-04-15 13:21:09.112948
2026041504020085,UNHPL,45,39,100,516.7,51670.0,Imperial Securities Company Pvt. Ltd.,Sumeru Securities Pvt. Ltd.,2026-04-15 13:21:09.112979
2026041504020086,UNHPL,53,39,300,516.7,155010.0,Investment Management Nepal Pvt. Ltd.,Sumeru Securities Pvt. Ltd.,2026-04-15 13:21:09.113004
2026041504020087,UNHPL,80,39,500,516.6,258300.0,Indira securities pvt. ltd,Sumeru Securities Pvt. Ltd.,2026-04-15 13:21:09.113028
2026041504020088,UNHPL,57,39,200,516.6,103320.0,Aryatara Investment & Securities,Sumeru Securities Pvt. Ltd.,2026-04-15 13:21:09.113047
2026041504020089,UNHPL,59,39,250,516.5,129125.0,Deevyaa Securities & Stock House Pvt. Ltd,Sumeru Securities Pvt. Ltd.,2026-04-15 13:21:09.113071
2026041504020090,UNHPL,80,39,500,516.5,258250.0,Indira securities pvt. ltd,Sumeru Securities Pvt. Ltd.,2026-04-15 13:21:09.113090
2026041504020091,UNHPL,62,39,1000,516.4,516400.0,Capital Max Securities Ltd,Sumeru Securities Pvt. Ltd.,2026-04-15 13:21:09.113116
2026041504020092,UNHPL,41,39,50,516.2,25810.0,Linch Stock Market Ltd.,Sumeru Securities Pvt. Ltd.,2026-04-15 13:21:09.113141
2026041504020101,UNHPL,39,36,425,518.0,220150.0,Sumeru Securities Pvt. Ltd.,Secured Securities Ltd.,2026-04-15 13:21:13.938344
2026041504020113,UNHPL,39,42,100,518.9,51890.0,Sumeru Securities Pvt. Ltd.,Sani Securities Company Ltd.,2026-04-15 13:21:19.996037
2026041504020116,UNHPL,39,6,700,519.0,363300.0,Sumeru Securities Pvt. Ltd.,Agrawal Securities (PVT) Ltd.,2026-04-15 13:21:25.226440
2026041504020134,UNHPL,39,6,100,519.0,51900.0,Sumeru Securities Pvt. Ltd.,Agrawal Securities (PVT) Ltd.,2026-04-15 13:21:33.147657
2026041504020135,UNHPL,39,58,150,519.9,77985.0,Sumeru Securities Pvt. Ltd.,Naasa Securities Co. Ltd.,2026-04-15 13:21:33.147705
2026041504020136,UNHPL,39,58,500,519.9,259950.0,Sumeru Securities Pvt. Ltd.,Naasa Securities Co. Ltd.,2026-04-15 13:21:33.147729
2026041504020137,UNHPL,39,65,50,520.0,26000.0,Sumeru Securities Pvt. Ltd.,Sharepro Securities Private Limited,2026-04-15 13:21:33.147753
2026041504020166,UNHPL,39,42,50,518.9,25945.0,Sumeru Securities Pvt. Ltd.,Sani Securities Company Ltd.,2026-04-15 13:21:50.697616
2026041504020167,UNHPL,39,42,75,518.0,38850.0,Sumeru Securities Pvt. Ltd.,Sani Securities Company Ltd.,2026-04-15 13:21:50.697926
2026041504020431,UNHPL,39,42,75,518.0,38850.0,Sumeru Securities Pvt. Ltd.,Sani Securities Company Ltd.,2026-04-15 13:24:10.347720
2026041504020432,UNHPL,39,45,240,519.9,124776.0,Sumeru Securities Pvt. Ltd.,Imperial Securities Company Pvt. Ltd.,2026-04-15 13:24:10.347800
2026041504020433,UNHPL,39,65,35,520.0,18200.0,Sumeru Securities Pvt. Ltd.,Sharepro Securities Private Limited,2026-04-15 13:24:10.347829
2026041504020793,UNHPL,80,42,20,516.7,10334.0,Indira securities pvt. ltd,Sani Securities Company Ltd.,2026-04-15 13:27:31.576432
2026041504020840,UNHPL,14,84,10,519.7,5197.0,Nepal Stock House (PVT) Ltd.,MILKY WAY SHARE BROKER COMPANY LTD ,2026-04-15 13:27:48.529734
2026041504021068,UNHPL,41,84,13,519.5,6753.5,Linch Stock Market Ltd.,MILKY WAY SHARE BROKER COMPANY LTD ,2026-04-15 13:29:46.607625
2026041504021555,UNHPL,39,88,1,521.0,521.0,Sumeru Securities Pvt. Ltd.,Blue Chip Securities Ltd,2026-04-15 13:34:45.159810
2026041504022579,UNHPL,80,42,200,516.9,103380.0,Indira securities pvt. ltd,Sani Securities Company Ltd.,2026-04-15 13:46:11.900014
2026041504022580,UNHPL,86,42,500,516.8,258400.0,Stoxkarts Securities Limited,Sani Securities Company Ltd.,2026-04-15 13:46:11.900174
2026041504022581,UNHPL,80,42,250,516.7,129175.0,Indira securities pvt. ltd,Sani Securities Company Ltd.,2026-04-15 13:46:11.900244
2026041504022754,UNHPL,80,39,230,516.7,118841.0,Indira securities pvt. ltd,Sumeru Securities Pvt. Ltd.,2026-04-15 13:47:37.289610
2026041504022755,UNHPL,62,39,1500,516.6,774900.0,Capital Max Securities Ltd,Sumeru Securities Pvt. Ltd.,2026-04-15 13:47:37.289656
2026041504022756,UNHPL,26,39,900,516.6,464940.0,Asian Securities Private Ltd.,Sumeru Securities Pvt. Ltd.,2026-04-15 13:47:37.289682
2026041504022757,UNHPL,95,39,200,516.5,103300.0,Magnet Securities and Investment Company Private Limited,Sumeru Securities Pvt. Ltd.,2026-04-15 13:47:37.289713
2026041504022758,UNHPL,80,39,500,516.5,258250.0,Indira securities pvt. ltd,Sumeru Securities Pvt. Ltd.,2026-04-15 13:47:37.289737
2026041504022759,UNHPL,63,39,300,516.3,154890.0,Himalayan Brokerage Company Limited,Sumeru Securities Pvt. Ltd.,2026-04-15 13:47:37.289758
2026041504022760,UNHPL,80,39,370,516.3,191031.0,Indira securities pvt. ltd,Sumeru Securities Pvt. Ltd.,2026-04-15 13:47:37.289781
2026041504022773,UNHPL,39,13,50,518.5,25925.0,Sumeru Securities Pvt. Ltd.,Thrive Brokerage House Pvt. Ltd,2026-04-15 13:47:45.479204
2026041504022798,UNHPL,39,21,1010,518.8,523988.0,Sumeru Securities Pvt. Ltd.,Midas Stock Broking Company Private Limited,2026-04-15 13:47:59.899444
2026041504022803,UNHPL,39,43,1000,519.4,519400.0,Sumeru Securities Pvt. Ltd.,South Asian Bulls Pvt. Ltd.,2026-04-15 13:48:06.429880
2026041504022811,UNHPL,39,84,977,519.5,507551.5,Sumeru Securities Pvt. Ltd.,MILKY WAY SHARE BROKER COMPANY LTD ,2026-04-15 13:48:13.060684
2026041504022822,UNHPL,39,58,500,519.9,259950.0,Sumeru Securities Pvt. Ltd.,Naasa Securities Co. Ltd.,2026-04-15 13:48:17.544112
2026041504022823,UNHPL,39,58,500,519.9,259950.0,Sumeru Securities Pvt. Ltd.,Naasa Securities Co. Ltd.,2026-04-15 13:48:17.544461
2026041504022824,UNHPL,39,65,685,520.0,356200.0,Sumeru Securities Pvt. Ltd.,Sharepro Securities Private Limited,2026-04-15 13:48:17.544668
2026041504022825,UNHPL,39,57,100,520.0,52000.0,Sumeru Securities Pvt. Ltd.,Aryatara Investment & Securities,2026-04-15 13:48:17.544868
2026041504022826,UNHPL,39,36,54,520.0,28080.0,Sumeru Securities Pvt. Ltd.,Secured Securities Ltd.,2026-04-15 13:48:17.545061
2026041504022827,UNHPL,39,13,90,520.0,46800.0,Sumeru Securities Pvt. Ltd.,Thrive Brokerage House Pvt. Ltd,2026-04-15 13:48:17.545253
2026041504022844,UNHPL,39,14,10,521.0,5210.0,Sumeru Securities Pvt. Ltd.,Nepal Stock House (PVT) Ltd.,2026-04-15 13:48:22.816390
2026041504023018,UNHPL,39,84,71,520.0,36920.0,Sumeru Securities Pvt. Ltd.,MILKY WAY SHARE BROKER COMPANY LTD ,2026-04-15 13:50:03.059790
2026041504023284,UNHPL,61,84,100,520.0,52000.0,BHOLE GANESH SECURITIES LTD,MILKY WAY SHARE BROKER COMPANY LTD ,2026-04-15 13:51:46.143322
2026041504023722,UNHPL,39,84,23,519.5,11948.5,Sumeru Securities Pvt. Ltd.,MILKY WAY SHARE BROKER COMPANY LTD ,2026-04-15 13:54:21.529061
2026041504023723,UNHPL,39,84,100,519.4,51940.0,Sumeru Securities Pvt. Ltd.,MILKY WAY SHARE BROKER COMPANY LTD ,2026-04-15 13:54:21.529244
2026041504024266,UNHPL,39,84,90,518.8,46692.0,Sumeru Securities Pvt. Ltd.,MILKY WAY SHARE BROKER COMPANY LTD ,2026-04-15 14:00:26.397787
2026041504024267,UNHPL,39,84,50,518.5,25925.0,Sumeru Securities Pvt. Ltd.,MILKY WAY SHARE BROKER COMPANY LTD ,2026-04-15 14:00:26.398143
2026041504025331,UNHPL,39,62,100,517.1,51710.0,Sumeru Securities Pvt. Ltd.,Capital Max Securities Ltd,2026-04-15 14:15:03.156504
2026041504025332,UNHPL,14,62,100,517.0,51700.0,Nepal Stock House (PVT) Ltd.,Capital Max Securities Ltd,2026-04-15 14:15:03.156636
2026041504025333,UNHPL,80,62,1000,517.0,517000.0,Indira securities pvt. ltd,Capital Max Securities Ltd,2026-04-15 14:15:03.156707
2026041504025334,UNHPL,61,62,100,516.8,51680.0,BHOLE GANESH SECURITIES LTD,Capital Max Securities Ltd,2026-04-15 14:15:03.156777
2026041504025335,UNHPL,41,62,50,516.8,25840.0,Linch Stock Market Ltd.,Capital Max Securities Ltd,2026-04-15 14:15:03.156840
2026041504025336,UNHPL,86,62,500,516.7,258350.0,Stoxkarts Securities Limited,Capital Max Securities Ltd,2026-04-15 14:15:03.156920
2026041504025337,UNHPL,35,62,500,516.6,258300.0,Kohinoor Investment & Securities Pvt. Ltd.,Capital Max Securities Ltd,2026-04-15 14:15:03.156988
2026041504025338,UNHPL,58,62,650,516.6,335790.0,Naasa Securities Co. Ltd.,Capital Max Securities Ltd,2026-04-15 14:15:03.157075
2026041504025364,UNHPL,58,62,350,516.6,180810.0,Naasa Securities Co. Ltd.,Capital Max Securities Ltd,2026-04-15 14:15:23.080399
2026041504025365,UNHPL,57,62,900,516.6,464940.0,Aryatara Investment & Securities,Capital Max Securities Ltd,2026-04-15 14:15:23.080649
2026041504025366,UNHPL,41,62,50,516.6,25830.0,Linch Stock Market Ltd.,Capital Max Securities Ltd,2026-04-15 14:15:23.080720
2026041504025367,UNHPL,62,62,1700,516.5,878050.0,Capital Max Securities Ltd,Capital Max Securities Ltd,2026-04-15 14:15:23.080792
2026041504025372,UNHPL,62,62,800,516.5,413200.0,Capital Max Securities Ltd,Capital Max Securities Ltd,2026-04-15 14:15:30.029848
2026041504025373,UNHPL,22,62,900,516.5,464850.0,Siprabi Securities Pvt. Ltd.,Capital Max Securities Ltd,2026-04-15 14:15:30.029942
2026041504025374,UNHPL,62,62,300,516.5,154950.0,Capital Max Securities Ltd,Capital Max Securities Ltd,2026-04-15 14:15:30.030027
2026041504025387,UNHPL,62,84,66,519.8,34306.8,Capital Max Securities Ltd,MILKY WAY SHARE BROKER COMPANY LTD ,2026-04-15 14:15:35.629596
2026041504025388,UNHPL,62,21,500,519.8,259900.0,Capital Max Securities Ltd,Midas Stock Broking Company Private Limited,2026-04-15 14:15:35.629794
2026041504025404,UNHPL,62,22,20,520.0,10400.0,Capital Max Securities Ltd,Siprabi Securities Pvt. Ltd.,2026-04-15 14:15:41.813169
2026041504025412,UNHPL,62,42,100,520.8,52080.0,Capital Max Securities Ltd,Sani Securities Company Ltd.,2026-04-15 14:15:49.660195
2026041504025413,UNHPL,62,45,200,520.9,104180.0,Capital Max Securities Ltd,Imperial Securities Company Pvt. Ltd.,2026-04-15 14:15:49.660569
2026041504025445,UNHPL,62,14,10,521.0,5210.0,Capital Max Securities Ltd,Nepal Stock House (PVT) Ltd.,2026-04-15 14:15:55.326126
2026041504025589,UNHPL,62,11,100,520.9,52090.0,Capital Max Securities Ltd,Malla & Malla Stock Broking Company Pvt. Limited,2026-04-15 14:17:49.418807
2026041504025590,UNHPL,34,11,1000,520.9,520900.0,Vision Securities Pvt. Ltd,Malla & Malla Stock Broking Company Pvt. Limited,2026-04-15 14:17:49.418997
2026041504025833,UNHPL,62,41,50,520.0,26000.0,Capital Max Securities Ltd,Linch Stock Market Ltd.,2026-04-15 14:19:10.823113
2026041504025918,UNHPL,62,62,30,520.0,15600.0,Capital Max Securities Ltd,Capital Max Securities Ltd,2026-04-15 14:19:38.167013
2026041504025936,UNHPL,62,62,34,519.8,17673.2,Capital Max Securities Ltd,Capital Max Securities Ltd,2026-04-15 14:19:52.750983
2026041504026769,UNHPL,17,22,50,518.0,25900.0,ABC Securities Private Limited,Siprabi Securities Pvt. Ltd.,2026-04-15 14:24:42.869528
2026041504026978,UNHPL,17,42,40,518.0,20720.0,ABC Securities Private Limited,Sani Securities Company Ltd.,2026-04-15 14:25:57.855082
2026041504027300,UNHPL,49,51,10,518.1,5181.0,Online Securities Pvt. Ltd.,Oxford Securities Pvt. Ltd.,2026-04-15 14:27:42.407257
2026041504027686,UNHPL,49,49,50,518.1,25905.0,Online Securities Pvt. Ltd.,Online Securities Pvt. Ltd.,2026-04-15 14:29:35.432194
2026041504027845,UNHPL,49,57,10,518.1,5181.0,Online Securities Pvt. Ltd.,Aryatara Investment & Securities,2026-04-15 14:30:41.108052
2026041504028266,UNHPL,49,53,30,518.1,15543.0,Online Securities Pvt. Ltd.,Investment Management Nepal Pvt. Ltd.,2026-04-15 14:33:21.235488
2026041504028267,UNHPL,35,53,870,517.5,450225.0,Kohinoor Investment & Securities Pvt. Ltd.,Investment Management Nepal Pvt. Ltd.,2026-04-15 14:33:21.235727
2026041504028388,UNHPL,21,62,300,517.6,155280.0,Midas Stock Broking Company Private Limited,Capital Max Securities Ltd,2026-04-15 14:34:17.561183
2026041504028389,UNHPL,35,62,130,517.5,67275.0,Kohinoor Investment & Securities Pvt. Ltd.,Capital Max Securities Ltd,2026-04-15 14:34:17.561255
2026041504028390,UNHPL,35,62,1000,517.5,517500.0,Kohinoor Investment & Securities Pvt. Ltd.,Capital Max Securities Ltd,2026-04-15 14:34:17.561285
2026041504028391,UNHPL,75,62,2333,517.4,1207094.2,N.I.M.B. Stock Markets Limited,Capital Max Securities Ltd,2026-04-15 14:34:17.561307
2026041504028392,UNHPL,80,62,200,517.3,103460.0,Indira securities pvt. ltd,Capital Max Securities Ltd,2026-04-15 14:34:17.561346
2026041504028393,UNHPL,80,62,1037,517.3,536440.1,Indira securities pvt. ltd,Capital Max Securities Ltd,2026-04-15 14:34:17.561375
2026041504028417,UNHPL,80,62,2963,517.3,1532759.9,Indira securities pvt. ltd,Capital Max Securities Ltd,2026-04-15 14:34:24.829382
2026041504028418,UNHPL,6,62,1000,517.2,517200.0,Agrawal Securities (PVT) Ltd.,Capital Max Securities Ltd,2026-04-15 14:34:24.829492
2026041504028419,UNHPL,6,62,500,517.1,258550.0,Agrawal Securities (PVT) Ltd.,Capital Max Securities Ltd,2026-04-15 14:34:24.829570
2026041504028420,UNHPL,6,62,537,517.1,277682.7,Agrawal Securities (PVT) Ltd.,Capital Max Securities Ltd,2026-04-15 14:34:24.829648
2026041504028444,UNHPL,62,11,100,518.5,51850.0,Capital Max Securities Ltd,Malla & Malla Stock Broking Company Pvt. Limited,2026-04-15 14:34:32.392256
2026041504028449,UNHPL,62,42,30,518.9,15567.0,Capital Max Securities Ltd,Sani Securities Company Ltd.,2026-04-15 14:34:38.831943
2026041504028450,UNHPL,62,11,100,518.9,51890.0,Capital Max Securities Ltd,Malla & Malla Stock Broking Company Pvt. Limited,2026-04-15 14:34:38.832159
2026041504028472,UNHPL,62,1,1000,519.0,519000.0,Capital Max Securities Ltd,Kumari Securities Private Limited,2026-04-15 14:34:46.214279
2026041504028509,UNHPL,62,62,100,519.9,51990.0,Capital Max Securities Ltd,Capital Max Securities Ltd,2026-04-15 14:35:03.057730
2026041504028510,UNHPL,62,62,70,518.9,36323.0,Capital Max Securities Ltd,Capital Max Securities Ltd,2026-04-15 14:35:03.057939
2026041504028511,UNHPL,62,62,100,518.5,51850.0,Capital Max Securities Ltd,Capital Max Securities Ltd,2026-04-15 14:35:03.058013
2026041504028523,UNHPL,45,62,40,517.5,20700.0,Imperial Securities Company Pvt. Ltd.,Capital Max Securities Ltd,2026-04-15 14:35:13.502034
2026041504028524,UNHPL,6,62,463,517.1,239417.3,Agrawal Securities (PVT) Ltd.,Capital Max Securities Ltd,2026-04-15 14:35:13.502151
2026041504028525,UNHPL,80,62,1000,517.0,517000.0,Indira securities pvt. ltd,Capital Max Securities Ltd,2026-04-15 14:35:13.502241
2026041504028526,UNHPL,58,62,1497,517.0,773949.0,Naasa Securities Co. Ltd.,Capital Max Securities Ltd,2026-04-15 14:35:13.502301
2026041504028545,UNHPL,58,62,503,517.0,260051.0,Naasa Securities Co. Ltd.,Capital Max Securities Ltd,2026-04-15 14:35:16.330658
2026041504028546,UNHPL,14,62,50,517.0,25850.0,Nepal Stock House (PVT) Ltd.,Capital Max Securities Ltd,2026-04-15 14:35:16.330997
2026041504028547,UNHPL,26,62,100,517.0,51700.0,Asian Securities Private Ltd.,Capital Max Securities Ltd,2026-04-15 14:35:16.331205
2026041504028551,UNHPL,62,62,347,517.0,179399.0,Capital Max Securities Ltd,Capital Max Securities Ltd,2026-04-15 14:35:18.552776
2026041504028552,UNHPL,62,62,1453,518.0,752654.0,Capital Max Securities Ltd,Capital Max Securities Ltd,2026-04-15 14:35:18.553029
2026041504028592,UNHPL,62,62,277,518.0,143486.0,Capital Max Securities Ltd,Capital Max Securities Ltd,2026-04-15 14:35:34.796089
2026041504028614,UNHPL,62,11,400,519.9,207960.0,Capital Max Securities Ltd,Malla & Malla Stock Broking Company Pvt. Limited,2026-04-15 14:35:41.350605
2026041504028615,UNHPL,62,42,100,519.9,51990.0,Capital Max Securities Ltd,Sani Securities Company Ltd.,2026-04-15 14:35:41.350938
2026041504028630,UNHPL,62,62,100,519.9,51990.0,Capital Max Securities Ltd,Capital Max Securities Ltd,2026-04-15 14:35:50.212760
2026041504028631,UNHPL,62,62,23,518.0,11914.0,Capital Max Securities Ltd,Capital Max Securities Ltd,2026-04-15 14:35:50.212804
2026041504028632,UNHPL,34,62,777,516.6,401398.2,Vision Securities Pvt. Ltd,Capital Max Securities Ltd,2026-04-15 14:35:50.212852
2026041504028718,UNHPL,34,50,183,516.6,94537.8,Vision Securities Pvt. Ltd,Cristal Kanchanjanga Securites Pvt. Ltd.,2026-04-15 14:36:25.463743
2026041504028719,UNHPL,80,50,417,516.6,215422.2,Indira securities pvt. ltd,Cristal Kanchanjanga Securites Pvt. Ltd.,2026-04-15 14:36:25.463962
2026041504028769,UNHPL,49,62,13,520.0,6760.0,Online Securities Pvt. Ltd.,Capital Max Securities Ltd,2026-04-15 14:36:49.823628
2026041504028796,UNHPL,80,62,2000,516.7,1033400.0,Indira securities pvt. ltd,Capital Max Securities Ltd,2026-04-15 14:37:08.304987
2026041504028797,UNHPL,59,62,300,516.7,155010.0,Deevyaa Securities & Stock House Pvt. Ltd,Capital Max Securities Ltd,2026-04-15 14:37:08.305025
2026041504028798,UNHPL,80,62,583,516.6,301177.8,Indira securities pvt. ltd,Capital Max Securities Ltd,2026-04-15 14:37:08.305049
2026041504028799,UNHPL,80,62,2117,516.6,1093642.2,Indira securities pvt. ltd,Capital Max Securities Ltd,2026-04-15 14:37:08.305072
2026041504028815,UNHPL,62,98,980,519.0,508620.0,Capital Max Securities Ltd,Trademow Securities Private Limited,2026-04-15 14:37:16.287634
2026041504028816,UNHPL,62,42,100,519.9,51990.0,Capital Max Securities Ltd,Sani Securities Company Ltd.,2026-04-15 14:37:16.287973
2026041504029019,UNHPL,62,62,120,519.9,62388.0,Capital Max Securities Ltd,Capital Max Securities Ltd,2026-04-15 14:38:45.058290
2026041504029029,UNHPL,39,62,10,520.0,5200.0,Sumeru Securities Pvt. Ltd.,Capital Max Securities Ltd,2026-04-15 14:38:50.286841
2026041504029185,UNHPL,80,62,883,516.6,456157.8,Indira securities pvt. ltd,Capital Max Securities Ltd,2026-04-15 14:40:04.340119
2026041504029186,UNHPL,80,62,2000,516.6,1033200.0,Indira securities pvt. ltd,Capital Max Securities Ltd,2026-04-15 14:40:04.340214
2026041504029187,UNHPL,62,62,2117,516.5,1093430.5,Capital Max Securities Ltd,Capital Max Securities Ltd,2026-04-15 14:40:04.340278
2026041504029188,UNHPL,41,42,100,518.9,51890.0,Linch Stock Market Ltd.,Sani Securities Company Ltd.,2026-04-15 14:40:04.951900
2026041504029189,UNHPL,41,62,1900,519.0,986100.0,Linch Stock Market Ltd.,Capital Max Securities Ltd,2026-04-15 14:40:04.952262
2026041504029201,UNHPL,62,34,200,518.9,103780.0,Capital Max Securities Ltd,Vision Securities Pvt. Ltd,2026-04-15 14:40:08.978003
2026041504029235,UNHPL,62,62,83,516.5,42869.5,Capital Max Securities Ltd,Capital Max Securities Ltd,2026-04-15 14:40:35.005809
2026041504029236,UNHPL,80,62,130,516.3,67119.0,Indira securities pvt. ltd,Capital Max Securities Ltd,2026-04-15 14:40:35.005890
2026041504029237,UNHPL,80,62,500,516.3,258150.0,Indira securities pvt. ltd,Capital Max Securities Ltd,2026-04-15 14:40:35.006005
2026041504029238,UNHPL,80,62,4287,516.3,2213378.1,Indira securities pvt. ltd,Capital Max Securities Ltd,2026-04-15 14:40:35.006107
2026041504029243,UNHPL,62,34,760,518.9,394364.0,Capital Max Securities Ltd,Vision Securities Pvt. Ltd,2026-04-15 14:40:39.760828
2026041504029286,UNHPL,62,62,100,519.0,51900.0,Capital Max Securities Ltd,Capital Max Securities Ltd,2026-04-15 14:40:55.503039
2026041504029287,UNHPL,62,62,2000,519.0,1038000.0,Capital Max Securities Ltd,Capital Max Securities Ltd,2026-04-15 14:40:55.503241
2026041504029314,UNHPL,62,58,10,519.0,5190.0,Capital Max Securities Ltd,Naasa Securities Co. Ltd.,2026-04-15 14:41:02.516357
2026041504029341,UNHPL,62,58,10,519.0,5190.0,Capital Max Securities Ltd,Naasa Securities Co. Ltd.,2026-04-15 14:41:13.024539
2026041504029670,UNHPL,62,42,80,519.0,41520.0,Capital Max Securities Ltd,Sani Securities Company Ltd.,2026-04-15 14:43:57.186074
2026041504029671,UNHPL,62,42,20,518.9,10378.0,Capital Max Securities Ltd,Sani Securities Company Ltd.,2026-04-15 14:43:57.186167
2026041504029795,UNHPL,62,42,20,518.9,10378.0,Capital Max Securities Ltd,Sani Securities Company Ltd.,2026-04-15 14:44:45.911941
2026041504030004,UNHPL,80,32,10,516.5,5165.0,Indira securities pvt. ltd,Premier Securities Company Ltd.,2026-04-15 14:46:21.902559
2026041504030029,UNHPL,80,62,1490,516.5,769585.0,Indira securities pvt. ltd,Capital Max Securities Ltd,2026-04-15 14:46:40.181435
2026041504030030,UNHPL,80,62,713,516.3,368121.9,Indira securities pvt. ltd,Capital Max Securities Ltd,2026-04-15 14:46:40.181536
2026041504030031,UNHPL,6,62,797,516.2,411411.4,Agrawal Securities (PVT) Ltd.,Capital Max Securities Ltd,2026-04-15 14:46:40.181615
2026041504030054,UNHPL,6,62,2000,516.2,1032400.0,Agrawal Securities (PVT) Ltd.,Capital Max Securities Ltd,2026-04-15 14:46:46.825108
2026041504030174,UNHPL,80,62,119,516.3,61439.7,Indira securities pvt. ltd,Capital Max Securities Ltd,2026-04-15 14:47:46.844051
2026041504030175,UNHPL,6,62,1881,516.2,970972.2,Agrawal Securities (PVT) Ltd.,Capital Max Securities Ltd,2026-04-15 14:47:46.844339
2026041504030224,UNHPL,62,58,20,519.3,10386.0,Capital Max Securities Ltd,Naasa Securities Co. Ltd.,2026-04-15 14:48:07.892116
2026041504030237,UNHPL,62,44,80,519.3,41544.0,Capital Max Securities Ltd,Dynamic Money Managers Securities Pvt. Ltd.,2026-04-15 14:48:13.450976
2026041504030238,UNHPL,6,44,320,516.2,165184.0,Agrawal Securities (PVT) Ltd.,Dynamic Money Managers Securities Pvt. Ltd.,2026-04-15 14:48:13.451194
2026041504030239,UNHPL,62,42,100,519.4,51940.0,Capital Max Securities Ltd,Sani Securities Company Ltd.,2026-04-15 14:48:13.720230
2026041504030320,UNHPL,62,62,100,519.4,51940.0,Capital Max Securities Ltd,Capital Max Securities Ltd,2026-04-15 14:48:26.634369
2026041504030733,UNHPL,62,42,100,519.3,51930.0,Capital Max Securities Ltd,Sani Securities Company Ltd.,2026-04-15 14:50:51.511869
2026041504030741,UNHPL,62,58,20,519.4,10388.0,Capital Max Securities Ltd,Naasa Securities Co. Ltd.,2026-04-15 14:50:54.984974
2026041504030743,UNHPL,62,63,80,519.4,41552.0,Capital Max Securities Ltd,Himalayan Brokerage Company Limited,2026-04-15 14:50:55.870345
2026041504030744,UNHPL,62,63,100,519.3,51930.0,Capital Max Securities Ltd,Himalayan Brokerage Company Limited,2026-04-15 14:50:55.870520
2026041504030770,UNHPL,62,63,300,518.0,155400.0,Capital Max Securities Ltd,Himalayan Brokerage Company Limited,2026-04-15 14:51:00.209614
2026041504030803,UNHPL,62,63,270,518.0,139860.0,Capital Max Securities Ltd,Himalayan Brokerage Company Limited,2026-04-15 14:51:08.113636
2026041504030819,UNHPL,62,35,100,519.5,51950.0,Capital Max Securities Ltd,Kohinoor Investment & Securities Pvt. Ltd.,2026-04-15 14:51:12.439187
2026041504030820,UNHPL,62,14,180,519.5,93510.0,Capital Max Securities Ltd,Nepal Stock House (PVT) Ltd.,2026-04-15 14:51:12.439561
2026041504030837,UNHPL,62,45,50,519.8,25990.0,Capital Max Securities Ltd,Imperial Securities Company Pvt. Ltd.,2026-04-15 14:51:23.120196
2026041504030838,UNHPL,62,52,100,519.8,51980.0,Capital Max Securities Ltd,Sundhara Securities Limited,2026-04-15 14:51:23.120619
2026041504031036,UNHPL,62,45,50,519.8,25990.0,Capital Max Securities Ltd,Imperial Securities Company Pvt. Ltd.,2026-04-15 14:52:22.907481
2026041504031093,UNHPL,62,58,13,519.5,6753.5,Capital Max Securities Ltd,Naasa Securities Co. Ltd.,2026-04-15 14:52:40.097442
2026041504031197,UNHPL,62,52,30,518.0,15540.0,Capital Max Securities Ltd,Sundhara Securities Limited,2026-04-15 14:53:17.612735
2026041504031616,UNHPL,53,62,500,516.6,258300.0,Investment Management Nepal Pvt. Ltd.,Capital Max Securities Ltd,2026-04-15 14:55:35.756459
2026041504031617,UNHPL,58,62,100,516.6,51660.0,Naasa Securities Co. Ltd.,Capital Max Securities Ltd,2026-04-15 14:55:35.756517
2026041504031618,UNHPL,38,62,48,516.5,24792.0,Dipshikha Dhitopatra Karobar Co. Pvt Ltd.,Capital Max Securities Ltd,2026-04-15 14:55:35.756543
2026041504031619,UNHPL,51,62,352,516.5,181808.0,Oxford Securities Pvt. Ltd.,Capital Max Securities Ltd,2026-04-15 14:55:35.756567
2026041504031636,UNHPL,62,4,30,518.0,15540.0,Capital Max Securities Ltd,Opal Securities Investment (PVT) Ltd.,2026-04-15 14:55:38.872012
2026041504031708,UNHPL,62,42,100,519.9,51990.0,Capital Max Securities Ltd,Sani Securities Company Ltd.,2026-04-15 14:55:54.983655
2026041504031709,UNHPL,62,6,1000,519.9,519900.0,Capital Max Securities Ltd,Agrawal Securities (PVT) Ltd.,2026-04-15 14:55:54.983833
2026041504031824,UNHPL,62,45,100,519.9,51990.0,Capital Max Securities Ltd,Imperial Securities Company Pvt. Ltd.,2026-04-15 14:56:10.951389
2026041504032696,UNHPL,62,48,20,518.0,10360.0,Capital Max Securities Ltd,Trishakti Securities Public Limited,2026-04-15 14:58:42.326857
2026041504032933,UNHPL,51,45,48,516.5,24792.0,Oxford Securities Pvt. Ltd.,Imperial Securities Company Pvt. Ltd.,2026-04-15 14:59:14.035485
2026041504032934,UNHPL,62,45,100,516.2,51620.0,Capital Max Securities Ltd,Imperial Securities Company Pvt. Ltd.,2026-04-15 14:59:14.035561
2026041504032935,UNHPL,44,45,177,516.2,91367.4,Dynamic Money Managers Securities Pvt. Ltd.,Imperial Securities Company Pvt. Ltd.,2026-04-15 14:59:14.035585
2026041504033011,UNHPL,58,48,100,516.6,51660.0,Naasa Securities Co. Ltd.,Trishakti Securities Public Limited,2026-04-15 14:59:20.341548
2026041504033060,UNHPL,44,6,1000,516.2,516200.0,Dynamic Money Managers Securities Pvt. Ltd.,Agrawal Securities (PVT) Ltd.,2026-04-15 14:59:23.964238
2026041504033507,UNHPL,44,59,500,516.2,258100.0,Dynamic Money Managers Securities Pvt. Ltd.,Deevyaa Securities & Stock House Pvt. Ltd,2026-04-15 14:59:57.412098
2026041504033520,UNHPL,60,1,50,516.5,25825.0,Nagarik Stock Dealer ,Kumari Securities Private Limited,2026-04-15 14:59:57.795103
2026041504033546,UNHPL,44,45,100,516.2,51620.0,Dynamic Money Managers Securities Pvt. Ltd.,Imperial Securities Company Pvt. Ltd.,2026-04-15 14:59:58.985598
