contractId,stockSymbol,buyerMemberId,sellerMemberId,quantity,rate,amount,businessDate,tradeBookId,stockId,buyerBrokerName,sellerBrokerName,transaction_time,securityName
2026041504000016,UPPER,26,49,10,221.0,2210.0,2026-04-15,186284884,2792,Asian Securities Private Ltd.,Online Securities Pvt. Ltd.,2026-04-15 10:46:00.048276,Upper Tamakoshi Hydropower Ltd
2026041504000017,UPPER,19,49,20,221.0,4420.0,2026-04-15,186284886,2792,Nepal Investment And Securities Trading Private Limited,Online Securities Pvt. Ltd.,2026-04-15 10:46:00.048309,Upper Tamakoshi Hydropower Ltd
2026041504000018,UPPER,19,1,30,221.0,6630.0,2026-04-15,186284892,2792,Nepal Investment And Securities Trading Private Limited,Kumari Securities Private Limited,2026-04-15 10:46:00.048340,Upper Tamakoshi Hydropower Ltd
2026041504000019,UPPER,40,1,10,221.0,2210.0,2026-04-15,186284896,2792,Creative Securities Pvt Ltd,Kumari Securities Private Limited,2026-04-15 10:46:00.048363,Upper Tamakoshi Hydropower Ltd
2026041504000050,UPPER,37,1,200,217.1,43420.0,2026-04-15,186285162,2792,Swarna Laxmi Securities Pvt. Ltd.,Kumari Securities Private Limited,2026-04-15 11:00:38.819183,Upper Tamakoshi Hydropower Ltd
2026041504000051,UPPER,19,1,100,217.0,21700.0,2026-04-15,186285164,2792,Nepal Investment And Securities Trading Private Limited,Kumari Securities Private Limited,2026-04-15 11:00:38.819260,Upper Tamakoshi Hydropower Ltd
2026041504000052,UPPER,25,1,100,217.0,21700.0,2026-04-15,186285165,2792,Sweta Securities Private Limited,Kumari Securities Private Limited,2026-04-15 11:00:38.819291,Upper Tamakoshi Hydropower Ltd
2026041504000062,UPPER,25,59,190,217.0,41230.0,2026-04-15,186285312,2792,Sweta Securities Private Limited,Deevyaa Securities & Stock House Pvt. Ltd,2026-04-15 11:00:55.744155,Upper Tamakoshi Hydropower Ltd
2026041504000063,UPPER,45,59,10,217.0,2170.0,2026-04-15,186285314,2792,Imperial Securities Company Pvt. Ltd.,Deevyaa Securities & Stock House Pvt. Ltd,2026-04-15 11:00:55.744261,Upper Tamakoshi Hydropower Ltd
2026041504000064,UPPER,32,59,100,217.0,21700.0,2026-04-15,186285316,2792,Premier Securities Company Ltd.,Deevyaa Securities & Stock House Pvt. Ltd,2026-04-15 11:00:55.744362,Upper Tamakoshi Hydropower Ltd
2026041504000066,UPPER,37,59,300,217.0,65100.0,2026-04-15,186285330,2792,Swarna Laxmi Securities Pvt. Ltd.,Deevyaa Securities & Stock House Pvt. Ltd,2026-04-15 11:00:57.009755,Upper Tamakoshi Hydropower Ltd
2026041504000104,UPPER,44,59,10,217.0,2170.0,2026-04-15,186285756,2792,Dynamic Money Managers Securities Pvt. Ltd.,Deevyaa Securities & Stock House Pvt. Ltd,2026-04-15 11:01:32.610221,Upper Tamakoshi Hydropower Ltd
2026041504000110,UPPER,42,59,2000,217.0,434000.0,2026-04-15,186285962,2792,Sani Securities Company Ltd.,Deevyaa Securities & Stock House Pvt. Ltd,2026-04-15 11:01:43.514571,Upper Tamakoshi Hydropower Ltd
2026041504000125,UPPER,38,59,390,217.0,84630.0,2026-04-15,186286097,2792,Dipshikha Dhitopatra Karobar Co. Pvt Ltd.,Deevyaa Securities & Stock House Pvt. Ltd,2026-04-15 11:01:53.709352,Upper Tamakoshi Hydropower Ltd
2026041504000167,UPPER,42,58,44,219.0,9636.0,2026-04-15,186286767,2792,Sani Securities Company Ltd.,Naasa Securities Co. Ltd.,2026-04-15 11:02:26.474836,Upper Tamakoshi Hydropower Ltd
2026041504000168,UPPER,42,19,100,219.0,21900.0,2026-04-15,186286769,2792,Sani Securities Company Ltd.,Nepal Investment And Securities Trading Private Limited,2026-04-15 11:02:26.475003,Upper Tamakoshi Hydropower Ltd
2026041504000169,UPPER,42,1,10,220.0,2200.0,2026-04-15,186286771,2792,Sani Securities Company Ltd.,Kumari Securities Private Limited,2026-04-15 11:02:26.475120,Upper Tamakoshi Hydropower Ltd
2026041504000170,UPPER,42,82,48,220.0,10560.0,2026-04-15,186286773,2792,Sani Securities Company Ltd.,N.M.B. SECURITIES LIMITED,2026-04-15 11:02:26.475228,Upper Tamakoshi Hydropower Ltd
2026041504000171,UPPER,42,19,500,220.0,110000.0,2026-04-15,186286775,2792,Sani Securities Company Ltd.,Nepal Investment And Securities Trading Private Limited,2026-04-15 11:02:26.475363,Upper Tamakoshi Hydropower Ltd
2026041504000260,UPPER,42,19,50,220.0,11000.0,2026-04-15,186287473,2792,Sani Securities Company Ltd.,Nepal Investment And Securities Trading Private Limited,2026-04-15 11:02:59.078625,Upper Tamakoshi Hydropower Ltd
2026041504000275,UPPER,41,57,50,220.9,11045.0,2026-04-15,186287587,2792,Linch Stock Market Ltd.,Aryatara Investment & Securities,2026-04-15 11:03:05.593857,Upper Tamakoshi Hydropower Ltd
2026041504000276,UPPER,41,16,150,220.9,33135.0,2026-04-15,186287590,2792,Linch Stock Market Ltd.,Primo Securities (PVT) Ltd.,2026-04-15 11:03:05.594017,Upper Tamakoshi Hydropower Ltd
2026041504000282,UPPER,42,19,500,220.0,110000.0,2026-04-15,186287673,2792,Sani Securities Company Ltd.,Nepal Investment And Securities Trading Private Limited,2026-04-15 11:03:10.984963,Upper Tamakoshi Hydropower Ltd
2026041504000283,UPPER,42,19,748,220.0,164560.0,2026-04-15,186287676,2792,Sani Securities Company Ltd.,Nepal Investment And Securities Trading Private Limited,2026-04-15 11:03:11.068097,Upper Tamakoshi Hydropower Ltd
2026041504000284,UPPER,40,19,100,220.0,22000.0,2026-04-15,186287678,2792,Creative Securities Pvt Ltd,Nepal Investment And Securities Trading Private Limited,2026-04-15 11:03:11.068156,Upper Tamakoshi Hydropower Ltd
2026041504000348,UPPER,43,19,152,220.0,33440.0,2026-04-15,186288373,2792,South Asian Bulls Pvt. Ltd.,Nepal Investment And Securities Trading Private Limited,2026-04-15 11:03:51.164004,Upper Tamakoshi Hydropower Ltd
2026041504000349,UPPER,43,58,848,220.0,186560.0,2026-04-15,186288376,2792,South Asian Bulls Pvt. Ltd.,Naasa Securities Co. Ltd.,2026-04-15 11:03:51.164101,Upper Tamakoshi Hydropower Ltd
2026041504000370,UPPER,51,49,10,219.9,2199.0,2026-04-15,186288526,2792,Oxford Securities Pvt. Ltd.,Online Securities Pvt. Ltd.,2026-04-15 11:03:58.865940,Upper Tamakoshi Hydropower Ltd
2026041504000386,UPPER,20,58,25,218.0,5450.0,2026-04-15,186288753,2792,Sipla Securities Private Limited,Naasa Securities Co. Ltd.,2026-04-15 11:04:10.799536,Upper Tamakoshi Hydropower Ltd
2026041504000389,UPPER,20,10,50,218.0,10900.0,2026-04-15,186288799,2792,Sipla Securities Private Limited,Pragyan Securities (PVT) Ltd.,2026-04-15 11:04:14.737468,Upper Tamakoshi Hydropower Ltd
2026041504000446,UPPER,52,49,200,219.9,43980.0,2026-04-15,186289218,2792,Sundhara Securities Limited,Online Securities Pvt. Ltd.,2026-04-15 11:04:41.601287,Upper Tamakoshi Hydropower Ltd
2026041504000505,UPPER,20,38,10,218.0,2180.0,2026-04-15,186289539,2792,Sipla Securities Private Limited,Dipshikha Dhitopatra Karobar Co. Pvt Ltd.,2026-04-15 11:05:04.508256,Upper Tamakoshi Hydropower Ltd
2026041504000523,UPPER,58,16,10,219.8,2198.0,2026-04-15,186289682,2792,Naasa Securities Co. Ltd.,Primo Securities (PVT) Ltd.,2026-04-15 11:05:16.467018,Upper Tamakoshi Hydropower Ltd
2026041504000595,UPPER,51,16,100,219.4,21940.0,2026-04-15,186290152,2792,Oxford Securities Pvt. Ltd.,Primo Securities (PVT) Ltd.,2026-04-15 11:05:53.713934,Upper Tamakoshi Hydropower Ltd
2026041504000618,UPPER,20,1,200,219.0,43800.0,2026-04-15,186290331,2792,Sipla Securities Private Limited,Kumari Securities Private Limited,2026-04-15 11:06:06.792678,Upper Tamakoshi Hydropower Ltd
2026041504000619,UPPER,20,49,125,219.0,27375.0,2026-04-15,186290350,2792,Sipla Securities Private Limited,Online Securities Pvt. Ltd.,2026-04-15 11:06:08.120040,Upper Tamakoshi Hydropower Ltd
2026041504000639,UPPER,49,49,200,219.0,43800.0,2026-04-15,186290484,2792,Online Securities Pvt. Ltd.,Online Securities Pvt. Ltd.,2026-04-15 11:06:17.385814,Upper Tamakoshi Hydropower Ltd
2026041504000669,UPPER,51,49,100,219.0,21900.0,2026-04-15,186290728,2792,Oxford Securities Pvt. Ltd.,Online Securities Pvt. Ltd.,2026-04-15 11:06:35.980244,Upper Tamakoshi Hydropower Ltd
2026041504000699,UPPER,38,49,50,219.0,10950.0,2026-04-15,186290908,2792,Dipshikha Dhitopatra Karobar Co. Pvt Ltd.,Online Securities Pvt. Ltd.,2026-04-15 11:06:49.379558,Upper Tamakoshi Hydropower Ltd
2026041504000701,UPPER,58,49,15,219.0,3285.0,2026-04-15,186290917,2792,Naasa Securities Co. Ltd.,Online Securities Pvt. Ltd.,2026-04-15 11:06:50.484403,Upper Tamakoshi Hydropower Ltd
2026041504000702,UPPER,58,16,60,219.4,13164.0,2026-04-15,186290920,2792,Naasa Securities Co. Ltd.,Primo Securities (PVT) Ltd.,2026-04-15 11:06:50.484552,Upper Tamakoshi Hydropower Ltd
2026041504000715,UPPER,43,16,500,219.4,109700.0,2026-04-15,186291016,2792,South Asian Bulls Pvt. Ltd.,Primo Securities (PVT) Ltd.,2026-04-15 11:06:58.580959,Upper Tamakoshi Hydropower Ltd
2026041504000751,UPPER,44,16,330,219.4,72402.0,2026-04-15,186291237,2792,Dynamic Money Managers Securities Pvt. Ltd.,Primo Securities (PVT) Ltd.,2026-04-15 11:07:13.131990,Upper Tamakoshi Hydropower Ltd
2026041504000752,UPPER,44,8,50,219.4,10970.0,2026-04-15,186291239,2792,Dynamic Money Managers Securities Pvt. Ltd.,Brilliant Securities Pvt. Ltd.,2026-04-15 11:07:13.132298,Upper Tamakoshi Hydropower Ltd
2026041504000753,UPPER,44,10,100,219.4,21940.0,2026-04-15,186291242,2792,Dynamic Money Managers Securities Pvt. Ltd.,Pragyan Securities (PVT) Ltd.,2026-04-15 11:07:13.132499,Upper Tamakoshi Hydropower Ltd
2026041504000812,UPPER,58,58,48,218.1,10468.8,2026-04-15,186291451,2792,Naasa Securities Co. Ltd.,Naasa Securities Co. Ltd.,2026-04-15 11:07:26.617742,Upper Tamakoshi Hydropower Ltd
2026041504000839,UPPER,36,45,30,219.3,6579.0,2026-04-15,186291673,2792,Secured Securities Ltd.,Imperial Securities Company Pvt. Ltd.,2026-04-15 11:07:40.067768,Upper Tamakoshi Hydropower Ltd
2026041504000840,UPPER,58,57,50,219.4,10970.0,2026-04-15,186291679,2792,Naasa Securities Co. Ltd.,Aryatara Investment & Securities,2026-04-15 11:07:41.120022,Upper Tamakoshi Hydropower Ltd
2026041504000877,UPPER,58,6,22,219.5,4829.0,2026-04-15,186291898,2792,Naasa Securities Co. Ltd.,Agrawal Securities (PVT) Ltd.,2026-04-15 11:07:55.882084,Upper Tamakoshi Hydropower Ltd
2026041504000883,UPPER,35,6,978,219.5,214671.0,2026-04-15,186292077,2792,Kohinoor Investment & Securities Pvt. Ltd.,Agrawal Securities (PVT) Ltd.,2026-04-15 11:08:02.578237,Upper Tamakoshi Hydropower Ltd
2026041504000884,UPPER,35,14,22,219.5,4829.0,2026-04-15,186292080,2792,Kohinoor Investment & Securities Pvt. Ltd.,Nepal Stock House (PVT) Ltd.,2026-04-15 11:08:02.578402,Upper Tamakoshi Hydropower Ltd
2026041504000904,UPPER,49,19,20,219.4,4388.0,2026-04-15,186292205,2792,Online Securities Pvt. Ltd.,Nepal Investment And Securities Trading Private Limited,2026-04-15 11:08:10.662142,Upper Tamakoshi Hydropower Ltd
2026041504000908,UPPER,39,21,400,219.0,87600.0,2026-04-15,186292230,2792,Sumeru Securities Pvt. Ltd.,Midas Stock Broking Company Private Limited,2026-04-15 11:08:13.080634,Upper Tamakoshi Hydropower Ltd
2026041504000977,UPPER,68,21,500,218.2,109100.0,2026-04-15,186292748,2792,Elite Stock House Limited,Midas Stock Broking Company Private Limited,2026-04-15 11:08:50.368545,Upper Tamakoshi Hydropower Ltd
2026041504000978,UPPER,58,21,20,218.1,4362.0,2026-04-15,186292750,2792,Naasa Securities Co. Ltd.,Midas Stock Broking Company Private Limited,2026-04-15 11:08:50.368730,Upper Tamakoshi Hydropower Ltd
2026041504000979,UPPER,42,21,10,218.1,2181.0,2026-04-15,186292752,2792,Sani Securities Company Ltd.,Midas Stock Broking Company Private Limited,2026-04-15 11:08:50.368799,Upper Tamakoshi Hydropower Ltd
2026041504000980,UPPER,36,21,2000,218.1,436200.0,2026-04-15,186292754,2792,Secured Securities Ltd.,Midas Stock Broking Company Private Limited,2026-04-15 11:08:50.368870,Upper Tamakoshi Hydropower Ltd
2026041504000981,UPPER,57,21,2470,218.0,538460.0,2026-04-15,186292755,2792,Aryatara Investment & Securities,Midas Stock Broking Company Private Limited,2026-04-15 11:08:50.368937,Upper Tamakoshi Hydropower Ltd
2026041504001008,UPPER,57,40,386,218.0,84148.0,2026-04-15,186293065,2792,Aryatara Investment & Securities,Creative Securities Pvt Ltd,2026-04-15 11:09:13.412947,Upper Tamakoshi Hydropower Ltd
2026041504001043,UPPER,57,25,500,218.0,109000.0,2026-04-15,186293293,2792,Aryatara Investment & Securities,Sweta Securities Private Limited,2026-04-15 11:09:30.419267,Upper Tamakoshi Hydropower Ltd
2026041504001065,UPPER,57,21,20,219.0,4380.0,2026-04-15,186293416,2792,Aryatara Investment & Securities,Midas Stock Broking Company Private Limited,2026-04-15 11:09:41.466917,Upper Tamakoshi Hydropower Ltd
2026041504001098,UPPER,51,58,100,218.1,21810.0,2026-04-15,186293711,2792,Oxford Securities Pvt. Ltd.,Naasa Securities Co. Ltd.,2026-04-15 11:09:59.279615,Upper Tamakoshi Hydropower Ltd
2026041504001109,UPPER,50,22,200,218.1,43620.0,2026-04-15,186293857,2792,Cristal Kanchanjanga Securites Pvt. Ltd.,Siprabi Securities Pvt. Ltd.,2026-04-15 11:10:09.986371,Upper Tamakoshi Hydropower Ltd
2026041504001110,UPPER,50,6,200,218.1,43620.0,2026-04-15,186293877,2792,Cristal Kanchanjanga Securites Pvt. Ltd.,Agrawal Securities (PVT) Ltd.,2026-04-15 11:10:12.113887,Upper Tamakoshi Hydropower Ltd
2026041504001121,UPPER,50,49,500,218.1,109050.0,2026-04-15,186293961,2792,Cristal Kanchanjanga Securites Pvt. Ltd.,Online Securities Pvt. Ltd.,2026-04-15 11:10:19.006147,Upper Tamakoshi Hydropower Ltd
2026041504001203,UPPER,94,69,10,218.5,2185.0,2026-04-15,186294496,2792,K.B.L. Securities Limited ,INDEX SECURITIES LIMITED,2026-04-15 11:10:40.539806,Upper Tamakoshi Hydropower Ltd
2026041504001268,UPPER,67,69,140,218.5,30590.0,2026-04-15,186294945,2792,Property Wiard Limited,INDEX SECURITIES LIMITED,2026-04-15 11:11:07.018115,Upper Tamakoshi Hydropower Ltd
2026041504001302,UPPER,67,42,860,218.5,187910.0,2026-04-15,186295156,2792,Property Wiard Limited,Sani Securities Company Ltd.,2026-04-15 11:11:26.680956,Upper Tamakoshi Hydropower Ltd
2026041504001303,UPPER,44,42,12,218.5,2622.0,2026-04-15,186295157,2792,Dynamic Money Managers Securities Pvt. Ltd.,Sani Securities Company Ltd.,2026-04-15 11:11:26.681417,Upper Tamakoshi Hydropower Ltd
2026041504001308,UPPER,44,29,488,218.5,106628.0,2026-04-15,186295206,2792,Dynamic Money Managers Securities Pvt. Ltd.,Trisul Securities & Invt. Ltd.,2026-04-15 11:11:31.421399,Upper Tamakoshi Hydropower Ltd
2026041504001309,UPPER,50,29,100,218.1,21810.0,2026-04-15,186295208,2792,Cristal Kanchanjanga Securites Pvt. Ltd.,Trisul Securities & Invt. Ltd.,2026-04-15 11:11:31.421632,Upper Tamakoshi Hydropower Ltd
2026041504001310,UPPER,42,29,10,218.1,2181.0,2026-04-15,186295210,2792,Sani Securities Company Ltd.,Trisul Securities & Invt. Ltd.,2026-04-15 11:11:31.421716,Upper Tamakoshi Hydropower Ltd
2026041504001368,UPPER,57,58,200,218.0,43600.0,2026-04-15,186295571,2792,Aryatara Investment & Securities,Naasa Securities Co. Ltd.,2026-04-15 11:11:48.955797,Upper Tamakoshi Hydropower Ltd
2026041504001380,UPPER,49,29,28,218.1,6106.8,2026-04-15,186295690,2792,Online Securities Pvt. Ltd.,Trisul Securities & Invt. Ltd.,2026-04-15 11:11:56.391167,Upper Tamakoshi Hydropower Ltd
2026041504001390,UPPER,21,29,230,218.1,50163.0,2026-04-15,186295718,2792,Midas Stock Broking Company Private Limited,Trisul Securities & Invt. Ltd.,2026-04-15 11:11:58.179077,Upper Tamakoshi Hydropower Ltd
2026041504001407,UPPER,41,29,50,218.1,10905.0,2026-04-15,186295803,2792,Linch Stock Market Ltd.,Trisul Securities & Invt. Ltd.,2026-04-15 11:12:07.315044,Upper Tamakoshi Hydropower Ltd
2026041504001413,UPPER,42,29,94,218.1,20501.4,2026-04-15,186295891,2792,Sani Securities Company Ltd.,Trisul Securities & Invt. Ltd.,2026-04-15 11:12:12.953155,Upper Tamakoshi Hydropower Ltd
2026041504001482,UPPER,36,10,400,218.1,87240.0,2026-04-15,186296212,2792,Secured Securities Ltd.,Pragyan Securities (PVT) Ltd.,2026-04-15 11:12:36.933918,Upper Tamakoshi Hydropower Ltd
2026041504001483,UPPER,42,10,606,218.1,132168.6,2026-04-15,186296216,2792,Sani Securities Company Ltd.,Pragyan Securities (PVT) Ltd.,2026-04-15 11:12:36.934134,Upper Tamakoshi Hydropower Ltd
2026041504001499,UPPER,10,10,12,218.1,2617.2,2026-04-15,186296344,2792,Pragyan Securities (PVT) Ltd.,Pragyan Securities (PVT) Ltd.,2026-04-15 11:12:46.247039,Upper Tamakoshi Hydropower Ltd
2026041504001520,UPPER,36,10,200,218.1,43620.0,2026-04-15,186296568,2792,Secured Securities Ltd.,Pragyan Securities (PVT) Ltd.,2026-04-15 11:13:02.554507,Upper Tamakoshi Hydropower Ltd
2026041504001526,UPPER,48,10,300,218.1,65430.0,2026-04-15,186296624,2792,Trishakti Securities Public Limited,Pragyan Securities (PVT) Ltd.,2026-04-15 11:13:07.441801,Upper Tamakoshi Hydropower Ltd
2026041504001561,UPPER,57,49,216,218.0,47088.0,2026-04-15,186296871,2792,Aryatara Investment & Securities,Online Securities Pvt. Ltd.,2026-04-15 11:13:30.108872,Upper Tamakoshi Hydropower Ltd
2026041504001562,UPPER,57,77,50,218.0,10900.0,2026-04-15,186296913,2792,Aryatara Investment & Securities,Nabil Stock Dealer Ltd.,2026-04-15 11:13:36.005933,Upper Tamakoshi Hydropower Ltd
2026041504001563,UPPER,58,10,460,218.1,100326.0,2026-04-15,186296918,2792,Naasa Securities Co. Ltd.,Pragyan Securities (PVT) Ltd.,2026-04-15 11:13:36.604251,Upper Tamakoshi Hydropower Ltd
2026041504001566,UPPER,57,39,178,218.0,38804.0,2026-04-15,186296964,2792,Aryatara Investment & Securities,Sumeru Securities Pvt. Ltd.,2026-04-15 11:13:41.153516,Upper Tamakoshi Hydropower Ltd
2026041504001567,UPPER,58,39,40,218.0,8720.0,2026-04-15,186296966,2792,Naasa Securities Co. Ltd.,Sumeru Securities Pvt. Ltd.,2026-04-15 11:13:41.153793,Upper Tamakoshi Hydropower Ltd
2026041504001568,UPPER,38,39,782,218.0,170476.0,2026-04-15,186296967,2792,Dipshikha Dhitopatra Karobar Co. Pvt Ltd.,Sumeru Securities Pvt. Ltd.,2026-04-15 11:13:41.153921,Upper Tamakoshi Hydropower Ltd
2026041504001571,UPPER,58,10,22,218.1,4798.2,2026-04-15,186297009,2792,Naasa Securities Co. Ltd.,Pragyan Securities (PVT) Ltd.,2026-04-15 11:13:45.147060,Upper Tamakoshi Hydropower Ltd
2026041504001572,UPPER,58,19,72,218.1,15703.2,2026-04-15,186297012,2792,Naasa Securities Co. Ltd.,Nepal Investment And Securities Trading Private Limited,2026-04-15 11:13:45.147297,Upper Tamakoshi Hydropower Ltd
2026041504001669,UPPER,38,6,328,218.0,71504.0,2026-04-15,186297606,2792,Dipshikha Dhitopatra Karobar Co. Pvt Ltd.,Agrawal Securities (PVT) Ltd.,2026-04-15 11:14:29.357905,Upper Tamakoshi Hydropower Ltd
2026041504001670,UPPER,32,6,10,218.0,2180.0,2026-04-15,186297608,2792,Premier Securities Company Ltd.,Agrawal Securities (PVT) Ltd.,2026-04-15 11:14:29.358138,Upper Tamakoshi Hydropower Ltd
2026041504001671,UPPER,42,6,10,218.0,2180.0,2026-04-15,186297610,2792,Sani Securities Company Ltd.,Agrawal Securities (PVT) Ltd.,2026-04-15 11:14:29.358301,Upper Tamakoshi Hydropower Ltd
2026041504001672,UPPER,57,6,500,218.0,109000.0,2026-04-15,186297612,2792,Aryatara Investment & Securities,Agrawal Securities (PVT) Ltd.,2026-04-15 11:14:29.358480,Upper Tamakoshi Hydropower Ltd
2026041504001673,UPPER,58,6,12,218.0,2616.0,2026-04-15,186297614,2792,Naasa Securities Co. Ltd.,Agrawal Securities (PVT) Ltd.,2026-04-15 11:14:29.358628,Upper Tamakoshi Hydropower Ltd
2026041504001674,UPPER,42,6,10,218.0,2180.0,2026-04-15,186297616,2792,Sani Securities Company Ltd.,Agrawal Securities (PVT) Ltd.,2026-04-15 11:14:29.358775,Upper Tamakoshi Hydropower Ltd
2026041504001675,UPPER,75,6,330,218.0,71940.0,2026-04-15,186297618,2792,N.I.M.B. Stock Markets Limited,Agrawal Securities (PVT) Ltd.,2026-04-15 11:14:29.358923,Upper Tamakoshi Hydropower Ltd
2026041504001676,UPPER,7,6,200,218.0,43600.0,2026-04-15,186297620,2792,J.F. Securites (PVT) Ltd.,Agrawal Securities (PVT) Ltd.,2026-04-15 11:14:29.359045,Upper Tamakoshi Hydropower Ltd
2026041504001677,UPPER,58,6,600,218.0,130800.0,2026-04-15,186297621,2792,Naasa Securities Co. Ltd.,Agrawal Securities (PVT) Ltd.,2026-04-15 11:14:29.359164,Upper Tamakoshi Hydropower Ltd
2026041504001680,UPPER,58,19,28,218.1,6106.8,2026-04-15,186297631,2792,Naasa Securities Co. Ltd.,Nepal Investment And Securities Trading Private Limited,2026-04-15 11:14:30.255520,Upper Tamakoshi Hydropower Ltd
2026041504001681,UPPER,58,25,100,218.1,21810.0,2026-04-15,186297633,2792,Naasa Securities Co. Ltd.,Sweta Securities Private Limited,2026-04-15 11:14:30.255737,Upper Tamakoshi Hydropower Ltd
2026041504001682,UPPER,58,36,20,218.1,4362.0,2026-04-15,186297635,2792,Naasa Securities Co. Ltd.,Secured Securities Ltd.,2026-04-15 11:14:30.255836,Upper Tamakoshi Hydropower Ltd
2026041504001685,UPPER,58,65,100,218.1,21810.0,2026-04-15,186297725,2792,Naasa Securities Co. Ltd.,Sharepro Securities Private Limited,2026-04-15 11:14:34.788471,Upper Tamakoshi Hydropower Ltd
2026041504001705,UPPER,58,45,10,218.1,2181.0,2026-04-15,186297877,2792,Naasa Securities Co. Ltd.,Imperial Securities Company Pvt. Ltd.,2026-04-15 11:14:49.373757,Upper Tamakoshi Hydropower Ltd
2026041504001756,UPPER,58,11,107,218.1,23336.7,2026-04-15,186298100,2792,Naasa Securities Co. Ltd.,Malla & Malla Stock Broking Company Pvt. Limited,2026-04-15 11:15:05.412201,Upper Tamakoshi Hydropower Ltd
2026041504001762,UPPER,42,11,10,218.1,2181.0,2026-04-15,186298131,2792,Sani Securities Company Ltd.,Malla & Malla Stock Broking Company Pvt. Limited,2026-04-15 11:15:08.648967,Upper Tamakoshi Hydropower Ltd
2026041504001788,UPPER,42,58,200,218.1,43620.0,2026-04-15,186298371,2792,Sani Securities Company Ltd.,Naasa Securities Co. Ltd.,2026-04-15 11:15:29.686558,Upper Tamakoshi Hydropower Ltd
2026041504001809,UPPER,42,34,19,218.1,4143.9,2026-04-15,186298512,2792,Sani Securities Company Ltd.,Vision Securities Pvt. Ltd,2026-04-15 11:15:39.955387,Upper Tamakoshi Hydropower Ltd
2026041504001810,UPPER,41,34,10,218.1,2181.0,2026-04-15,186298514,2792,Linch Stock Market Ltd.,Vision Securities Pvt. Ltd,2026-04-15 11:15:39.955647,Upper Tamakoshi Hydropower Ltd
2026041504001811,UPPER,58,34,50,218.1,10905.0,2026-04-15,186298516,2792,Naasa Securities Co. Ltd.,Vision Securities Pvt. Ltd,2026-04-15 11:15:39.955753,Upper Tamakoshi Hydropower Ltd
2026041504001812,UPPER,34,34,421,218.0,91778.0,2026-04-15,186298517,2792,Vision Securities Pvt. Ltd,Vision Securities Pvt. Ltd,2026-04-15 11:15:39.955855,Upper Tamakoshi Hydropower Ltd
2026041504001874,UPPER,34,49,79,218.0,17222.0,2026-04-15,186298976,2792,Vision Securities Pvt. Ltd,Online Securities Pvt. Ltd.,2026-04-15 11:16:12.713587,Upper Tamakoshi Hydropower Ltd
2026041504001875,UPPER,26,49,100,218.0,21800.0,2026-04-15,186298978,2792,Asian Securities Private Ltd.,Online Securities Pvt. Ltd.,2026-04-15 11:16:12.713810,Upper Tamakoshi Hydropower Ltd
2026041504001916,UPPER,11,49,20,218.0,4360.0,2026-04-15,186299282,2792,Malla & Malla Stock Broking Company Pvt. Limited,Online Securities Pvt. Ltd.,2026-04-15 11:16:30.503681,Upper Tamakoshi Hydropower Ltd
2026041504001917,UPPER,22,49,680,218.0,148240.0,2026-04-15,186299288,2792,Siprabi Securities Pvt. Ltd.,Online Securities Pvt. Ltd.,2026-04-15 11:16:31.045921,Upper Tamakoshi Hydropower Ltd
2026041504001923,UPPER,26,49,50,218.0,10900.0,2026-04-15,186299394,2792,Asian Securities Private Ltd.,Online Securities Pvt. Ltd.,2026-04-15 11:16:41.467534,Upper Tamakoshi Hydropower Ltd
2026041504001948,UPPER,58,49,12,218.0,2616.0,2026-04-15,186299549,2792,Naasa Securities Co. Ltd.,Online Securities Pvt. Ltd.,2026-04-15 11:16:56.548580,Upper Tamakoshi Hydropower Ltd
2026041504001949,UPPER,58,25,88,218.0,19184.0,2026-04-15,186299552,2792,Naasa Securities Co. Ltd.,Sweta Securities Private Limited,2026-04-15 11:16:56.548836,Upper Tamakoshi Hydropower Ltd
2026041504001965,UPPER,22,25,900,218.0,196200.0,2026-04-15,186299658,2792,Siprabi Securities Pvt. Ltd.,Sweta Securities Private Limited,2026-04-15 11:17:05.048360,Upper Tamakoshi Hydropower Ltd
2026041504002023,UPPER,48,25,100,218.0,21800.0,2026-04-15,186299942,2792,Trishakti Securities Public Limited,Sweta Securities Private Limited,2026-04-15 11:17:29.075816,Upper Tamakoshi Hydropower Ltd
2026041504002037,UPPER,58,25,50,218.0,10900.0,2026-04-15,186300018,2792,Naasa Securities Co. Ltd.,Sweta Securities Private Limited,2026-04-15 11:17:34.946861,Upper Tamakoshi Hydropower Ltd
2026041504002055,UPPER,37,58,10,217.5,2175.0,2026-04-15,186300150,2792,Swarna Laxmi Securities Pvt. Ltd.,Naasa Securities Co. Ltd.,2026-04-15 11:17:46.751554,Upper Tamakoshi Hydropower Ltd
2026041504002056,UPPER,11,58,20,217.5,4350.0,2026-04-15,186300152,2792,Malla & Malla Stock Broking Company Pvt. Limited,Naasa Securities Co. Ltd.,2026-04-15 11:17:46.751643,Upper Tamakoshi Hydropower Ltd
2026041504002057,UPPER,42,58,10,217.5,2175.0,2026-04-15,186300154,2792,Sani Securities Company Ltd.,Naasa Securities Co. Ltd.,2026-04-15 11:17:46.751715,Upper Tamakoshi Hydropower Ltd
2026041504002058,UPPER,58,58,60,217.4,13044.0,2026-04-15,186300155,2792,Naasa Securities Co. Ltd.,Naasa Securities Co. Ltd.,2026-04-15 11:17:46.751782,Upper Tamakoshi Hydropower Ltd
2026041504002065,UPPER,42,25,11,218.0,2398.0,2026-04-15,186300220,2792,Sani Securities Company Ltd.,Sweta Securities Private Limited,2026-04-15 11:17:51.621755,Upper Tamakoshi Hydropower Ltd
2026041504002093,UPPER,49,62,20,217.9,4358.0,2026-04-15,186300471,2792,Online Securities Pvt. Ltd.,Capital Max Securities Ltd,2026-04-15 11:18:14.970230,Upper Tamakoshi Hydropower Ltd
2026041504002094,UPPER,49,25,20,218.0,4360.0,2026-04-15,186300474,2792,Online Securities Pvt. Ltd.,Sweta Securities Private Limited,2026-04-15 11:18:14.970520,Upper Tamakoshi Hydropower Ltd
2026041504002214,UPPER,88,25,10,218.0,2180.0,2026-04-15,186301484,2792,Blue Chip Securities Ltd,Sweta Securities Private Limited,2026-04-15 11:19:29.345199,Upper Tamakoshi Hydropower Ltd
2026041504002300,UPPER,58,25,50,218.0,10900.0,2026-04-15,186301910,2792,Naasa Securities Co. Ltd.,Sweta Securities Private Limited,2026-04-15 11:19:54.136924,Upper Tamakoshi Hydropower Ltd
2026041504002327,UPPER,21,33,72,217.9,15688.8,2026-04-15,186302039,2792,Midas Stock Broking Company Private Limited,Dakshinkali Investment & Securities Pvt. Ltd.,2026-04-15 11:20:00.928271,Upper Tamakoshi Hydropower Ltd
2026041504002328,UPPER,21,25,271,218.0,59078.0,2026-04-15,186302041,2792,Midas Stock Broking Company Private Limited,Sweta Securities Private Limited,2026-04-15 11:20:00.928831,Upper Tamakoshi Hydropower Ltd
2026041504002329,UPPER,21,43,100,218.0,21800.0,2026-04-15,186302043,2792,Midas Stock Broking Company Private Limited,South Asian Bulls Pvt. Ltd.,2026-04-15 11:20:00.929216,Upper Tamakoshi Hydropower Ltd
2026041504002338,UPPER,21,58,10,218.0,2180.0,2026-04-15,186302183,2792,Midas Stock Broking Company Private Limited,Naasa Securities Co. Ltd.,2026-04-15 11:20:06.767890,Upper Tamakoshi Hydropower Ltd
2026041504002357,UPPER,21,1,20,218.0,4360.0,2026-04-15,186302345,2792,Midas Stock Broking Company Private Limited,Kumari Securities Private Limited,2026-04-15 11:20:16.384465,Upper Tamakoshi Hydropower Ltd
2026041504002369,UPPER,21,19,100,218.0,21800.0,2026-04-15,186302575,2792,Midas Stock Broking Company Private Limited,Nepal Investment And Securities Trading Private Limited,2026-04-15 11:20:25.759726,Upper Tamakoshi Hydropower Ltd
2026041504002388,UPPER,21,63,11,218.0,2398.0,2026-04-15,186302759,2792,Midas Stock Broking Company Private Limited,Himalayan Brokerage Company Limited,2026-04-15 11:20:40.011731,Upper Tamakoshi Hydropower Ltd
2026041504002391,UPPER,21,49,10,218.0,2180.0,2026-04-15,186302835,2792,Midas Stock Broking Company Private Limited,Online Securities Pvt. Ltd.,2026-04-15 11:20:42.845205,Upper Tamakoshi Hydropower Ltd
2026041504002397,UPPER,21,19,100,218.0,21800.0,2026-04-15,186302939,2792,Midas Stock Broking Company Private Limited,Nepal Investment And Securities Trading Private Limited,2026-04-15 11:20:47.079971,Upper Tamakoshi Hydropower Ltd
2026041504002405,UPPER,22,6,10,218.1,2181.0,2026-04-15,186302959,2792,Siprabi Securities Pvt. Ltd.,Agrawal Securities (PVT) Ltd.,2026-04-15 11:20:47.558904,Upper Tamakoshi Hydropower Ltd
2026041504002500,UPPER,22,28,90,218.1,19629.0,2026-04-15,186303536,2792,Siprabi Securities Pvt. Ltd.,Shree Krishna Securities Ltd.,2026-04-15 11:21:21.814571,Upper Tamakoshi Hydropower Ltd
2026041504002549,UPPER,21,35,306,218.0,66708.0,2026-04-15,186303806,2792,Midas Stock Broking Company Private Limited,Kohinoor Investment & Securities Pvt. Ltd.,2026-04-15 11:21:40.662045,Upper Tamakoshi Hydropower Ltd
2026041504002550,UPPER,58,35,150,218.0,32700.0,2026-04-15,186303808,2792,Naasa Securities Co. Ltd.,Kohinoor Investment & Securities Pvt. Ltd.,2026-04-15 11:21:40.662598,Upper Tamakoshi Hydropower Ltd
2026041504002590,UPPER,41,28,10,218.0,2180.0,2026-04-15,186304004,2792,Linch Stock Market Ltd.,Shree Krishna Securities Ltd.,2026-04-15 11:21:51.628677,Upper Tamakoshi Hydropower Ltd
2026041504002591,UPPER,58,28,100,218.0,21800.0,2026-04-15,186304013,2792,Naasa Securities Co. Ltd.,Shree Krishna Securities Ltd.,2026-04-15 11:21:52.329767,Upper Tamakoshi Hydropower Ltd
2026041504002598,UPPER,58,28,1000,218.0,218000.0,2026-04-15,186304090,2792,Naasa Securities Co. Ltd.,Shree Krishna Securities Ltd.,2026-04-15 11:21:57.725016,Upper Tamakoshi Hydropower Ltd
2026041504002669,UPPER,75,28,10,218.0,2180.0,2026-04-15,186304662,2792,N.I.M.B. Stock Markets Limited,Shree Krishna Securities Ltd.,2026-04-15 11:22:33.005737,Upper Tamakoshi Hydropower Ltd
2026041504002679,UPPER,42,58,10,217.5,2175.0,2026-04-15,186304897,2792,Sani Securities Company Ltd.,Naasa Securities Co. Ltd.,2026-04-15 11:22:48.465923,Upper Tamakoshi Hydropower Ltd
2026041504002687,UPPER,42,28,120,218.0,26160.0,2026-04-15,186304936,2792,Sani Securities Company Ltd.,Shree Krishna Securities Ltd.,2026-04-15 11:22:50.815776,Upper Tamakoshi Hydropower Ltd
2026041504002745,UPPER,58,7,10,217.9,2179.0,2026-04-15,186305426,2792,Naasa Securities Co. Ltd.,J.F. Securites (PVT) Ltd.,2026-04-15 11:23:28.686727,Upper Tamakoshi Hydropower Ltd
2026041504002871,UPPER,49,58,81,217.9,17649.9,2026-04-15,186306274,2792,Online Securities Pvt. Ltd.,Naasa Securities Co. Ltd.,2026-04-15 11:24:25.286282,Upper Tamakoshi Hydropower Ltd
2026041504002910,UPPER,58,59,40,217.5,8700.0,2026-04-15,186306866,2792,Naasa Securities Co. Ltd.,Deevyaa Securities & Stock House Pvt. Ltd,2026-04-15 11:24:50.085729,Upper Tamakoshi Hydropower Ltd
2026041504002911,UPPER,59,59,60,217.5,13050.0,2026-04-15,186306867,2792,Deevyaa Securities & Stock House Pvt. Ltd,Deevyaa Securities & Stock House Pvt. Ltd,2026-04-15 11:24:50.086276,Upper Tamakoshi Hydropower Ltd
2026041504003020,UPPER,59,11,100,217.5,21750.0,2026-04-15,186308123,2792,Deevyaa Securities & Stock House Pvt. Ltd,Malla & Malla Stock Broking Company Pvt. Limited,2026-04-15 11:26:06.864410,Upper Tamakoshi Hydropower Ltd
2026041504003113,UPPER,59,45,40,217.5,8700.0,2026-04-15,186308988,2792,Deevyaa Securities & Stock House Pvt. Ltd,Imperial Securities Company Pvt. Ltd.,2026-04-15 11:26:56.368844,Upper Tamakoshi Hydropower Ltd
2026041504003114,UPPER,59,45,10,217.5,2175.0,2026-04-15,186308989,2792,Deevyaa Securities & Stock House Pvt. Ltd,Imperial Securities Company Pvt. Ltd.,2026-04-15 11:26:56.369162,Upper Tamakoshi Hydropower Ltd
2026041504003123,UPPER,59,25,90,217.5,19575.0,2026-04-15,186309122,2792,Deevyaa Securities & Stock House Pvt. Ltd,Sweta Securities Private Limited,2026-04-15 11:27:04.301028,Upper Tamakoshi Hydropower Ltd
2026041504003127,UPPER,59,25,40,217.5,8700.0,2026-04-15,186309137,2792,Deevyaa Securities & Stock House Pvt. Ltd,Sweta Securities Private Limited,2026-04-15 11:27:05.376199,Upper Tamakoshi Hydropower Ltd
2026041504003205,UPPER,58,58,10,217.9,2179.0,2026-04-15,186310032,2792,Naasa Securities Co. Ltd.,Naasa Securities Co. Ltd.,2026-04-15 11:27:50.824811,Upper Tamakoshi Hydropower Ltd
2026041504003212,UPPER,42,58,79,217.9,17214.1,2026-04-15,186310073,2792,Sani Securities Company Ltd.,Naasa Securities Co. Ltd.,2026-04-15 11:27:54.740375,Upper Tamakoshi Hydropower Ltd
2026041504003213,UPPER,42,28,321,218.0,69978.0,2026-04-15,186310076,2792,Sani Securities Company Ltd.,Shree Krishna Securities Ltd.,2026-04-15 11:27:54.740711,Upper Tamakoshi Hydropower Ltd
2026041504003304,UPPER,60,28,1729,218.0,376922.0,2026-04-15,186310975,2792,Nagarik Stock Dealer ,Shree Krishna Securities Ltd.,2026-04-15 11:28:58.120006,Upper Tamakoshi Hydropower Ltd
2026041504003305,UPPER,60,50,71,218.0,15478.0,2026-04-15,186310978,2792,Nagarik Stock Dealer ,Cristal Kanchanjanga Securites Pvt. Ltd.,2026-04-15 11:28:58.120662,Upper Tamakoshi Hydropower Ltd
2026041504003309,UPPER,59,25,100,217.5,21750.0,2026-04-15,186311032,2792,Deevyaa Securities & Stock House Pvt. Ltd,Sweta Securities Private Limited,2026-04-15 11:29:02.846833,Upper Tamakoshi Hydropower Ltd
2026041504003310,UPPER,58,25,10,217.5,2175.0,2026-04-15,186311034,2792,Naasa Securities Co. Ltd.,Sweta Securities Private Limited,2026-04-15 11:29:02.847146,Upper Tamakoshi Hydropower Ltd
2026041504003356,UPPER,37,25,500,217.5,108750.0,2026-04-15,186311330,2792,Swarna Laxmi Securities Pvt. Ltd.,Sweta Securities Private Limited,2026-04-15 11:29:21.932440,Upper Tamakoshi Hydropower Ltd
2026041504003382,UPPER,42,58,10,217.4,2174.0,2026-04-15,186311596,2792,Sani Securities Company Ltd.,Naasa Securities Co. Ltd.,2026-04-15 11:29:33.402211,Upper Tamakoshi Hydropower Ltd
2026041504003422,UPPER,58,25,290,217.5,63075.0,2026-04-15,186311835,2792,Naasa Securities Co. Ltd.,Sweta Securities Private Limited,2026-04-15 11:29:50.807008,Upper Tamakoshi Hydropower Ltd
2026041504003423,UPPER,58,50,10,218.0,2180.0,2026-04-15,186311838,2792,Naasa Securities Co. Ltd.,Cristal Kanchanjanga Securites Pvt. Ltd.,2026-04-15 11:29:50.807377,Upper Tamakoshi Hydropower Ltd
2026041504003456,UPPER,37,86,50,217.5,10875.0,2026-04-15,186312185,2792,Swarna Laxmi Securities Pvt. Ltd.,Stoxkarts Securities Limited,2026-04-15 11:30:16.917706,Upper Tamakoshi Hydropower Ltd
2026041504003525,UPPER,34,50,19,218.0,4142.0,2026-04-15,186312645,2792,Vision Securities Pvt. Ltd,Cristal Kanchanjanga Securites Pvt. Ltd.,2026-04-15 11:30:44.985023,Upper Tamakoshi Hydropower Ltd
2026041504003526,UPPER,34,42,56,218.0,12208.0,2026-04-15,186312648,2792,Vision Securities Pvt. Ltd,Sani Securities Company Ltd.,2026-04-15 11:30:44.985713,Upper Tamakoshi Hydropower Ltd
2026041504003528,UPPER,17,42,144,218.0,31392.0,2026-04-15,186312663,2792,ABC Securities Private Limited,Sani Securities Company Ltd.,2026-04-15 11:30:45.599087,Upper Tamakoshi Hydropower Ltd
2026041504003529,UPPER,17,38,1000,218.0,218000.0,2026-04-15,186312665,2792,ABC Securities Private Limited,Dipshikha Dhitopatra Karobar Co. Pvt Ltd.,2026-04-15 11:30:45.599428,Upper Tamakoshi Hydropower Ltd
2026041504003530,UPPER,17,89,70,218.0,15260.0,2026-04-15,186312667,2792,ABC Securities Private Limited,Global IME Securities Limited,2026-04-15 11:30:45.599593,Upper Tamakoshi Hydropower Ltd
2026041504003531,UPPER,17,38,45,218.0,9810.0,2026-04-15,186312669,2792,ABC Securities Private Limited,Dipshikha Dhitopatra Karobar Co. Pvt Ltd.,2026-04-15 11:30:45.599749,Upper Tamakoshi Hydropower Ltd
2026041504003532,UPPER,17,58,10,218.0,2180.0,2026-04-15,186312671,2792,ABC Securities Private Limited,Naasa Securities Co. Ltd.,2026-04-15 11:30:45.599907,Upper Tamakoshi Hydropower Ltd
2026041504003533,UPPER,17,51,56,218.0,12208.0,2026-04-15,186312673,2792,ABC Securities Private Limited,Oxford Securities Pvt. Ltd.,2026-04-15 11:30:45.600073,Upper Tamakoshi Hydropower Ltd
2026041504003534,UPPER,17,38,25,218.0,5450.0,2026-04-15,186312676,2792,ABC Securities Private Limited,Dipshikha Dhitopatra Karobar Co. Pvt Ltd.,2026-04-15 11:30:45.600230,Upper Tamakoshi Hydropower Ltd
2026041504003573,UPPER,58,38,175,218.0,38150.0,2026-04-15,186313055,2792,Naasa Securities Co. Ltd.,Dipshikha Dhitopatra Karobar Co. Pvt Ltd.,2026-04-15 11:31:11.315747,Upper Tamakoshi Hydropower Ltd
2026041504003574,UPPER,58,26,50,218.0,10900.0,2026-04-15,186313057,2792,Naasa Securities Co. Ltd.,Asian Securities Private Ltd.,2026-04-15 11:31:11.316406,Upper Tamakoshi Hydropower Ltd
2026041504003575,UPPER,58,32,20,218.0,4360.0,2026-04-15,186313059,2792,Naasa Securities Co. Ltd.,Premier Securities Company Ltd.,2026-04-15 11:31:11.316877,Upper Tamakoshi Hydropower Ltd
2026041504003622,UPPER,37,42,100,218.0,21800.0,2026-04-15,186313613,2792,Swarna Laxmi Securities Pvt. Ltd.,Sani Securities Company Ltd.,2026-04-15 11:31:41.284949,Upper Tamakoshi Hydropower Ltd
2026041504003623,UPPER,37,58,20,218.0,4360.0,2026-04-15,186313615,2792,Swarna Laxmi Securities Pvt. Ltd.,Naasa Securities Co. Ltd.,2026-04-15 11:31:41.285622,Upper Tamakoshi Hydropower Ltd
2026041504003624,UPPER,37,56,70,218.0,15260.0,2026-04-15,186313618,2792,Swarna Laxmi Securities Pvt. Ltd.,Sri Hari Securities Pvt. Ltd.,2026-04-15 11:31:41.286107,Upper Tamakoshi Hydropower Ltd
2026041504003626,UPPER,49,56,15,218.0,3270.0,2026-04-15,186313628,2792,Online Securities Pvt. Ltd.,Sri Hari Securities Pvt. Ltd.,2026-04-15 11:31:42.862840,Upper Tamakoshi Hydropower Ltd
2026041504003641,UPPER,11,56,200,218.0,43600.0,2026-04-15,186313680,2792,Malla & Malla Stock Broking Company Pvt. Limited,Sri Hari Securities Pvt. Ltd.,2026-04-15 11:31:45.817193,Upper Tamakoshi Hydropower Ltd
2026041504003655,UPPER,22,54,36,217.8,7840.8,2026-04-15,186313840,2792,Siprabi Securities Pvt. Ltd.,Sewa Securities Pvt. Ltd.,2026-04-15 11:31:55.350650,Upper Tamakoshi Hydropower Ltd
2026041504003656,UPPER,37,54,64,217.6,13926.4,2026-04-15,186313841,2792,Swarna Laxmi Securities Pvt. Ltd.,Sewa Securities Pvt. Ltd.,2026-04-15 11:31:55.351338,Upper Tamakoshi Hydropower Ltd
2026041504003667,UPPER,17,56,20,218.0,4360.0,2026-04-15,186313888,2792,ABC Securities Private Limited,Sri Hari Securities Pvt. Ltd.,2026-04-15 11:32:00.173252,Upper Tamakoshi Hydropower Ltd
2026041504003748,UPPER,85,56,145,218.0,31610.0,2026-04-15,186314883,2792,Capital Hub P. Ltd,Sri Hari Securities Pvt. Ltd.,2026-04-15 11:32:52.810034,Upper Tamakoshi Hydropower Ltd
2026041504003749,UPPER,85,52,72,218.0,15696.0,2026-04-15,186314885,2792,Capital Hub P. Ltd,Sundhara Securities Limited,2026-04-15 11:32:52.810408,Upper Tamakoshi Hydropower Ltd
2026041504003750,UPPER,85,4,100,218.0,21800.0,2026-04-15,186314887,2792,Capital Hub P. Ltd,Opal Securities Investment (PVT) Ltd.,2026-04-15 11:32:52.810579,Upper Tamakoshi Hydropower Ltd
2026041504003751,UPPER,85,41,100,218.0,21800.0,2026-04-15,186314889,2792,Capital Hub P. Ltd,Linch Stock Market Ltd.,2026-04-15 11:32:52.810745,Upper Tamakoshi Hydropower Ltd
2026041504003752,UPPER,85,58,10,218.0,2180.0,2026-04-15,186314891,2792,Capital Hub P. Ltd,Naasa Securities Co. Ltd.,2026-04-15 11:32:52.810912,Upper Tamakoshi Hydropower Ltd
2026041504003754,UPPER,85,38,34,218.0,7412.0,2026-04-15,186314909,2792,Capital Hub P. Ltd,Dipshikha Dhitopatra Karobar Co. Pvt Ltd.,2026-04-15 11:32:53.943832,Upper Tamakoshi Hydropower Ltd
2026041504003781,UPPER,37,42,136,218.3,29688.8,2026-04-15,186315098,2792,Swarna Laxmi Securities Pvt. Ltd.,Sani Securities Company Ltd.,2026-04-15 11:33:05.810984,Upper Tamakoshi Hydropower Ltd
2026041504003893,UPPER,72,21,70,218.2,15274.0,2026-04-15,186315890,2792,Hatemalo Financial Services Private Limited,Midas Stock Broking Company Private Limited,2026-04-15 11:33:56.938328,Upper Tamakoshi Hydropower Ltd
2026041504003926,UPPER,84,21,450,218.2,98190.0,2026-04-15,186316190,2792,MILKY WAY SHARE BROKER COMPANY LTD ,Midas Stock Broking Company Private Limited,2026-04-15 11:34:07.093477,Upper Tamakoshi Hydropower Ltd
2026041504003970,UPPER,85,21,539,218.2,117609.8,2026-04-15,186316548,2792,Capital Hub P. Ltd,Midas Stock Broking Company Private Limited,2026-04-15 11:34:30.565903,Upper Tamakoshi Hydropower Ltd
2026041504003975,UPPER,57,21,140,218.2,30548.0,2026-04-15,186316578,2792,Aryatara Investment & Securities,Midas Stock Broking Company Private Limited,2026-04-15 11:34:32.512610,Upper Tamakoshi Hydropower Ltd
2026041504003990,UPPER,58,62,146,218.1,31842.6,2026-04-15,186316748,2792,Naasa Securities Co. Ltd.,Capital Max Securities Ltd,2026-04-15 11:34:39.164943,Upper Tamakoshi Hydropower Ltd
2026041504004051,UPPER,58,62,10,218.1,2181.0,2026-04-15,186316930,2792,Naasa Securities Co. Ltd.,Capital Max Securities Ltd,2026-04-15 11:34:44.438896,Upper Tamakoshi Hydropower Ltd
2026041504004057,UPPER,58,62,10,218.0,2180.0,2026-04-15,186316996,2792,Naasa Securities Co. Ltd.,Capital Max Securities Ltd,2026-04-15 11:34:50.884616,Upper Tamakoshi Hydropower Ltd
2026041504004058,UPPER,7,62,344,218.0,74992.0,2026-04-15,186316997,2792,J.F. Securites (PVT) Ltd.,Capital Max Securities Ltd,2026-04-15 11:34:50.884980,Upper Tamakoshi Hydropower Ltd
2026041504004061,UPPER,7,38,20,218.0,4360.0,2026-04-15,186317071,2792,J.F. Securites (PVT) Ltd.,Dipshikha Dhitopatra Karobar Co. Pvt Ltd.,2026-04-15 11:34:54.580822,Upper Tamakoshi Hydropower Ltd
2026041504004064,UPPER,38,21,125,218.2,27275.0,2026-04-15,186317098,2792,Dipshikha Dhitopatra Karobar Co. Pvt Ltd.,Midas Stock Broking Company Private Limited,2026-04-15 11:34:55.609972,Upper Tamakoshi Hydropower Ltd
2026041504004087,UPPER,7,25,636,218.0,138648.0,2026-04-15,186317270,2792,J.F. Securites (PVT) Ltd.,Sweta Securities Private Limited,2026-04-15 11:35:11.834204,Upper Tamakoshi Hydropower Ltd
2026041504004088,UPPER,57,25,364,218.0,79352.0,2026-04-15,186317271,2792,Aryatara Investment & Securities,Sweta Securities Private Limited,2026-04-15 11:35:11.834615,Upper Tamakoshi Hydropower Ltd
2026041504004091,UPPER,58,21,1000,218.2,218200.0,2026-04-15,186317320,2792,Naasa Securities Co. Ltd.,Midas Stock Broking Company Private Limited,2026-04-15 11:35:14.805181,Upper Tamakoshi Hydropower Ltd
2026041504004125,UPPER,48,21,20,218.2,4364.0,2026-04-15,186317512,2792,Trishakti Securities Public Limited,Midas Stock Broking Company Private Limited,2026-04-15 11:35:27.190388,Upper Tamakoshi Hydropower Ltd
2026041504004161,UPPER,17,25,500,218.1,109050.0,2026-04-15,186317727,2792,ABC Securities Private Limited,Sweta Securities Private Limited,2026-04-15 11:35:42.608091,Upper Tamakoshi Hydropower Ltd
2026041504004183,UPPER,42,21,1600,218.2,349120.0,2026-04-15,186317820,2792,Sani Securities Company Ltd.,Midas Stock Broking Company Private Limited,2026-04-15 11:35:48.523943,Upper Tamakoshi Hydropower Ltd
2026041504004203,UPPER,58,21,100,218.2,21820.0,2026-04-15,186317998,2792,Naasa Securities Co. Ltd.,Midas Stock Broking Company Private Limited,2026-04-15 11:35:56.428735,Upper Tamakoshi Hydropower Ltd
2026041504004269,UPPER,57,8,50,218.0,10900.0,2026-04-15,186318631,2792,Aryatara Investment & Securities,Brilliant Securities Pvt. Ltd.,2026-04-15 11:36:29.293483,Upper Tamakoshi Hydropower Ltd
2026041504004271,UPPER,58,21,40,218.2,8728.0,2026-04-15,186318658,2792,Naasa Securities Co. Ltd.,Midas Stock Broking Company Private Limited,2026-04-15 11:36:31.044963,Upper Tamakoshi Hydropower Ltd
2026041504004311,UPPER,58,21,496,218.2,108227.2,2026-04-15,186319067,2792,Naasa Securities Co. Ltd.,Midas Stock Broking Company Private Limited,2026-04-15 11:36:55.298269,Upper Tamakoshi Hydropower Ltd
2026041504004312,UPPER,58,58,24,218.2,5236.8,2026-04-15,186319069,2792,Naasa Securities Co. Ltd.,Naasa Securities Co. Ltd.,2026-04-15 11:36:55.298334,Upper Tamakoshi Hydropower Ltd
2026041504004313,UPPER,58,57,230,218.2,50186.0,2026-04-15,186319072,2792,Naasa Securities Co. Ltd.,Aryatara Investment & Securities,2026-04-15 11:36:55.298360,Upper Tamakoshi Hydropower Ltd
2026041504004321,UPPER,58,42,14,218.3,3056.2,2026-04-15,186319131,2792,Naasa Securities Co. Ltd.,Sani Securities Company Ltd.,2026-04-15 11:37:02.479081,Upper Tamakoshi Hydropower Ltd
2026041504004322,UPPER,58,41,10,218.5,2185.0,2026-04-15,186319134,2792,Naasa Securities Co. Ltd.,Linch Stock Market Ltd.,2026-04-15 11:37:02.479132,Upper Tamakoshi Hydropower Ltd
2026041504004371,UPPER,59,41,50,218.5,10925.0,2026-04-15,186319396,2792,Deevyaa Securities & Stock House Pvt. Ltd,Linch Stock Market Ltd.,2026-04-15 11:37:17.520242,Upper Tamakoshi Hydropower Ltd
2026041504004390,UPPER,37,41,45,218.5,9832.5,2026-04-15,186319610,2792,Swarna Laxmi Securities Pvt. Ltd.,Linch Stock Market Ltd.,2026-04-15 11:37:34.979812,Upper Tamakoshi Hydropower Ltd
2026041504004422,UPPER,57,41,86,218.5,18791.0,2026-04-15,186319824,2792,Aryatara Investment & Securities,Linch Stock Market Ltd.,2026-04-15 11:37:51.883374,Upper Tamakoshi Hydropower Ltd
2026041504004424,UPPER,58,35,5,218.0,1090.0,2026-04-15,186319863,2792,Naasa Securities Co. Ltd.,Kohinoor Investment & Securities Pvt. Ltd.,2026-04-15 11:37:53.455649,Upper Tamakoshi Hydropower Ltd
2026041504004434,UPPER,35,41,109,218.5,23816.5,2026-04-15,186320001,2792,Kohinoor Investment & Securities Pvt. Ltd.,Linch Stock Market Ltd.,2026-04-15 11:38:01.984515,Upper Tamakoshi Hydropower Ltd
2026041504004435,UPPER,35,45,500,218.5,109250.0,2026-04-15,186320003,2792,Kohinoor Investment & Securities Pvt. Ltd.,Imperial Securities Company Pvt. Ltd.,2026-04-15 11:38:01.984886,Upper Tamakoshi Hydropower Ltd
2026041504004436,UPPER,35,37,3000,218.5,655500.0,2026-04-15,186320005,2792,Kohinoor Investment & Securities Pvt. Ltd.,Swarna Laxmi Securities Pvt. Ltd.,2026-04-15 11:38:01.985079,Upper Tamakoshi Hydropower Ltd
2026041504004437,UPPER,35,19,200,218.5,43700.0,2026-04-15,186320007,2792,Kohinoor Investment & Securities Pvt. Ltd.,Nepal Investment And Securities Trading Private Limited,2026-04-15 11:38:01.985261,Upper Tamakoshi Hydropower Ltd
2026041504004438,UPPER,35,17,100,218.5,21850.0,2026-04-15,186320009,2792,Kohinoor Investment & Securities Pvt. Ltd.,ABC Securities Private Limited,2026-04-15 11:38:01.985550,Upper Tamakoshi Hydropower Ltd
2026041504004472,UPPER,58,25,12,218.9,2626.8,2026-04-15,186320254,2792,Naasa Securities Co. Ltd.,Sweta Securities Private Limited,2026-04-15 11:38:23.944100,Upper Tamakoshi Hydropower Ltd
2026041504004587,UPPER,35,35,13,218.8,2844.4,2026-04-15,186320857,2792,Kohinoor Investment & Securities Pvt. Ltd.,Kohinoor Investment & Securities Pvt. Ltd.,2026-04-15 11:39:06.123942,Upper Tamakoshi Hydropower Ltd
2026041504004588,UPPER,35,25,78,218.9,17074.2,2026-04-15,186320860,2792,Kohinoor Investment & Securities Pvt. Ltd.,Sweta Securities Private Limited,2026-04-15 11:39:06.124401,Upper Tamakoshi Hydropower Ltd
2026041504004626,UPPER,58,42,10,218.8,2188.0,2026-04-15,186321224,2792,Naasa Securities Co. Ltd.,Sani Securities Company Ltd.,2026-04-15 11:39:24.239307,Upper Tamakoshi Hydropower Ltd
2026041504004628,UPPER,58,25,10,218.9,2189.0,2026-04-15,186321236,2792,Naasa Securities Co. Ltd.,Sweta Securities Private Limited,2026-04-15 11:39:24.794550,Upper Tamakoshi Hydropower Ltd
2026041504004634,UPPER,58,42,50,218.5,10925.0,2026-04-15,186321357,2792,Naasa Securities Co. Ltd.,Sani Securities Company Ltd.,2026-04-15 11:39:30.693485,Upper Tamakoshi Hydropower Ltd
2026041504004726,UPPER,25,25,400,218.9,87560.0,2026-04-15,186322115,2792,Sweta Securities Private Limited,Sweta Securities Private Limited,2026-04-15 11:40:22.665623,Upper Tamakoshi Hydropower Ltd
2026041504004727,UPPER,25,42,1600,219.0,350400.0,2026-04-15,186322118,2792,Sweta Securities Private Limited,Sani Securities Company Ltd.,2026-04-15 11:40:22.666021,Upper Tamakoshi Hydropower Ltd
2026041504004790,UPPER,49,42,10,219.0,2190.0,2026-04-15,186322632,2792,Online Securities Pvt. Ltd.,Sani Securities Company Ltd.,2026-04-15 11:40:53.684679,Upper Tamakoshi Hydropower Ltd
2026041504004838,UPPER,58,42,30,219.0,6570.0,2026-04-15,186323094,2792,Naasa Securities Co. Ltd.,Sani Securities Company Ltd.,2026-04-15 11:41:24.474474,Upper Tamakoshi Hydropower Ltd
2026041504004840,UPPER,65,42,209,219.0,45771.0,2026-04-15,186323107,2792,Sharepro Securities Private Limited,Sani Securities Company Ltd.,2026-04-15 11:41:25.717531,Upper Tamakoshi Hydropower Ltd
2026041504004841,UPPER,65,49,50,219.0,10950.0,2026-04-15,186323109,2792,Sharepro Securities Private Limited,Online Securities Pvt. Ltd.,2026-04-15 11:41:25.717974,Upper Tamakoshi Hydropower Ltd
2026041504004842,UPPER,65,8,1000,219.0,219000.0,2026-04-15,186323111,2792,Sharepro Securities Private Limited,Brilliant Securities Pvt. Ltd.,2026-04-15 11:41:25.718169,Upper Tamakoshi Hydropower Ltd
2026041504004843,UPPER,65,57,90,219.0,19710.0,2026-04-15,186323113,2792,Sharepro Securities Private Limited,Aryatara Investment & Securities,2026-04-15 11:41:25.718366,Upper Tamakoshi Hydropower Ltd
2026041504004844,UPPER,65,56,20,219.0,4380.0,2026-04-15,186323115,2792,Sharepro Securities Private Limited,Sri Hari Securities Pvt. Ltd.,2026-04-15 11:41:25.718553,Upper Tamakoshi Hydropower Ltd
2026041504004845,UPPER,65,19,1000,219.0,219000.0,2026-04-15,186323117,2792,Sharepro Securities Private Limited,Nepal Investment And Securities Trading Private Limited,2026-04-15 11:41:25.718748,Upper Tamakoshi Hydropower Ltd
2026041504004846,UPPER,65,58,10,219.0,2190.0,2026-04-15,186323119,2792,Sharepro Securities Private Limited,Naasa Securities Co. Ltd.,2026-04-15 11:41:25.718943,Upper Tamakoshi Hydropower Ltd
2026041504004847,UPPER,65,42,100,219.0,21900.0,2026-04-15,186323121,2792,Sharepro Securities Private Limited,Sani Securities Company Ltd.,2026-04-15 11:41:25.719133,Upper Tamakoshi Hydropower Ltd
2026041504004848,UPPER,65,57,80,219.0,17520.0,2026-04-15,186323123,2792,Sharepro Securities Private Limited,Aryatara Investment & Securities,2026-04-15 11:41:25.719330,Upper Tamakoshi Hydropower Ltd
2026041504004849,UPPER,65,21,746,219.0,163374.0,2026-04-15,186323125,2792,Sharepro Securities Private Limited,Midas Stock Broking Company Private Limited,2026-04-15 11:41:25.719519,Upper Tamakoshi Hydropower Ltd
2026041504004850,UPPER,65,66,36,219.0,7884.0,2026-04-15,186323127,2792,Sharepro Securities Private Limited,Miyo Securities Pvt Ltd,2026-04-15 11:41:25.719708,Upper Tamakoshi Hydropower Ltd
2026041504005028,UPPER,49,39,159,219.1,34836.9,2026-04-15,186324702,2792,Online Securities Pvt. Ltd.,Sumeru Securities Pvt. Ltd.,2026-04-15 11:43:06.133402,Upper Tamakoshi Hydropower Ltd
2026041504005029,UPPER,65,39,41,219.0,8979.0,2026-04-15,186324703,2792,Sharepro Securities Private Limited,Sumeru Securities Pvt. Ltd.,2026-04-15 11:43:06.133835,Upper Tamakoshi Hydropower Ltd
2026041504005050,UPPER,58,42,10,219.3,2193.0,2026-04-15,186324850,2792,Naasa Securities Co. Ltd.,Sani Securities Company Ltd.,2026-04-15 11:43:18.753529,Upper Tamakoshi Hydropower Ltd
2026041504005051,UPPER,58,14,10,219.5,2195.0,2026-04-15,186324854,2792,Naasa Securities Co. Ltd.,Nepal Stock House (PVT) Ltd.,2026-04-15 11:43:18.753582,Upper Tamakoshi Hydropower Ltd
2026041504005053,UPPER,58,14,18,219.5,3951.0,2026-04-15,186324881,2792,Naasa Securities Co. Ltd.,Nepal Stock House (PVT) Ltd.,2026-04-15 11:43:21.303679,Upper Tamakoshi Hydropower Ltd
2026041504005054,UPPER,58,51,32,219.5,7024.0,2026-04-15,186324884,2792,Naasa Securities Co. Ltd.,Oxford Securities Pvt. Ltd.,2026-04-15 11:43:21.304492,Upper Tamakoshi Hydropower Ltd
2026041504005090,UPPER,58,51,40,219.5,8780.0,2026-04-15,186325332,2792,Naasa Securities Co. Ltd.,Oxford Securities Pvt. Ltd.,2026-04-15 11:43:45.574544,Upper Tamakoshi Hydropower Ltd
2026041504005161,UPPER,34,51,28,219.5,6146.0,2026-04-15,186325803,2792,Vision Securities Pvt. Ltd,Oxford Securities Pvt. Ltd.,2026-04-15 11:44:14.591272,Upper Tamakoshi Hydropower Ltd
2026041504005162,UPPER,34,42,10,219.8,2198.0,2026-04-15,186325805,2792,Vision Securities Pvt. Ltd,Sani Securities Company Ltd.,2026-04-15 11:44:14.592137,Upper Tamakoshi Hydropower Ltd
2026041504005163,UPPER,34,16,100,219.9,21990.0,2026-04-15,186325807,2792,Vision Securities Pvt. Ltd,Primo Securities (PVT) Ltd.,2026-04-15 11:44:14.592722,Upper Tamakoshi Hydropower Ltd
2026041504005164,UPPER,34,49,250,219.9,54975.0,2026-04-15,186325809,2792,Vision Securities Pvt. Ltd,Online Securities Pvt. Ltd.,2026-04-15 11:44:14.593333,Upper Tamakoshi Hydropower Ltd
2026041504005165,UPPER,34,35,112,219.9,24628.8,2026-04-15,186325812,2792,Vision Securities Pvt. Ltd,Kohinoor Investment & Securities Pvt. Ltd.,2026-04-15 11:44:14.593943,Upper Tamakoshi Hydropower Ltd
2026041504005180,UPPER,52,35,388,219.9,85321.2,2026-04-15,186325959,2792,Sundhara Securities Limited,Kohinoor Investment & Securities Pvt. Ltd.,2026-04-15 11:44:25.445808,Upper Tamakoshi Hydropower Ltd
2026041504005181,UPPER,52,32,1612,219.9,354478.8,2026-04-15,186325962,2792,Sundhara Securities Limited,Premier Securities Company Ltd.,2026-04-15 11:44:25.446686,Upper Tamakoshi Hydropower Ltd
2026041504005182,UPPER,58,32,3388,219.9,745021.2,2026-04-15,186325971,2792,Naasa Securities Co. Ltd.,Premier Securities Company Ltd.,2026-04-15 11:44:26.609026,Upper Tamakoshi Hydropower Ltd
2026041504005183,UPPER,58,6,100,219.9,21990.0,2026-04-15,186325973,2792,Naasa Securities Co. Ltd.,Agrawal Securities (PVT) Ltd.,2026-04-15 11:44:26.609852,Upper Tamakoshi Hydropower Ltd
2026041504005184,UPPER,58,58,152,220.0,33440.0,2026-04-15,186325975,2792,Naasa Securities Co. Ltd.,Naasa Securities Co. Ltd.,2026-04-15 11:44:26.610452,Upper Tamakoshi Hydropower Ltd
2026041504005185,UPPER,58,29,1000,220.0,220000.0,2026-04-15,186325977,2792,Naasa Securities Co. Ltd.,Trisul Securities & Invt. Ltd.,2026-04-15 11:44:26.611032,Upper Tamakoshi Hydropower Ltd
2026041504005186,UPPER,58,16,100,220.0,22000.0,2026-04-15,186325979,2792,Naasa Securities Co. Ltd.,Primo Securities (PVT) Ltd.,2026-04-15 11:44:26.611633,Upper Tamakoshi Hydropower Ltd
2026041504005187,UPPER,58,58,100,220.0,22000.0,2026-04-15,186325981,2792,Naasa Securities Co. Ltd.,Naasa Securities Co. Ltd.,2026-04-15 11:44:26.612210,Upper Tamakoshi Hydropower Ltd
2026041504005188,UPPER,58,58,400,220.0,88000.0,2026-04-15,186325983,2792,Naasa Securities Co. Ltd.,Naasa Securities Co. Ltd.,2026-04-15 11:44:26.612779,Upper Tamakoshi Hydropower Ltd
2026041504005189,UPPER,58,77,200,220.0,44000.0,2026-04-15,186325985,2792,Naasa Securities Co. Ltd.,Nabil Stock Dealer Ltd.,2026-04-15 11:44:26.613356,Upper Tamakoshi Hydropower Ltd
2026041504005190,UPPER,58,54,1020,220.0,224400.0,2026-04-15,186325987,2792,Naasa Securities Co. Ltd.,Sewa Securities Pvt. Ltd.,2026-04-15 11:44:26.613926,Upper Tamakoshi Hydropower Ltd
2026041504005191,UPPER,58,21,50,220.0,11000.0,2026-04-15,186325989,2792,Naasa Securities Co. Ltd.,Midas Stock Broking Company Private Limited,2026-04-15 11:44:26.614484,Upper Tamakoshi Hydropower Ltd
2026041504005192,UPPER,58,35,35,220.0,7700.0,2026-04-15,186325991,2792,Naasa Securities Co. Ltd.,Kohinoor Investment & Securities Pvt. Ltd.,2026-04-15 11:44:26.615045,Upper Tamakoshi Hydropower Ltd
2026041504005193,UPPER,58,42,70,220.0,15400.0,2026-04-15,186325995,2792,Naasa Securities Co. Ltd.,Sani Securities Company Ltd.,2026-04-15 11:44:26.615616,Upper Tamakoshi Hydropower Ltd
2026041504005194,UPPER,58,6,100,220.0,22000.0,2026-04-15,186325997,2792,Naasa Securities Co. Ltd.,Agrawal Securities (PVT) Ltd.,2026-04-15 11:44:26.616170,Upper Tamakoshi Hydropower Ltd
2026041504005195,UPPER,58,65,1858,220.0,408760.0,2026-04-15,186325999,2792,Naasa Securities Co. Ltd.,Sharepro Securities Private Limited,2026-04-15 11:44:26.616739,Upper Tamakoshi Hydropower Ltd
2026041504005196,UPPER,58,49,150,220.0,33000.0,2026-04-15,186326001,2792,Naasa Securities Co. Ltd.,Online Securities Pvt. Ltd.,2026-04-15 11:44:26.617288,Upper Tamakoshi Hydropower Ltd
2026041504005197,UPPER,58,45,1000,220.0,220000.0,2026-04-15,186326003,2792,Naasa Securities Co. Ltd.,Imperial Securities Company Pvt. Ltd.,2026-04-15 11:44:26.617843,Upper Tamakoshi Hydropower Ltd
2026041504005198,UPPER,58,36,100,220.0,22000.0,2026-04-15,186326005,2792,Naasa Securities Co. Ltd.,Secured Securities Ltd.,2026-04-15 11:44:26.618398,Upper Tamakoshi Hydropower Ltd
2026041504005199,UPPER,58,18,100,220.0,22000.0,2026-04-15,186326007,2792,Naasa Securities Co. Ltd.,Sagarmatha Securities Private Limited,2026-04-15 11:44:26.618950,Upper Tamakoshi Hydropower Ltd
2026041504005200,UPPER,58,14,50,220.0,11000.0,2026-04-15,186326009,2792,Naasa Securities Co. Ltd.,Nepal Stock House (PVT) Ltd.,2026-04-15 11:44:26.619498,Upper Tamakoshi Hydropower Ltd
2026041504005201,UPPER,58,41,30,220.0,6600.0,2026-04-15,186326011,2792,Naasa Securities Co. Ltd.,Linch Stock Market Ltd.,2026-04-15 11:44:26.619810,Upper Tamakoshi Hydropower Ltd
2026041504005202,UPPER,58,6,100,220.0,22000.0,2026-04-15,186326013,2792,Naasa Securities Co. Ltd.,Agrawal Securities (PVT) Ltd.,2026-04-15 11:44:26.619991,Upper Tamakoshi Hydropower Ltd
2026041504005203,UPPER,58,49,10,220.0,2200.0,2026-04-15,186326015,2792,Naasa Securities Co. Ltd.,Online Securities Pvt. Ltd.,2026-04-15 11:44:26.620171,Upper Tamakoshi Hydropower Ltd
2026041504005204,UPPER,58,17,300,220.0,66000.0,2026-04-15,186326017,2792,Naasa Securities Co. Ltd.,ABC Securities Private Limited,2026-04-15 11:44:26.620353,Upper Tamakoshi Hydropower Ltd
2026041504005205,UPPER,58,11,250,220.0,55000.0,2026-04-15,186326019,2792,Naasa Securities Co. Ltd.,Malla & Malla Stock Broking Company Pvt. Limited,2026-04-15 11:44:26.620543,Upper Tamakoshi Hydropower Ltd
2026041504005206,UPPER,58,58,50,220.0,11000.0,2026-04-15,186326021,2792,Naasa Securities Co. Ltd.,Naasa Securities Co. Ltd.,2026-04-15 11:44:26.620721,Upper Tamakoshi Hydropower Ltd
2026041504005207,UPPER,58,44,75,220.0,16500.0,2026-04-15,186326023,2792,Naasa Securities Co. Ltd.,Dynamic Money Managers Securities Pvt. Ltd.,2026-04-15 11:44:26.620902,Upper Tamakoshi Hydropower Ltd
2026041504005208,UPPER,58,58,200,220.0,44000.0,2026-04-15,186326025,2792,Naasa Securities Co. Ltd.,Naasa Securities Co. Ltd.,2026-04-15 11:44:26.621078,Upper Tamakoshi Hydropower Ltd
2026041504005209,UPPER,58,29,1000,220.0,220000.0,2026-04-15,186326027,2792,Naasa Securities Co. Ltd.,Trisul Securities & Invt. Ltd.,2026-04-15 11:44:26.621249,Upper Tamakoshi Hydropower Ltd
2026041504005210,UPPER,58,36,1000,220.0,220000.0,2026-04-15,186326029,2792,Naasa Securities Co. Ltd.,Secured Securities Ltd.,2026-04-15 11:44:26.621434,Upper Tamakoshi Hydropower Ltd
2026041504005211,UPPER,58,49,130,220.0,28600.0,2026-04-15,186326031,2792,Naasa Securities Co. Ltd.,Online Securities Pvt. Ltd.,2026-04-15 11:44:26.621611,Upper Tamakoshi Hydropower Ltd
2026041504005212,UPPER,58,34,2000,220.0,440000.0,2026-04-15,186326033,2792,Naasa Securities Co. Ltd.,Vision Securities Pvt. Ltd,2026-04-15 11:44:26.621785,Upper Tamakoshi Hydropower Ltd
2026041504005213,UPPER,58,41,150,220.0,33000.0,2026-04-15,186326035,2792,Naasa Securities Co. Ltd.,Linch Stock Market Ltd.,2026-04-15 11:44:26.621960,Upper Tamakoshi Hydropower Ltd
2026041504005214,UPPER,58,36,20,220.0,4400.0,2026-04-15,186326037,2792,Naasa Securities Co. Ltd.,Secured Securities Ltd.,2026-04-15 11:44:26.622131,Upper Tamakoshi Hydropower Ltd
2026041504005215,UPPER,58,41,134,220.0,29480.0,2026-04-15,186326039,2792,Naasa Securities Co. Ltd.,Linch Stock Market Ltd.,2026-04-15 11:44:26.622304,Upper Tamakoshi Hydropower Ltd
2026041504005216,UPPER,58,10,100,220.0,22000.0,2026-04-15,186326041,2792,Naasa Securities Co. Ltd.,Pragyan Securities (PVT) Ltd.,2026-04-15 11:44:26.622483,Upper Tamakoshi Hydropower Ltd
2026041504005217,UPPER,58,80,1100,220.0,242000.0,2026-04-15,186326043,2792,Naasa Securities Co. Ltd.,Indira securities pvt. ltd,2026-04-15 11:44:26.622654,Upper Tamakoshi Hydropower Ltd
2026041504005218,UPPER,58,79,100,220.0,22000.0,2026-04-15,186326045,2792,Naasa Securities Co. Ltd.,pahiinvestment,2026-04-15 11:44:26.622825,Upper Tamakoshi Hydropower Ltd
2026041504005219,UPPER,58,58,1286,220.0,282920.0,2026-04-15,186326047,2792,Naasa Securities Co. Ltd.,Naasa Securities Co. Ltd.,2026-04-15 11:44:26.622997,Upper Tamakoshi Hydropower Ltd
2026041504005220,UPPER,58,38,200,220.0,44000.0,2026-04-15,186326049,2792,Naasa Securities Co. Ltd.,Dipshikha Dhitopatra Karobar Co. Pvt Ltd.,2026-04-15 11:44:26.623180,Upper Tamakoshi Hydropower Ltd
2026041504005221,UPPER,58,58,20,220.0,4400.0,2026-04-15,186326051,2792,Naasa Securities Co. Ltd.,Naasa Securities Co. Ltd.,2026-04-15 11:44:26.623351,Upper Tamakoshi Hydropower Ltd
2026041504005222,UPPER,58,45,100,220.0,22000.0,2026-04-15,186326053,2792,Naasa Securities Co. Ltd.,Imperial Securities Company Pvt. Ltd.,2026-04-15 11:44:26.623524,Upper Tamakoshi Hydropower Ltd
2026041504005223,UPPER,58,54,56,220.0,12320.0,2026-04-15,186326055,2792,Naasa Securities Co. Ltd.,Sewa Securities Pvt. Ltd.,2026-04-15 11:44:26.623702,Upper Tamakoshi Hydropower Ltd
2026041504005224,UPPER,58,51,150,220.0,33000.0,2026-04-15,186326057,2792,Naasa Securities Co. Ltd.,Oxford Securities Pvt. Ltd.,2026-04-15 11:44:26.623878,Upper Tamakoshi Hydropower Ltd
2026041504005225,UPPER,58,7,30,220.0,6600.0,2026-04-15,186326059,2792,Naasa Securities Co. Ltd.,J.F. Securites (PVT) Ltd.,2026-04-15 11:44:26.624050,Upper Tamakoshi Hydropower Ltd
2026041504005226,UPPER,58,45,100,220.0,22000.0,2026-04-15,186326061,2792,Naasa Securities Co. Ltd.,Imperial Securities Company Pvt. Ltd.,2026-04-15 11:44:26.624221,Upper Tamakoshi Hydropower Ltd
2026041504005227,UPPER,58,5,45,220.0,9900.0,2026-04-15,186326063,2792,Naasa Securities Co. Ltd.,Market Securities & Exchange (PVT) Ltd.,2026-04-15 11:44:26.624395,Upper Tamakoshi Hydropower Ltd
2026041504005234,UPPER,58,42,204,220.0,44880.0,2026-04-15,186326147,2792,Naasa Securities Co. Ltd.,Sani Securities Company Ltd.,2026-04-15 11:44:35.594496,Upper Tamakoshi Hydropower Ltd
2026041504005256,UPPER,58,58,510,220.5,112455.0,2026-04-15,186326333,2792,Naasa Securities Co. Ltd.,Naasa Securities Co. Ltd.,2026-04-15 11:44:48.447640,Upper Tamakoshi Hydropower Ltd
2026041504005257,UPPER,58,42,46,220.5,10143.0,2026-04-15,186326335,2792,Naasa Securities Co. Ltd.,Sani Securities Company Ltd.,2026-04-15 11:44:48.447771,Upper Tamakoshi Hydropower Ltd
2026041504005258,UPPER,58,51,100,220.5,22050.0,2026-04-15,186326337,2792,Naasa Securities Co. Ltd.,Oxford Securities Pvt. Ltd.,2026-04-15 11:44:48.447844,Upper Tamakoshi Hydropower Ltd
2026041504005259,UPPER,58,21,344,220.6,75886.4,2026-04-15,186326340,2792,Naasa Securities Co. Ltd.,Midas Stock Broking Company Private Limited,2026-04-15 11:44:48.447913,Upper Tamakoshi Hydropower Ltd
2026041504005285,UPPER,58,21,30,220.6,6618.0,2026-04-15,186326544,2792,Naasa Securities Co. Ltd.,Midas Stock Broking Company Private Limited,2026-04-15 11:45:06.827689,Upper Tamakoshi Hydropower Ltd
2026041504005306,UPPER,38,21,65,220.6,14339.0,2026-04-15,186326699,2792,Dipshikha Dhitopatra Karobar Co. Pvt Ltd.,Midas Stock Broking Company Private Limited,2026-04-15 11:45:16.597778,Upper Tamakoshi Hydropower Ltd
2026041504005321,UPPER,35,42,10,220.8,2208.0,2026-04-15,186326733,2792,Kohinoor Investment & Securities Pvt. Ltd.,Sani Securities Company Ltd.,2026-04-15 11:45:18.635833,Upper Tamakoshi Hydropower Ltd
2026041504005322,UPPER,35,57,600,220.9,132540.0,2026-04-15,186326735,2792,Kohinoor Investment & Securities Pvt. Ltd.,Aryatara Investment & Securities,2026-04-15 11:45:18.636170,Upper Tamakoshi Hydropower Ltd
2026041504005323,UPPER,35,6,100,220.9,22090.0,2026-04-15,186326737,2792,Kohinoor Investment & Securities Pvt. Ltd.,Agrawal Securities (PVT) Ltd.,2026-04-15 11:45:18.636346,Upper Tamakoshi Hydropower Ltd
2026041504005324,UPPER,35,28,95,221.0,20995.0,2026-04-15,186326739,2792,Kohinoor Investment & Securities Pvt. Ltd.,Shree Krishna Securities Ltd.,2026-04-15 11:45:18.636507,Upper Tamakoshi Hydropower Ltd
2026041504005325,UPPER,35,26,50,221.0,11050.0,2026-04-15,186326741,2792,Kohinoor Investment & Securities Pvt. Ltd.,Asian Securities Private Ltd.,2026-04-15 11:45:18.636666,Upper Tamakoshi Hydropower Ltd
2026041504005326,UPPER,35,1,145,221.0,32045.0,2026-04-15,186326744,2792,Kohinoor Investment & Securities Pvt. Ltd.,Kumari Securities Private Limited,2026-04-15 11:45:18.636831,Upper Tamakoshi Hydropower Ltd
2026041504005339,UPPER,38,39,260,220.6,57356.0,2026-04-15,186326889,2792,Dipshikha Dhitopatra Karobar Co. Pvt Ltd.,Sumeru Securities Pvt. Ltd.,2026-04-15 11:45:29.239577,Upper Tamakoshi Hydropower Ltd
2026041504005366,UPPER,74,36,200,220.8,44160.0,2026-04-15,186327073,2792,KALASH STOCK MARKET PVT. LTD.,Secured Securities Ltd.,2026-04-15 11:45:36.538545,Upper Tamakoshi Hydropower Ltd
2026041504005367,UPPER,74,1,55,221.0,12155.0,2026-04-15,186327075,2792,KALASH STOCK MARKET PVT. LTD.,Kumari Securities Private Limited,2026-04-15 11:45:36.538907,Upper Tamakoshi Hydropower Ltd
2026041504005368,UPPER,74,25,200,221.0,44200.0,2026-04-15,186327077,2792,KALASH STOCK MARKET PVT. LTD.,Sweta Securities Private Limited,2026-04-15 11:45:36.539081,Upper Tamakoshi Hydropower Ltd
2026041504005369,UPPER,74,58,10,221.0,2210.0,2026-04-15,186327079,2792,KALASH STOCK MARKET PVT. LTD.,Naasa Securities Co. Ltd.,2026-04-15 11:45:36.539243,Upper Tamakoshi Hydropower Ltd
2026041504005370,UPPER,74,13,100,221.0,22100.0,2026-04-15,186327081,2792,KALASH STOCK MARKET PVT. LTD.,Thrive Brokerage House Pvt. Ltd,2026-04-15 11:45:36.539409,Upper Tamakoshi Hydropower Ltd
2026041504005371,UPPER,74,57,50,221.0,11050.0,2026-04-15,186327083,2792,KALASH STOCK MARKET PVT. LTD.,Aryatara Investment & Securities,2026-04-15 11:45:36.539599,Upper Tamakoshi Hydropower Ltd
2026041504005372,UPPER,74,16,100,221.0,22100.0,2026-04-15,186327085,2792,KALASH STOCK MARKET PVT. LTD.,Primo Securities (PVT) Ltd.,2026-04-15 11:45:36.539762,Upper Tamakoshi Hydropower Ltd
2026041504005373,UPPER,74,7,10,221.0,2210.0,2026-04-15,186327087,2792,KALASH STOCK MARKET PVT. LTD.,J.F. Securites (PVT) Ltd.,2026-04-15 11:45:36.539913,Upper Tamakoshi Hydropower Ltd
2026041504005374,UPPER,74,49,100,221.0,22100.0,2026-04-15,186327089,2792,KALASH STOCK MARKET PVT. LTD.,Online Securities Pvt. Ltd.,2026-04-15 11:45:36.540071,Upper Tamakoshi Hydropower Ltd
2026041504005375,UPPER,74,21,175,221.0,38675.0,2026-04-15,186327092,2792,KALASH STOCK MARKET PVT. LTD.,Midas Stock Broking Company Private Limited,2026-04-15 11:45:36.540226,Upper Tamakoshi Hydropower Ltd
2026041504005384,UPPER,38,74,26,220.6,5735.6,2026-04-15,186327218,2792,Dipshikha Dhitopatra Karobar Co. Pvt Ltd.,KALASH STOCK MARKET PVT. LTD.,2026-04-15 11:45:42.378264,Upper Tamakoshi Hydropower Ltd
2026041504005385,UPPER,21,74,148,220.6,32648.8,2026-04-15,186327220,2792,Midas Stock Broking Company Private Limited,KALASH STOCK MARKET PVT. LTD.,2026-04-15 11:45:42.378956,Upper Tamakoshi Hydropower Ltd
2026041504005386,UPPER,38,74,1826,220.5,402633.0,2026-04-15,186327221,2792,Dipshikha Dhitopatra Karobar Co. Pvt Ltd.,KALASH STOCK MARKET PVT. LTD.,2026-04-15 11:45:42.379446,Upper Tamakoshi Hydropower Ltd
2026041504005393,UPPER,65,21,4825,221.0,1066325.0,2026-04-15,186327247,2792,Sharepro Securities Private Limited,Midas Stock Broking Company Private Limited,2026-04-15 11:45:43.846530,Upper Tamakoshi Hydropower Ltd
2026041504005394,UPPER,65,42,175,221.0,38675.0,2026-04-15,186327250,2792,Sharepro Securities Private Limited,Sani Securities Company Ltd.,2026-04-15 11:45:43.847197,Upper Tamakoshi Hydropower Ltd
2026041504005423,UPPER,38,42,10,220.5,2205.0,2026-04-15,186327491,2792,Dipshikha Dhitopatra Karobar Co. Pvt Ltd.,Sani Securities Company Ltd.,2026-04-15 11:45:57.102651,Upper Tamakoshi Hydropower Ltd
2026041504005425,UPPER,72,50,100,220.9,22090.0,2026-04-15,186327533,2792,Hatemalo Financial Services Private Limited,Cristal Kanchanjanga Securites Pvt. Ltd.,2026-04-15 11:45:59.862377,Upper Tamakoshi Hydropower Ltd
2026041504005426,UPPER,72,42,325,221.0,71825.0,2026-04-15,186327535,2792,Hatemalo Financial Services Private Limited,Sani Securities Company Ltd.,2026-04-15 11:45:59.862728,Upper Tamakoshi Hydropower Ltd
2026041504005427,UPPER,72,35,150,221.0,33150.0,2026-04-15,186327537,2792,Hatemalo Financial Services Private Limited,Kohinoor Investment & Securities Pvt. Ltd.,2026-04-15 11:45:59.862888,Upper Tamakoshi Hydropower Ltd
2026041504005428,UPPER,72,58,200,221.0,44200.0,2026-04-15,186327539,2792,Hatemalo Financial Services Private Limited,Naasa Securities Co. Ltd.,2026-04-15 11:45:59.863046,Upper Tamakoshi Hydropower Ltd
2026041504005429,UPPER,72,25,105,221.0,23205.0,2026-04-15,186327541,2792,Hatemalo Financial Services Private Limited,Sweta Securities Private Limited,2026-04-15 11:45:59.863207,Upper Tamakoshi Hydropower Ltd
2026041504005430,UPPER,72,45,50,221.0,11050.0,2026-04-15,186327543,2792,Hatemalo Financial Services Private Limited,Imperial Securities Company Pvt. Ltd.,2026-04-15 11:45:59.863453,Upper Tamakoshi Hydropower Ltd
2026041504005431,UPPER,72,57,70,221.0,15470.0,2026-04-15,186327546,2792,Hatemalo Financial Services Private Limited,Aryatara Investment & Securities,2026-04-15 11:45:59.863686,Upper Tamakoshi Hydropower Ltd
2026041504005433,UPPER,38,57,180,221.0,39780.0,2026-04-15,186327575,2792,Dipshikha Dhitopatra Karobar Co. Pvt Ltd.,Aryatara Investment & Securities,2026-04-15 11:46:00.985078,Upper Tamakoshi Hydropower Ltd
2026041504005434,UPPER,38,56,150,221.0,33150.0,2026-04-15,186327577,2792,Dipshikha Dhitopatra Karobar Co. Pvt Ltd.,Sri Hari Securities Pvt. Ltd.,2026-04-15 11:46:00.985414,Upper Tamakoshi Hydropower Ltd
2026041504005435,UPPER,38,58,150,221.0,33150.0,2026-04-15,186327579,2792,Dipshikha Dhitopatra Karobar Co. Pvt Ltd.,Naasa Securities Co. Ltd.,2026-04-15 11:46:00.985571,Upper Tamakoshi Hydropower Ltd
2026041504005436,UPPER,38,58,100,221.0,22100.0,2026-04-15,186327581,2792,Dipshikha Dhitopatra Karobar Co. Pvt Ltd.,Naasa Securities Co. Ltd.,2026-04-15 11:46:00.985800,Upper Tamakoshi Hydropower Ltd
2026041504005437,UPPER,38,34,500,221.0,110500.0,2026-04-15,186327583,2792,Dipshikha Dhitopatra Karobar Co. Pvt Ltd.,Vision Securities Pvt. Ltd,2026-04-15 11:46:00.986016,Upper Tamakoshi Hydropower Ltd
2026041504005438,UPPER,38,25,100,221.0,22100.0,2026-04-15,186327585,2792,Dipshikha Dhitopatra Karobar Co. Pvt Ltd.,Sweta Securities Private Limited,2026-04-15 11:46:00.986186,Upper Tamakoshi Hydropower Ltd
2026041504005439,UPPER,38,56,306,221.0,67626.0,2026-04-15,186327587,2792,Dipshikha Dhitopatra Karobar Co. Pvt Ltd.,Sri Hari Securities Pvt. Ltd.,2026-04-15 11:46:00.986343,Upper Tamakoshi Hydropower Ltd
2026041504005440,UPPER,38,17,200,221.0,44200.0,2026-04-15,186327589,2792,Dipshikha Dhitopatra Karobar Co. Pvt Ltd.,ABC Securities Private Limited,2026-04-15 11:46:00.986491,Upper Tamakoshi Hydropower Ltd
2026041504005441,UPPER,38,58,10,221.0,2210.0,2026-04-15,186327591,2792,Dipshikha Dhitopatra Karobar Co. Pvt Ltd.,Naasa Securities Co. Ltd.,2026-04-15 11:46:00.986635,Upper Tamakoshi Hydropower Ltd
2026041504005442,UPPER,38,1,304,221.0,67184.0,2026-04-15,186327594,2792,Dipshikha Dhitopatra Karobar Co. Pvt Ltd.,Kumari Securities Private Limited,2026-04-15 11:46:00.986781,Upper Tamakoshi Hydropower Ltd
2026041504005520,UPPER,62,1,216,221.0,47736.0,2026-04-15,186328211,2792,Capital Max Securities Ltd,Kumari Securities Private Limited,2026-04-15 11:46:30.827879,Upper Tamakoshi Hydropower Ltd
2026041504005521,UPPER,62,40,500,221.0,110500.0,2026-04-15,186328213,2792,Capital Max Securities Ltd,Creative Securities Pvt Ltd,2026-04-15 11:46:30.828222,Upper Tamakoshi Hydropower Ltd
2026041504005522,UPPER,62,14,200,221.0,44200.0,2026-04-15,186328215,2792,Capital Max Securities Ltd,Nepal Stock House (PVT) Ltd.,2026-04-15 11:46:30.828474,Upper Tamakoshi Hydropower Ltd
2026041504005523,UPPER,62,16,84,221.0,18564.0,2026-04-15,186328218,2792,Capital Max Securities Ltd,Primo Securities (PVT) Ltd.,2026-04-15 11:46:30.828642,Upper Tamakoshi Hydropower Ltd
2026041504005547,UPPER,38,42,25,220.5,5512.5,2026-04-15,186328393,2792,Dipshikha Dhitopatra Karobar Co. Pvt Ltd.,Sani Securities Company Ltd.,2026-04-15 11:46:42.251602,Upper Tamakoshi Hydropower Ltd
2026041504005550,UPPER,34,58,5,218.5,1092.5,2026-04-15,186328419,2792,Vision Securities Pvt. Ltd,Naasa Securities Co. Ltd.,2026-04-15 11:46:44.073022,Upper Tamakoshi Hydropower Ltd
2026041504005558,UPPER,38,7,80,220.5,17640.0,2026-04-15,186328479,2792,Dipshikha Dhitopatra Karobar Co. Pvt Ltd.,J.F. Securites (PVT) Ltd.,2026-04-15 11:46:46.815833,Upper Tamakoshi Hydropower Ltd
2026041504005689,UPPER,38,42,59,220.5,13009.5,2026-04-15,186329274,2792,Dipshikha Dhitopatra Karobar Co. Pvt Ltd.,Sani Securities Company Ltd.,2026-04-15 11:47:34.005629,Upper Tamakoshi Hydropower Ltd
2026041504005690,UPPER,26,42,100,220.5,22050.0,2026-04-15,186329276,2792,Asian Securities Private Ltd.,Sani Securities Company Ltd.,2026-04-15 11:47:34.006225,Upper Tamakoshi Hydropower Ltd
2026041504005691,UPPER,58,42,200,220.5,44100.0,2026-04-15,186329277,2792,Naasa Securities Co. Ltd.,Sani Securities Company Ltd.,2026-04-15 11:47:34.006690,Upper Tamakoshi Hydropower Ltd
2026041504005743,UPPER,35,38,138,220.5,30429.0,2026-04-15,186329556,2792,Kohinoor Investment & Securities Pvt. Ltd.,Dipshikha Dhitopatra Karobar Co. Pvt Ltd.,2026-04-15 11:47:48.167803,Upper Tamakoshi Hydropower Ltd
2026041504005811,UPPER,38,38,62,220.5,13671.0,2026-04-15,186330065,2792,Dipshikha Dhitopatra Karobar Co. Pvt Ltd.,Dipshikha Dhitopatra Karobar Co. Pvt Ltd.,2026-04-15 11:48:16.652896,Upper Tamakoshi Hydropower Ltd
2026041504005812,UPPER,38,62,238,220.7,52526.6,2026-04-15,186330068,2792,Dipshikha Dhitopatra Karobar Co. Pvt Ltd.,Capital Max Securities Ltd,2026-04-15 11:48:16.653254,Upper Tamakoshi Hydropower Ltd
2026041504005871,UPPER,74,62,200,220.7,44140.0,2026-04-15,186330522,2792,KALASH STOCK MARKET PVT. LTD.,Capital Max Securities Ltd,2026-04-15 11:48:43.567391,Upper Tamakoshi Hydropower Ltd
2026041504005876,UPPER,6,25,100,220.3,22030.0,2026-04-15,186330562,2792,Agrawal Securities (PVT) Ltd.,Sweta Securities Private Limited,2026-04-15 11:48:45.536134,Upper Tamakoshi Hydropower Ltd
2026041504005877,UPPER,38,25,350,220.1,77035.0,2026-04-15,186330564,2792,Dipshikha Dhitopatra Karobar Co. Pvt Ltd.,Sweta Securities Private Limited,2026-04-15 11:48:45.536465,Upper Tamakoshi Hydropower Ltd
2026041504005878,UPPER,1,25,50,220.1,11005.0,2026-04-15,186330565,2792,Kumari Securities Private Limited,Sweta Securities Private Limited,2026-04-15 11:48:45.536629,Upper Tamakoshi Hydropower Ltd
2026041504005906,UPPER,88,62,62,220.7,13683.4,2026-04-15,186330767,2792,Blue Chip Securities Ltd,Capital Max Securities Ltd,2026-04-15 11:48:55.281727,Upper Tamakoshi Hydropower Ltd
2026041504005907,UPPER,88,45,1000,220.9,220900.0,2026-04-15,186330769,2792,Blue Chip Securities Ltd,Imperial Securities Company Pvt. Ltd.,2026-04-15 11:48:55.281844,Upper Tamakoshi Hydropower Ltd
2026041504005908,UPPER,88,1,300,220.9,66270.0,2026-04-15,186330771,2792,Blue Chip Securities Ltd,Kumari Securities Private Limited,2026-04-15 11:48:55.281921,Upper Tamakoshi Hydropower Ltd
2026041504005909,UPPER,88,16,496,221.0,109616.0,2026-04-15,186330773,2792,Blue Chip Securities Ltd,Primo Securities (PVT) Ltd.,2026-04-15 11:48:55.281990,Upper Tamakoshi Hydropower Ltd
2026041504005910,UPPER,88,42,50,221.0,11050.0,2026-04-15,186330775,2792,Blue Chip Securities Ltd,Sani Securities Company Ltd.,2026-04-15 11:48:55.282057,Upper Tamakoshi Hydropower Ltd
2026041504005911,UPPER,88,38,310,221.0,68510.0,2026-04-15,186330777,2792,Blue Chip Securities Ltd,Dipshikha Dhitopatra Karobar Co. Pvt Ltd.,2026-04-15 11:48:55.282128,Upper Tamakoshi Hydropower Ltd
2026041504005912,UPPER,88,48,20,221.0,4420.0,2026-04-15,186330779,2792,Blue Chip Securities Ltd,Trishakti Securities Public Limited,2026-04-15 11:48:55.282190,Upper Tamakoshi Hydropower Ltd
2026041504005913,UPPER,88,58,40,221.0,8840.0,2026-04-15,186330781,2792,Blue Chip Securities Ltd,Naasa Securities Co. Ltd.,2026-04-15 11:48:55.282261,Upper Tamakoshi Hydropower Ltd
2026041504005914,UPPER,88,42,29,221.0,6409.0,2026-04-15,186330783,2792,Blue Chip Securities Ltd,Sani Securities Company Ltd.,2026-04-15 11:48:55.282355,Upper Tamakoshi Hydropower Ltd
2026041504005915,UPPER,88,62,20,221.0,4420.0,2026-04-15,186330785,2792,Blue Chip Securities Ltd,Capital Max Securities Ltd,2026-04-15 11:48:55.282414,Upper Tamakoshi Hydropower Ltd
2026041504005916,UPPER,88,41,50,221.0,11050.0,2026-04-15,186330787,2792,Blue Chip Securities Ltd,Linch Stock Market Ltd.,2026-04-15 11:48:55.282482,Upper Tamakoshi Hydropower Ltd
2026041504005917,UPPER,88,22,260,221.0,57460.0,2026-04-15,186330789,2792,Blue Chip Securities Ltd,Siprabi Securities Pvt. Ltd.,2026-04-15 11:48:55.282548,Upper Tamakoshi Hydropower Ltd
2026041504005918,UPPER,88,57,3100,221.0,685100.0,2026-04-15,186330791,2792,Blue Chip Securities Ltd,Aryatara Investment & Securities,2026-04-15 11:48:55.282613,Upper Tamakoshi Hydropower Ltd
2026041504005919,UPPER,88,42,10,221.0,2210.0,2026-04-15,186330793,2792,Blue Chip Securities Ltd,Sani Securities Company Ltd.,2026-04-15 11:48:55.282677,Upper Tamakoshi Hydropower Ltd
2026041504005920,UPPER,88,46,150,221.0,33150.0,2026-04-15,186330795,2792,Blue Chip Securities Ltd,Kalika Securities Pvt. Ltd.,2026-04-15 11:48:55.282743,Upper Tamakoshi Hydropower Ltd
2026041504005921,UPPER,88,41,300,221.0,66300.0,2026-04-15,186330797,2792,Blue Chip Securities Ltd,Linch Stock Market Ltd.,2026-04-15 11:48:55.282811,Upper Tamakoshi Hydropower Ltd
2026041504005922,UPPER,88,47,200,221.3,44260.0,2026-04-15,186330799,2792,Blue Chip Securities Ltd,Neev Securities Pvt. Ltd.,2026-04-15 11:48:55.282869,Upper Tamakoshi Hydropower Ltd
2026041504005923,UPPER,88,36,200,221.3,44260.0,2026-04-15,186330801,2792,Blue Chip Securities Ltd,Secured Securities Ltd.,2026-04-15 11:48:55.282930,Upper Tamakoshi Hydropower Ltd
2026041504005924,UPPER,88,34,403,221.3,89183.9,2026-04-15,186330804,2792,Blue Chip Securities Ltd,Vision Securities Pvt. Ltd,2026-04-15 11:48:55.282994,Upper Tamakoshi Hydropower Ltd
2026041504006037,UPPER,35,41,10,221.0,2210.0,2026-04-15,186332021,2792,Kohinoor Investment & Securities Pvt. Ltd.,Linch Stock Market Ltd.,2026-04-15 11:49:40.472443,Upper Tamakoshi Hydropower Ltd
2026041504006038,UPPER,35,34,54,221.3,11950.2,2026-04-15,186332024,2792,Kohinoor Investment & Securities Pvt. Ltd.,Vision Securities Pvt. Ltd,2026-04-15 11:49:40.473163,Upper Tamakoshi Hydropower Ltd
2026041504006068,UPPER,58,34,43,221.3,9515.9,2026-04-15,186332249,2792,Naasa Securities Co. Ltd.,Vision Securities Pvt. Ltd,2026-04-15 11:49:51.160525,Upper Tamakoshi Hydropower Ltd
2026041504006069,UPPER,58,14,200,221.3,44260.0,2026-04-15,186332251,2792,Naasa Securities Co. Ltd.,Nepal Stock House (PVT) Ltd.,2026-04-15 11:49:51.160862,Upper Tamakoshi Hydropower Ltd
2026041504006070,UPPER,58,21,57,221.3,12614.1,2026-04-15,186332254,2792,Naasa Securities Co. Ltd.,Midas Stock Broking Company Private Limited,2026-04-15 11:49:51.161022,Upper Tamakoshi Hydropower Ltd
2026041504006219,UPPER,37,41,10,221.2,2212.0,2026-04-15,186333545,2792,Swarna Laxmi Securities Pvt. Ltd.,Linch Stock Market Ltd.,2026-04-15 11:50:33.424749,Upper Tamakoshi Hydropower Ltd
2026041504006220,UPPER,37,21,335,221.3,74135.5,2026-04-15,186333547,2792,Swarna Laxmi Securities Pvt. Ltd.,Midas Stock Broking Company Private Limited,2026-04-15 11:50:33.425142,Upper Tamakoshi Hydropower Ltd
2026041504006221,UPPER,37,51,100,221.5,22150.0,2026-04-15,186333549,2792,Swarna Laxmi Securities Pvt. Ltd.,Oxford Securities Pvt. Ltd.,2026-04-15 11:50:33.425326,Upper Tamakoshi Hydropower Ltd
2026041504006270,UPPER,19,32,100,221.7,22170.0,2026-04-15,186334445,2792,Nepal Investment And Securities Trading Private Limited,Premier Securities Company Ltd.,2026-04-15 11:50:48.298074,Upper Tamakoshi Hydropower Ltd
2026041504006271,UPPER,19,85,100,221.7,22170.0,2026-04-15,186334447,2792,Nepal Investment And Securities Trading Private Limited,Capital Hub P. Ltd,2026-04-15 11:50:48.298417,Upper Tamakoshi Hydropower Ltd
2026041504006272,UPPER,19,50,100,221.7,22170.0,2026-04-15,186334449,2792,Nepal Investment And Securities Trading Private Limited,Cristal Kanchanjanga Securites Pvt. Ltd.,2026-04-15 11:50:48.298581,Upper Tamakoshi Hydropower Ltd
2026041504006273,UPPER,19,66,1250,221.8,277250.0,2026-04-15,186334451,2792,Nepal Investment And Securities Trading Private Limited,Miyo Securities Pvt Ltd,2026-04-15 11:50:48.298739,Upper Tamakoshi Hydropower Ltd
2026041504006274,UPPER,19,42,10,221.8,2218.0,2026-04-15,186334453,2792,Nepal Investment And Securities Trading Private Limited,Sani Securities Company Ltd.,2026-04-15 11:50:48.298894,Upper Tamakoshi Hydropower Ltd
2026041504006275,UPPER,19,6,100,221.9,22190.0,2026-04-15,186334455,2792,Nepal Investment And Securities Trading Private Limited,Agrawal Securities (PVT) Ltd.,2026-04-15 11:50:48.299052,Upper Tamakoshi Hydropower Ltd
2026041504006276,UPPER,19,35,100,222.0,22200.0,2026-04-15,186334457,2792,Nepal Investment And Securities Trading Private Limited,Kohinoor Investment & Securities Pvt. Ltd.,2026-04-15 11:50:48.299209,Upper Tamakoshi Hydropower Ltd
2026041504006277,UPPER,19,58,200,222.0,44400.0,2026-04-15,186334459,2792,Nepal Investment And Securities Trading Private Limited,Naasa Securities Co. Ltd.,2026-04-15 11:50:48.299369,Upper Tamakoshi Hydropower Ltd
2026041504006278,UPPER,19,42,50,222.0,11100.0,2026-04-15,186334461,2792,Nepal Investment And Securities Trading Private Limited,Sani Securities Company Ltd.,2026-04-15 11:50:48.299522,Upper Tamakoshi Hydropower Ltd
2026041504006279,UPPER,19,16,100,222.0,22200.0,2026-04-15,186334463,2792,Nepal Investment And Securities Trading Private Limited,Primo Securities (PVT) Ltd.,2026-04-15 11:50:48.299678,Upper Tamakoshi Hydropower Ltd
2026041504006280,UPPER,19,21,50,222.0,11100.0,2026-04-15,186334465,2792,Nepal Investment And Securities Trading Private Limited,Midas Stock Broking Company Private Limited,2026-04-15 11:50:48.299827,Upper Tamakoshi Hydropower Ltd
2026041504006281,UPPER,19,25,50,222.0,11100.0,2026-04-15,186334467,2792,Nepal Investment And Securities Trading Private Limited,Sweta Securities Private Limited,2026-04-15 11:50:48.299993,Upper Tamakoshi Hydropower Ltd
2026041504006282,UPPER,19,21,4540,222.0,1007880.0,2026-04-15,186334470,2792,Nepal Investment And Securities Trading Private Limited,Midas Stock Broking Company Private Limited,2026-04-15 11:50:48.300143,Upper Tamakoshi Hydropower Ltd
2026041504006286,UPPER,52,21,460,222.0,102120.0,2026-04-15,186334583,2792,Sundhara Securities Limited,Midas Stock Broking Company Private Limited,2026-04-15 11:50:50.374299,Upper Tamakoshi Hydropower Ltd
2026041504006287,UPPER,52,34,400,222.0,88800.0,2026-04-15,186334585,2792,Sundhara Securities Limited,Vision Securities Pvt. Ltd,2026-04-15 11:50:50.374671,Upper Tamakoshi Hydropower Ltd
2026041504006288,UPPER,52,37,100,222.0,22200.0,2026-04-15,186334587,2792,Sundhara Securities Limited,Swarna Laxmi Securities Pvt. Ltd.,2026-04-15 11:50:50.374824,Upper Tamakoshi Hydropower Ltd
2026041504006289,UPPER,52,17,200,222.0,44400.0,2026-04-15,186334589,2792,Sundhara Securities Limited,ABC Securities Private Limited,2026-04-15 11:50:50.374972,Upper Tamakoshi Hydropower Ltd
2026041504006290,UPPER,52,45,20,222.0,4440.0,2026-04-15,186334591,2792,Sundhara Securities Limited,Imperial Securities Company Pvt. Ltd.,2026-04-15 11:50:50.375121,Upper Tamakoshi Hydropower Ltd
2026041504006291,UPPER,52,45,190,222.0,42180.0,2026-04-15,186334593,2792,Sundhara Securities Limited,Imperial Securities Company Pvt. Ltd.,2026-04-15 11:50:50.375274,Upper Tamakoshi Hydropower Ltd
2026041504006292,UPPER,52,34,952,222.0,211344.0,2026-04-15,186334595,2792,Sundhara Securities Limited,Vision Securities Pvt. Ltd,2026-04-15 11:50:50.375424,Upper Tamakoshi Hydropower Ltd
2026041504006293,UPPER,52,41,10,222.0,2220.0,2026-04-15,186334597,2792,Sundhara Securities Limited,Linch Stock Market Ltd.,2026-04-15 11:50:50.375566,Upper Tamakoshi Hydropower Ltd
2026041504006294,UPPER,52,26,252,222.0,55944.0,2026-04-15,186334599,2792,Sundhara Securities Limited,Asian Securities Private Ltd.,2026-04-15 11:50:50.375711,Upper Tamakoshi Hydropower Ltd
2026041504006295,UPPER,52,42,400,222.0,88800.0,2026-04-15,186334601,2792,Sundhara Securities Limited,Sani Securities Company Ltd.,2026-04-15 11:50:50.375852,Upper Tamakoshi Hydropower Ltd
2026041504006296,UPPER,52,58,16,222.0,3552.0,2026-04-15,186334604,2792,Sundhara Securities Limited,Naasa Securities Co. Ltd.,2026-04-15 11:50:50.375990,Upper Tamakoshi Hydropower Ltd
2026041504006321,UPPER,74,58,294,222.0,65268.0,2026-04-15,186334883,2792,KALASH STOCK MARKET PVT. LTD.,Naasa Securities Co. Ltd.,2026-04-15 11:51:04.422263,Upper Tamakoshi Hydropower Ltd
2026041504006322,UPPER,74,35,20,222.0,4440.0,2026-04-15,186334885,2792,KALASH STOCK MARKET PVT. LTD.,Kohinoor Investment & Securities Pvt. Ltd.,2026-04-15 11:51:04.422933,Upper Tamakoshi Hydropower Ltd
2026041504006323,UPPER,74,43,26,222.0,5772.0,2026-04-15,186334888,2792,KALASH STOCK MARKET PVT. LTD.,South Asian Bulls Pvt. Ltd.,2026-04-15 11:51:04.423413,Upper Tamakoshi Hydropower Ltd
2026041504006350,UPPER,58,43,10,222.0,2220.0,2026-04-15,186334994,2792,Naasa Securities Co. Ltd.,South Asian Bulls Pvt. Ltd.,2026-04-15 11:51:06.097798,Upper Tamakoshi Hydropower Ltd
2026041504006351,UPPER,57,43,200,222.0,44400.0,2026-04-15,186335002,2792,Aryatara Investment & Securities,South Asian Bulls Pvt. Ltd.,2026-04-15 11:51:06.391894,Upper Tamakoshi Hydropower Ltd
2026041504006359,UPPER,37,43,764,222.0,169608.0,2026-04-15,186335064,2792,Swarna Laxmi Securities Pvt. Ltd.,South Asian Bulls Pvt. Ltd.,2026-04-15 11:51:09.491348,Upper Tamakoshi Hydropower Ltd
2026041504006360,UPPER,37,58,30,222.0,6660.0,2026-04-15,186335066,2792,Swarna Laxmi Securities Pvt. Ltd.,Naasa Securities Co. Ltd.,2026-04-15 11:51:09.492064,Upper Tamakoshi Hydropower Ltd
2026041504006361,UPPER,37,34,80,222.0,17760.0,2026-04-15,186335068,2792,Swarna Laxmi Securities Pvt. Ltd.,Vision Securities Pvt. Ltd,2026-04-15 11:51:09.492605,Upper Tamakoshi Hydropower Ltd
2026041504006362,UPPER,37,58,29,222.0,6438.0,2026-04-15,186335070,2792,Swarna Laxmi Securities Pvt. Ltd.,Naasa Securities Co. Ltd.,2026-04-15 11:51:09.493155,Upper Tamakoshi Hydropower Ltd
2026041504006363,UPPER,37,19,150,222.0,33300.0,2026-04-15,186335072,2792,Swarna Laxmi Securities Pvt. Ltd.,Nepal Investment And Securities Trading Private Limited,2026-04-15 11:51:09.493747,Upper Tamakoshi Hydropower Ltd
2026041504006364,UPPER,37,58,150,222.0,33300.0,2026-04-15,186335074,2792,Swarna Laxmi Securities Pvt. Ltd.,Naasa Securities Co. Ltd.,2026-04-15 11:51:09.494446,Upper Tamakoshi Hydropower Ltd
2026041504006365,UPPER,37,41,10,222.0,2220.0,2026-04-15,186335076,2792,Swarna Laxmi Securities Pvt. Ltd.,Linch Stock Market Ltd.,2026-04-15 11:51:09.495121,Upper Tamakoshi Hydropower Ltd
2026041504006366,UPPER,37,89,10,222.0,2220.0,2026-04-15,186335078,2792,Swarna Laxmi Securities Pvt. Ltd.,Global IME Securities Limited,2026-04-15 11:51:09.495797,Upper Tamakoshi Hydropower Ltd
2026041504006367,UPPER,37,14,200,222.0,44400.0,2026-04-15,186335080,2792,Swarna Laxmi Securities Pvt. Ltd.,Nepal Stock House (PVT) Ltd.,2026-04-15 11:51:09.496479,Upper Tamakoshi Hydropower Ltd
2026041504006368,UPPER,37,57,100,222.0,22200.0,2026-04-15,186335082,2792,Swarna Laxmi Securities Pvt. Ltd.,Aryatara Investment & Securities,2026-04-15 11:51:09.497139,Upper Tamakoshi Hydropower Ltd
2026041504006369,UPPER,37,52,100,222.0,22200.0,2026-04-15,186335084,2792,Swarna Laxmi Securities Pvt. Ltd.,Sundhara Securities Limited,2026-04-15 11:51:09.497803,Upper Tamakoshi Hydropower Ltd
2026041504006370,UPPER,37,58,300,222.0,66600.0,2026-04-15,186335086,2792,Swarna Laxmi Securities Pvt. Ltd.,Naasa Securities Co. Ltd.,2026-04-15 11:51:09.498483,Upper Tamakoshi Hydropower Ltd
2026041504006371,UPPER,37,48,632,222.0,140304.0,2026-04-15,186335089,2792,Swarna Laxmi Securities Pvt. Ltd.,Trishakti Securities Public Limited,2026-04-15 11:51:09.499123,Upper Tamakoshi Hydropower Ltd
2026041504006376,UPPER,34,48,20,222.0,4440.0,2026-04-15,186335092,2792,Vision Securities Pvt. Ltd,Trishakti Securities Public Limited,2026-04-15 11:51:09.772256,Upper Tamakoshi Hydropower Ltd
2026041504006377,UPPER,57,48,25,222.0,5550.0,2026-04-15,186335100,2792,Aryatara Investment & Securities,Trishakti Securities Public Limited,2026-04-15 11:51:10.418431,Upper Tamakoshi Hydropower Ltd
2026041504006386,UPPER,38,32,100,221.9,22190.0,2026-04-15,186335183,2792,Dipshikha Dhitopatra Karobar Co. Pvt Ltd.,Premier Securities Company Ltd.,2026-04-15 11:51:13.976371,Upper Tamakoshi Hydropower Ltd
2026041504006387,UPPER,38,48,1823,222.0,404706.0,2026-04-15,186335185,2792,Dipshikha Dhitopatra Karobar Co. Pvt Ltd.,Trishakti Securities Public Limited,2026-04-15 11:51:13.976966,Upper Tamakoshi Hydropower Ltd
2026041504006388,UPPER,38,51,77,222.0,17094.0,2026-04-15,186335188,2792,Dipshikha Dhitopatra Karobar Co. Pvt Ltd.,Oxford Securities Pvt. Ltd.,2026-04-15 11:51:13.977394,Upper Tamakoshi Hydropower Ltd
2026041504006404,UPPER,42,10,100,221.6,22160.0,2026-04-15,186335325,2792,Sani Securities Company Ltd.,Pragyan Securities (PVT) Ltd.,2026-04-15 11:51:18.417528,Upper Tamakoshi Hydropower Ltd
2026041504006405,UPPER,42,51,23,222.0,5106.0,2026-04-15,186335327,2792,Sani Securities Company Ltd.,Oxford Securities Pvt. Ltd.,2026-04-15 11:51:18.417854,Upper Tamakoshi Hydropower Ltd
2026041504006406,UPPER,42,36,70,222.0,15540.0,2026-04-15,186335329,2792,Sani Securities Company Ltd.,Secured Securities Ltd.,2026-04-15 11:51:18.418028,Upper Tamakoshi Hydropower Ltd
2026041504006407,UPPER,42,41,50,222.0,11100.0,2026-04-15,186335331,2792,Sani Securities Company Ltd.,Linch Stock Market Ltd.,2026-04-15 11:51:18.418186,Upper Tamakoshi Hydropower Ltd
2026041504006408,UPPER,42,58,50,222.0,11100.0,2026-04-15,186335333,2792,Sani Securities Company Ltd.,Naasa Securities Co. Ltd.,2026-04-15 11:51:18.418368,Upper Tamakoshi Hydropower Ltd
2026041504006409,UPPER,42,58,132,222.0,29304.0,2026-04-15,186335336,2792,Sani Securities Company Ltd.,Naasa Securities Co. Ltd.,2026-04-15 11:51:18.418507,Upper Tamakoshi Hydropower Ltd
2026041504006411,UPPER,62,42,300,221.5,66450.0,2026-04-15,186335387,2792,Capital Max Securities Ltd,Sani Securities Company Ltd.,2026-04-15 11:51:20.441375,Upper Tamakoshi Hydropower Ltd
2026041504006416,UPPER,81,58,368,222.0,81696.0,2026-04-15,186335521,2792,Aakashbhairab Securities Ltd.,Naasa Securities Co. Ltd.,2026-04-15 11:51:26.059763,Upper Tamakoshi Hydropower Ltd
2026041504006417,UPPER,81,36,1632,222.0,362304.0,2026-04-15,186335524,2792,Aakashbhairab Securities Ltd.,Secured Securities Ltd.,2026-04-15 11:51:26.059806,Upper Tamakoshi Hydropower Ltd
2026041504006433,UPPER,57,36,454,222.0,100788.0,2026-04-15,186335660,2792,Aryatara Investment & Securities,Secured Securities Ltd.,2026-04-15 11:51:33.169469,Upper Tamakoshi Hydropower Ltd
2026041504006434,UPPER,48,36,40,222.0,8880.0,2026-04-15,186335662,2792,Trishakti Securities Public Limited,Secured Securities Ltd.,2026-04-15 11:51:33.170609,Upper Tamakoshi Hydropower Ltd
2026041504006435,UPPER,58,36,1000,222.0,222000.0,2026-04-15,186335674,2792,Naasa Securities Co. Ltd.,Secured Securities Ltd.,2026-04-15 11:51:34.740851,Upper Tamakoshi Hydropower Ltd
2026041504006443,UPPER,34,1,200,221.9,44380.0,2026-04-15,186335693,2792,Vision Securities Pvt. Ltd,Kumari Securities Private Limited,2026-04-15 11:51:36.235738,Upper Tamakoshi Hydropower Ltd
2026041504006444,UPPER,34,36,800,222.0,177600.0,2026-04-15,186335696,2792,Vision Securities Pvt. Ltd,Secured Securities Ltd.,2026-04-15 11:51:36.236071,Upper Tamakoshi Hydropower Ltd
2026041504006448,UPPER,48,36,1074,222.0,238428.0,2026-04-15,186335707,2792,Trishakti Securities Public Limited,Secured Securities Ltd.,2026-04-15 11:51:36.729695,Upper Tamakoshi Hydropower Ltd
2026041504006449,UPPER,48,13,200,222.0,44400.0,2026-04-15,186335709,2792,Trishakti Securities Public Limited,Thrive Brokerage House Pvt. Ltd,2026-04-15 11:51:36.729998,Upper Tamakoshi Hydropower Ltd
2026041504006450,UPPER,48,49,204,222.0,45288.0,2026-04-15,186335711,2792,Trishakti Securities Public Limited,Online Securities Pvt. Ltd.,2026-04-15 11:51:36.730139,Upper Tamakoshi Hydropower Ltd
2026041504006470,UPPER,61,47,500,222.1,111050.0,2026-04-15,186335976,2792,BHOLE GANESH SECURITIES LTD,Neev Securities Pvt. Ltd.,2026-04-15 11:51:47.566137,Upper Tamakoshi Hydropower Ltd
2026041504006487,UPPER,44,47,500,222.1,111050.0,2026-04-15,186336066,2792,Dynamic Money Managers Securities Pvt. Ltd.,Neev Securities Pvt. Ltd.,2026-04-15 11:51:52.929024,Upper Tamakoshi Hydropower Ltd
2026041504006489,UPPER,48,25,300,222.0,66600.0,2026-04-15,186336129,2792,Trishakti Securities Public Limited,Sweta Securities Private Limited,2026-04-15 11:51:55.561520,Upper Tamakoshi Hydropower Ltd
2026041504006507,UPPER,48,59,22,222.0,4884.0,2026-04-15,186336294,2792,Trishakti Securities Public Limited,Deevyaa Securities & Stock House Pvt. Ltd,2026-04-15 11:52:02.690442,Upper Tamakoshi Hydropower Ltd
2026041504006508,UPPER,52,59,183,222.0,40626.0,2026-04-15,186336295,2792,Sundhara Securities Limited,Deevyaa Securities & Stock House Pvt. Ltd,2026-04-15 11:52:02.690765,Upper Tamakoshi Hydropower Ltd
2026041504006519,UPPER,58,32,95,222.1,21099.5,2026-04-15,186336492,2792,Naasa Securities Co. Ltd.,Premier Securities Company Ltd.,2026-04-15 11:52:13.596510,Upper Tamakoshi Hydropower Ltd
2026041504006524,UPPER,1,42,100,222.1,22210.0,2026-04-15,186336553,2792,Kumari Securities Private Limited,Sani Securities Company Ltd.,2026-04-15 11:52:16.092994,Upper Tamakoshi Hydropower Ltd
2026041504006529,UPPER,50,11,1000,222.2,222200.0,2026-04-15,186336590,2792,Cristal Kanchanjanga Securites Pvt. Ltd.,Malla & Malla Stock Broking Company Pvt. Limited,2026-04-15 11:52:17.577628,Upper Tamakoshi Hydropower Ltd
2026041504006535,UPPER,45,58,100,222.2,22220.0,2026-04-15,186336613,2792,Imperial Securities Company Pvt. Ltd.,Naasa Securities Co. Ltd.,2026-04-15 11:52:18.952093,Upper Tamakoshi Hydropower Ltd
2026041504006536,UPPER,45,18,1600,222.2,355520.0,2026-04-15,186336615,2792,Imperial Securities Company Pvt. Ltd.,Sagarmatha Securities Private Limited,2026-04-15 11:52:18.952141,Upper Tamakoshi Hydropower Ltd
2026041504006537,UPPER,45,16,300,222.3,66690.0,2026-04-15,186336618,2792,Imperial Securities Company Pvt. Ltd.,Primo Securities (PVT) Ltd.,2026-04-15 11:52:18.952163,Upper Tamakoshi Hydropower Ltd
2026041504006550,UPPER,80,16,450,222.3,100035.0,2026-04-15,186336704,2792,Indira securities pvt. ltd,Primo Securities (PVT) Ltd.,2026-04-15 11:52:24.527228,Upper Tamakoshi Hydropower Ltd
2026041504006552,UPPER,1,5,850,222.1,188785.0,2026-04-15,186336708,2792,Kumari Securities Private Limited,Market Securities & Exchange (PVT) Ltd.,2026-04-15 11:52:24.558273,Upper Tamakoshi Hydropower Ltd
2026041504006553,UPPER,58,5,20,222.1,4442.0,2026-04-15,186336710,2792,Naasa Securities Co. Ltd.,Market Securities & Exchange (PVT) Ltd.,2026-04-15 11:52:24.558526,Upper Tamakoshi Hydropower Ltd
2026041504006554,UPPER,52,5,130,222.0,28860.0,2026-04-15,186336711,2792,Sundhara Securities Limited,Market Securities & Exchange (PVT) Ltd.,2026-04-15 11:52:24.558670,Upper Tamakoshi Hydropower Ltd
2026041504006559,UPPER,52,57,687,222.0,152514.0,2026-04-15,186336770,2792,Sundhara Securities Limited,Aryatara Investment & Securities,2026-04-15 11:52:28.252734,Upper Tamakoshi Hydropower Ltd
2026041504006560,UPPER,58,57,75,222.0,16650.0,2026-04-15,186336772,2792,Naasa Securities Co. Ltd.,Aryatara Investment & Securities,2026-04-15 11:52:28.253031,Upper Tamakoshi Hydropower Ltd
2026041504006561,UPPER,26,57,238,222.0,52836.0,2026-04-15,186336773,2792,Asian Securities Private Ltd.,Aryatara Investment & Securities,2026-04-15 11:52:28.253177,Upper Tamakoshi Hydropower Ltd
2026041504006563,UPPER,26,33,10,222.0,2220.0,2026-04-15,186336807,2792,Asian Securities Private Ltd.,Dakshinkali Investment & Securities Pvt. Ltd.,2026-04-15 11:52:30.349631,Upper Tamakoshi Hydropower Ltd
2026041504006586,UPPER,72,16,250,222.3,55575.0,2026-04-15,186336913,2792,Hatemalo Financial Services Private Limited,Primo Securities (PVT) Ltd.,2026-04-15 11:52:33.148687,Upper Tamakoshi Hydropower Ltd
2026041504006587,UPPER,72,58,500,222.3,111150.0,2026-04-15,186336915,2792,Hatemalo Financial Services Private Limited,Naasa Securities Co. Ltd.,2026-04-15 11:52:33.148990,Upper Tamakoshi Hydropower Ltd
2026041504006588,UPPER,72,11,200,222.3,44460.0,2026-04-15,186336917,2792,Hatemalo Financial Services Private Limited,Malla & Malla Stock Broking Company Pvt. Limited,2026-04-15 11:52:33.149132,Upper Tamakoshi Hydropower Ltd
2026041504006589,UPPER,72,29,50,222.3,11115.0,2026-04-15,186336920,2792,Hatemalo Financial Services Private Limited,Trisul Securities & Invt. Ltd.,2026-04-15 11:52:33.149270,Upper Tamakoshi Hydropower Ltd
2026041504006597,UPPER,32,29,500,222.3,111150.0,2026-04-15,186336986,2792,Premier Securities Company Ltd.,Trisul Securities & Invt. Ltd.,2026-04-15 11:52:37.070939,Upper Tamakoshi Hydropower Ltd
2026041504006603,UPPER,26,29,150,222.3,33345.0,2026-04-15,186337159,2792,Asian Securities Private Ltd.,Trisul Securities & Invt. Ltd.,2026-04-15 11:52:45.806271,Upper Tamakoshi Hydropower Ltd
2026041504006604,UPPER,26,35,100,222.3,22230.0,2026-04-15,186337161,2792,Asian Securities Private Ltd.,Kohinoor Investment & Securities Pvt. Ltd.,2026-04-15 11:52:45.806908,Upper Tamakoshi Hydropower Ltd
2026041504006605,UPPER,26,6,200,222.3,44460.0,2026-04-15,186337163,2792,Asian Securities Private Ltd.,Agrawal Securities (PVT) Ltd.,2026-04-15 11:52:45.807344,Upper Tamakoshi Hydropower Ltd
2026041504006606,UPPER,26,33,50,222.3,11115.0,2026-04-15,186337165,2792,Asian Securities Private Ltd.,Dakshinkali Investment & Securities Pvt. Ltd.,2026-04-15 11:52:45.807760,Upper Tamakoshi Hydropower Ltd
2026041504006607,UPPER,26,57,50,222.3,11115.0,2026-04-15,186337167,2792,Asian Securities Private Ltd.,Aryatara Investment & Securities,2026-04-15 11:52:45.808183,Upper Tamakoshi Hydropower Ltd
2026041504006608,UPPER,26,44,500,222.4,111200.0,2026-04-15,186337169,2792,Asian Securities Private Ltd.,Dynamic Money Managers Securities Pvt. Ltd.,2026-04-15 11:52:45.808606,Upper Tamakoshi Hydropower Ltd
2026041504006609,UPPER,26,34,500,222.4,111200.0,2026-04-15,186337171,2792,Asian Securities Private Ltd.,Vision Securities Pvt. Ltd,2026-04-15 11:52:45.809021,Upper Tamakoshi Hydropower Ltd
2026041504006610,UPPER,26,42,500,222.4,111200.0,2026-04-15,186337173,2792,Asian Securities Private Ltd.,Sani Securities Company Ltd.,2026-04-15 11:52:45.809445,Upper Tamakoshi Hydropower Ltd
2026041504006611,UPPER,26,14,500,222.4,111200.0,2026-04-15,186337175,2792,Asian Securities Private Ltd.,Nepal Stock House (PVT) Ltd.,2026-04-15 11:52:45.809854,Upper Tamakoshi Hydropower Ltd
2026041504006612,UPPER,26,14,202,222.4,44924.8,2026-04-15,186337178,2792,Asian Securities Private Ltd.,Nepal Stock House (PVT) Ltd.,2026-04-15 11:52:45.810246,Upper Tamakoshi Hydropower Ltd
2026041504006613,UPPER,48,14,50,222.1,11105.0,2026-04-15,186337179,2792,Trishakti Securities Public Limited,Nepal Stock House (PVT) Ltd.,2026-04-15 11:52:45.936907,Upper Tamakoshi Hydropower Ltd
2026041504006671,UPPER,58,14,70,222.4,15568.0,2026-04-15,186337792,2792,Naasa Securities Co. Ltd.,Nepal Stock House (PVT) Ltd.,2026-04-15 11:53:03.292127,Upper Tamakoshi Hydropower Ltd
2026041504006691,UPPER,49,14,28,222.4,6227.2,2026-04-15,186337903,2792,Online Securities Pvt. Ltd.,Nepal Stock House (PVT) Ltd.,2026-04-15 11:53:11.907841,Upper Tamakoshi Hydropower Ltd
2026041504006692,UPPER,49,42,100,222.5,22250.0,2026-04-15,186337905,2792,Online Securities Pvt. Ltd.,Sani Securities Company Ltd.,2026-04-15 11:53:11.908145,Upper Tamakoshi Hydropower Ltd
2026041504006693,UPPER,49,45,75,222.5,16687.5,2026-04-15,186337907,2792,Online Securities Pvt. Ltd.,Imperial Securities Company Pvt. Ltd.,2026-04-15 11:53:11.908296,Upper Tamakoshi Hydropower Ltd
2026041504006694,UPPER,49,53,500,222.6,111300.0,2026-04-15,186337909,2792,Online Securities Pvt. Ltd.,Investment Management Nepal Pvt. Ltd.,2026-04-15 11:53:11.908439,Upper Tamakoshi Hydropower Ltd
2026041504006695,UPPER,49,33,501,222.8,111622.8,2026-04-15,186337911,2792,Online Securities Pvt. Ltd.,Dakshinkali Investment & Securities Pvt. Ltd.,2026-04-15 11:53:11.908580,Upper Tamakoshi Hydropower Ltd
2026041504006696,UPPER,49,42,10,222.8,2228.0,2026-04-15,186337913,2792,Online Securities Pvt. Ltd.,Sani Securities Company Ltd.,2026-04-15 11:53:11.908720,Upper Tamakoshi Hydropower Ltd
2026041504006697,UPPER,49,43,300,222.8,66840.0,2026-04-15,186337915,2792,Online Securities Pvt. Ltd.,South Asian Bulls Pvt. Ltd.,2026-04-15 11:53:11.908859,Upper Tamakoshi Hydropower Ltd
2026041504006698,UPPER,49,45,50,222.8,11140.0,2026-04-15,186337917,2792,Online Securities Pvt. Ltd.,Imperial Securities Company Pvt. Ltd.,2026-04-15 11:53:11.908992,Upper Tamakoshi Hydropower Ltd
2026041504006699,UPPER,49,6,1500,222.9,334350.0,2026-04-15,186337919,2792,Online Securities Pvt. Ltd.,Agrawal Securities (PVT) Ltd.,2026-04-15 11:53:11.909131,Upper Tamakoshi Hydropower Ltd
2026041504006700,UPPER,49,17,1000,223.0,223000.0,2026-04-15,186337921,2792,Online Securities Pvt. Ltd.,ABC Securities Private Limited,2026-04-15 11:53:11.909272,Upper Tamakoshi Hydropower Ltd
