Date,S.N.,Contract ID,Symbol,Buyer Broker,Seller Broker,volume,rate,amount,transaction_time
2025-08-17,85469,2025081701000489,ADBL,Oxford Securities Pvt. Ltd.,Creative Securities Pvt Ltd,150,332.5,49875.0,2025-08-17 11:03:45.939235
2025-08-17,85468,2025081701000490,ADBL,Naasa Securities Co. Ltd.,Creative Securities Pvt Ltd,30,332.5,9975.0,2025-08-17 11:03:45.939385
2025-08-17,84900,2025081701000648,ADBL,Online Securities Pvt. Ltd.,Vision Securities Pvt. Ltd,211,335.0,70685.0,2025-08-17 11:05:32.376452
2025-08-17,84089,2025081701000875,ADBL,Capital Max Securities Ltd,Online Securities Pvt. Ltd.,10,335.0,3350.0,2025-08-17 11:07:48.218082
2025-08-17,82787,2025081701001238,ADBL,Deevyaa Securities & Stock House Pvt. Ltd,Himalayan Securities Limited,35,333.1,11658.5,2025-08-17 11:11:34.911985
2025-08-17,82038,2025081701001410,ADBL,Deevyaa Securities & Stock House Pvt. Ltd,Primo Securities (PVT) Ltd.,65,333.3,21664.5,2025-08-17 11:13:44.089096
2025-08-17,82037,2025081701001411,ADBL,Linch Stock Market Ltd.,Primo Securities (PVT) Ltd.,85,333.2,28322.0,2025-08-17 11:13:44.089186
2025-08-17,81887,2025081701001451,ADBL,Linch Stock Market Ltd.,Primo Securities (PVT) Ltd.,21,333.2,6997.2,2025-08-17 11:14:09.214603
2025-08-17,81651,2025081701001508,ADBL,Online Securities Pvt. Ltd.,Primo Securities (PVT) Ltd.,171,333.4,57011.4,2025-08-17 11:14:48.387111
2025-08-17,81606,2025081701001515,ADBL,Online Securities Pvt. Ltd.,Sweta Securities Private Limited,187,333.4,62345.8,2025-08-17 11:14:59.028866
2025-08-17,81254,2025081701001596,ADBL,Online Securities Pvt. Ltd.,Online Securities Pvt. Ltd.,105,335.0,35175.0,2025-08-17 11:15:56.992163
2025-08-17,81253,2025081701001597,ADBL,Online Securities Pvt. Ltd.,Opal Securities Investment (PVT) Ltd.,755,335.0,252925.0,2025-08-17 11:15:56.992288
2025-08-17,81252,2025081701001598,ADBL,Online Securities Pvt. Ltd.,Sani Securities Company Ltd.,100,335.0,33500.0,2025-08-17 11:15:56.992337
2025-08-17,81251,2025081701001599,ADBL,Online Securities Pvt. Ltd.,Shree Krishna Securities Ltd.,200,335.0,67000.0,2025-08-17 11:15:56.992384
2025-08-17,81195,2025081701001616,ADBL,Online Securities Pvt. Ltd.,Creative Securities Pvt Ltd,100,333.5,33350.0,2025-08-17 11:16:07.926948
2025-08-17,80636,2025081701001739,ADBL,Online Securities Pvt. Ltd.,Creative Securities Pvt Ltd,142,333.4,47342.8,2025-08-17 11:17:46.471129
2025-08-17,78650,2025081701002245,ADBL,Vision Securities Pvt. Ltd,Secured Securities Ltd.,10,334.0,3340.0,2025-08-17 11:22:49.894921
2025-08-17,78425,2025081701002308,ADBL,Linch Stock Market Ltd.,Secured Securities Ltd.,20,334.0,6680.0,2025-08-17 11:23:30.251911
2025-08-17,78424,2025081701002309,ADBL,Linch Stock Market Ltd.,Siprabi Securities Pvt. Ltd.,68,335.0,22780.0,2025-08-17 11:23:30.252171
2025-08-17,78216,2025081701002391,ADBL,Online Securities Pvt. Ltd.,Siprabi Securities Pvt. Ltd.,432,335.0,144720.0,2025-08-17 11:24:06.090292
2025-08-17,78215,2025081701002392,ADBL,Online Securities Pvt. Ltd.,Oxford Securities Pvt. Ltd.,85,335.0,28475.0,2025-08-17 11:24:06.090500
2025-08-17,78029,2025081701002457,ADBL,Aryatara Investment & Securities,Nepal Investment And Securities Trading Private Limited,10,335.0,3350.0,2025-08-17 11:24:32.181325
2025-08-17,77676,2025081701002558,ADBL,Online Securities Pvt. Ltd.,Agrawal Securities (PVT) Ltd.,100,335.1,33510.0,2025-08-17 11:25:29.707662
2025-08-17,77444,2025081701002635,ADBL,Nepal Stock House (PVT) Ltd.,Naasa Securities Co. Ltd.,20,335.2,6704.0,2025-08-17 11:26:01.280217
2025-08-17,77404,2025081701002640,ADBL,South Asian Bulls Pvt. Ltd.,Naasa Securities Co. Ltd.,80,335.2,26816.0,2025-08-17 11:26:08.982260
2025-08-17,77053,2025081701002715,ADBL,Dipshikha Dhitopatra Karobar Co. Pvt Ltd.,Vision Securities Pvt. Ltd,25,336.0,8400.0,2025-08-17 11:26:57.303618
2025-08-17,77052,2025081701002716,ADBL,Dipshikha Dhitopatra Karobar Co. Pvt Ltd.,Dipshikha Dhitopatra Karobar Co. Pvt Ltd.,206,336.0,69216.0,2025-08-17 11:26:57.303766
2025-08-17,77051,2025081701002717,ADBL,Dipshikha Dhitopatra Karobar Co. Pvt Ltd.,Dipshikha Dhitopatra Karobar Co. Pvt Ltd.,10,336.0,3360.0,2025-08-17 11:26:57.303835
2025-08-17,77050,2025081701002718,ADBL,Dipshikha Dhitopatra Karobar Co. Pvt Ltd.,Shree Krishna Securities Ltd.,45,336.0,15120.0,2025-08-17 11:26:57.303893
2025-08-17,76949,2025081701002748,ADBL,Premier Securities Company Ltd.,Nepal Stock House (PVT) Ltd.,253,336.6,85159.8,2025-08-17 11:27:14.897254
2025-08-17,76948,2025081701002749,ADBL,Premier Securities Company Ltd.,Premier Securities Company Ltd.,100,336.8,33680.0,2025-08-17 11:27:14.897395
2025-08-17,76947,2025081701002750,ADBL,Premier Securities Company Ltd.,Primo Securities (PVT) Ltd.,172,336.8,57929.6,2025-08-17 11:27:14.897463
2025-08-17,76873,2025081701002767,ADBL,Siprabi Securities Pvt. Ltd.,Primo Securities (PVT) Ltd.,200,336.8,67360.0,2025-08-17 11:27:29.333826
2025-08-17,76623,2025081701002812,ADBL,Dipshikha Dhitopatra Karobar Co. Pvt Ltd.,Naasa Securities Co. Ltd.,14,336.0,4704.0,2025-08-17 11:28:12.523258
2025-08-17,76622,2025081701002813,ADBL,Arun Securities (PVT) Ltd.,Naasa Securities Co. Ltd.,11,336.0,3696.0,2025-08-17 11:28:12.523523
2025-08-17,76472,2025081701002838,ADBL,Secured Securities Ltd.,Dakshinkali Investment & Securities Pvt. Ltd.,45,336.7,15151.5,2025-08-17 11:28:30.588641
2025-08-17,76383,2025081701002882,ADBL,Arun Securities (PVT) Ltd.,Sweta Securities Private Limited,489,336.0,164304.0,2025-08-17 11:28:45.371769
2025-08-17,76382,2025081701002883,ADBL,Nepal Investment And Securities Trading Private Limited,Sweta Securities Private Limited,11,336.0,3696.0,2025-08-17 11:28:45.372063
2025-08-17,76240,2025081701002919,ADBL,Nepal Investment And Securities Trading Private Limited,Thrive Brokerage House Pvt. Ltd,40,336.0,13440.0,2025-08-17 11:29:06.380573
2025-08-17,76008,2025081701003000,ADBL,Capital Hub P. Ltd,Sewa Securities Pvt. Ltd.,30,336.1,10083.0,2025-08-17 11:29:38.894632
2025-08-17,75977,2025081701003009,ADBL,Online Securities Pvt. Ltd.,Primo Securities (PVT) Ltd.,10,336.8,3368.0,2025-08-17 11:29:43.191911
2025-08-17,75821,2025081701003038,ADBL,Opal Securities Investment (PVT) Ltd.,Primo Securities (PVT) Ltd.,200,336.8,67360.0,2025-08-17 11:30:07.640831
2025-08-17,75422,2025081701003137,ADBL,Sewa Securities Pvt. Ltd.,Primo Securities (PVT) Ltd.,582,336.8,196017.6,2025-08-17 11:30:57.413199
2025-08-17,75421,2025081701003138,ADBL,Sewa Securities Pvt. Ltd.,Linch Stock Market Ltd.,1000,336.9,336900.0,2025-08-17 11:30:57.413343
2025-08-17,75420,2025081701003139,ADBL,Sewa Securities Pvt. Ltd.,Imperial Securities Company Pvt. Ltd.,118,336.9,39754.2,2025-08-17 11:30:57.413408
2025-08-17,75370,2025081701003156,ADBL,Online Securities Pvt. Ltd.,Imperial Securities Company Pvt. Ltd.,32,336.9,10780.8,2025-08-17 11:31:06.084781
2025-08-17,75369,2025081701003157,ADBL,Online Securities Pvt. Ltd.,Bhrikuti Stock Broking Co. Pvt. Ltd.,500,337.0,168500.0,2025-08-17 11:31:06.085121
2025-08-17,75368,2025081701003158,ADBL,Online Securities Pvt. Ltd.,Trisul Securities & Invt. Ltd.,468,337.0,157716.0,2025-08-17 11:31:06.085301
2025-08-17,74894,2025081701003264,ADBL,Aakashbhairab Securities Ltd.,Trisul Securities & Invt. Ltd.,10,337.0,3370.0,2025-08-17 11:32:14.289171
2025-08-17,74875,2025081701003267,ADBL,Imperial Securities Company Pvt. Ltd.,Kumari Securities Private Limited,1,332.0,332.0,2025-08-17 11:32:18.902102
2025-08-17,73827,2025081701003531,ADBL,Sri Hari Securities Pvt. Ltd.,Trisul Securities & Invt. Ltd.,22,337.0,7414.0,2025-08-17 11:35:05.517133
2025-08-17,73826,2025081701003532,ADBL,Sri Hari Securities Pvt. Ltd.,Linch Stock Market Ltd.,50,337.0,16850.0,2025-08-17 11:35:05.517414
2025-08-17,73825,2025081701003533,ADBL,Sri Hari Securities Pvt. Ltd.,Trisul Securities & Invt. Ltd.,178,337.0,59986.0,2025-08-17 11:35:05.517602
2025-08-17,72804,2025081701003747,ADBL,Sani Securities Company Ltd.,Arun Securities (PVT) Ltd.,20,336.9,6738.0,2025-08-17 11:37:43.269206
2025-08-17,72089,2025081701003941,ADBL,Aryatara Investment & Securities,Capital Max Securities Ltd,100,336.3,33630.0,2025-08-17 11:39:36.139954
2025-08-17,72022,2025081701003946,ADBL,Online Securities Pvt. Ltd.,Ashutosh Brokerage & Securities (PVT) Ltd.,450,336.2,151290.0,2025-08-17 11:39:48.212490
2025-08-17,71999,2025081701003952,ADBL,Nabil Stock Dealer Ltd.,Naasa Securities Co. Ltd.,100,336.3,33630.0,2025-08-17 11:39:52.225295
2025-08-17,71998,2025081701003953,ADBL,Nabil Stock Dealer Ltd.,Trisul Securities & Invt. Ltd.,84,337.0,28308.0,2025-08-17 11:39:52.225482
2025-08-17,71997,2025081701003954,ADBL,Nabil Stock Dealer Ltd.,Imperial Securities Company Pvt. Ltd.,16,337.0,5392.0,2025-08-17 11:39:52.225560
2025-08-17,71996,2025081701003955,ADBL,Nabil Stock Dealer Ltd.,Sundhara Securities Limited,150,337.0,50550.0,2025-08-17 11:39:52.225633
2025-08-17,71423,2025081701004084,ADBL,Online Securities Pvt. Ltd.,ABC Securities Private Limited,1200,336.2,403440.0,2025-08-17 11:41:41.495467
2025-08-17,71161,2025081701004156,ADBL,Online Securities Pvt. Ltd.,Ashutosh Brokerage & Securities (PVT) Ltd.,12,336.2,4034.4,2025-08-17 11:42:35.047611
2025-08-17,70010,2025081701004424,ADBL,Trishakti Securities Public Limited,Himalayan Brokerage Company Limited,58,336.3,19505.4,2025-08-17 11:46:25.386366
2025-08-17,70009,2025081701004425,ADBL,Online Securities Pvt. Ltd.,Himalayan Brokerage Company Limited,338,336.2,113635.6,2025-08-17 11:46:25.386636
2025-08-17,70008,2025081701004426,ADBL,South Asian Bulls Pvt. Ltd.,Himalayan Brokerage Company Limited,300,336.2,100860.0,2025-08-17 11:46:25.386724
2025-08-17,70007,2025081701004427,ADBL,Capital Hub P. Ltd,Himalayan Brokerage Company Limited,270,336.1,90747.0,2025-08-17 11:46:25.386808
2025-08-17,70006,2025081701004428,ADBL,Nepal Investment And Securities Trading Private Limited,Himalayan Brokerage Company Limited,149,336.0,50064.0,2025-08-17 11:46:25.386890
2025-08-17,70005,2025081701004429,ADBL,Trisul Securities & Invt. Ltd.,Himalayan Brokerage Company Limited,100,336.0,33600.0,2025-08-17 11:46:25.386970
2025-08-17,70004,2025081701004430,ADBL,Linch Stock Market Ltd.,Himalayan Brokerage Company Limited,200,336.0,67200.0,2025-08-17 11:46:25.387059
2025-08-17,70003,2025081701004431,ADBL,Midas Stock Broking Company Private Limited,Himalayan Brokerage Company Limited,205,336.0,68880.0,2025-08-17 11:46:25.387161
2025-08-17,70002,2025081701004432,ADBL,Naasa Securities Co. Ltd.,Himalayan Brokerage Company Limited,183,336.0,61488.0,2025-08-17 11:46:25.387242
2025-08-17,70001,2025081701004433,ADBL,Midas Stock Broking Company Private Limited,Himalayan Brokerage Company Limited,50,336.0,16800.0,2025-08-17 11:46:25.387320
2025-08-17,69734,2025081701004515,ADBL,South Asian Bulls Pvt. Ltd.,Arun Securities (PVT) Ltd.,20,335.2,6704.0,2025-08-17 11:47:11.979514
2025-08-17,69733,2025081701004516,ADBL,Nepal Stock House (PVT) Ltd.,Arun Securities (PVT) Ltd.,10,335.2,3352.0,2025-08-17 11:47:11.979884
2025-08-17,69422,2025081701004584,ADBL,Nepal Stock House (PVT) Ltd.,Himalayan Brokerage Company Limited,50,335.2,16760.0,2025-08-17 11:48:10.683119
2025-08-17,69421,2025081701004585,ADBL,Aryatara Investment & Securities,Himalayan Brokerage Company Limited,790,335.0,264650.0,2025-08-17 11:48:10.683317
2025-08-17,69420,2025081701004586,ADBL,Imperial Securities Company Pvt. Ltd.,Himalayan Brokerage Company Limited,20,335.0,6700.0,2025-08-17 11:48:10.683402
2025-08-17,69419,2025081701004587,ADBL,Naasa Securities Co. Ltd.,Himalayan Brokerage Company Limited,20,335.0,6700.0,2025-08-17 11:48:10.683479
2025-08-17,69418,2025081701004588,ADBL,Ashutosh Brokerage & Securities (PVT) Ltd.,Himalayan Brokerage Company Limited,217,335.0,72695.0,2025-08-17 11:48:10.683563
2025-08-17,69331,2025081701004607,ADBL,Trisul Securities & Invt. Ltd.,Siprabi Securities Pvt. Ltd.,654,336.0,219744.0,2025-08-17 11:48:24.464315
2025-08-17,69314,2025081701004616,ADBL,Trisul Securities & Invt. Ltd.,Aryatara Investment & Securities,346,336.0,116256.0,2025-08-17 11:48:27.609154
2025-08-17,69313,2025081701004617,ADBL,Ashutosh Brokerage & Securities (PVT) Ltd.,Aryatara Investment & Securities,654,335.0,219090.0,2025-08-17 11:48:27.609514
2025-08-17,69214,2025081701004645,ADBL,Ashutosh Brokerage & Securities (PVT) Ltd.,Sani Securities Company Ltd.,68,335.0,22780.0,2025-08-17 11:48:42.987885
2025-08-17,69151,2025081701004659,ADBL,Sundhara Securities Limited,Creative Securities Pvt Ltd,30,336.9,10107.0,2025-08-17 11:48:54.916902
2025-08-17,68723,2025081701004768,ADBL,Secured Securities Ltd.,Neev Securities Pvt. Ltd.,40,336.0,13440.0,2025-08-17 11:50:23.894549
2025-08-17,68712,2025081701004770,ADBL,Ashutosh Brokerage & Securities (PVT) Ltd.,Dipshikha Dhitopatra Karobar Co. Pvt Ltd.,61,335.0,20435.0,2025-08-17 11:50:26.785318
2025-08-17,68711,2025081701004771,ADBL,Nagarik Stock Dealer ,Dipshikha Dhitopatra Karobar Co. Pvt Ltd.,100,335.0,33500.0,2025-08-17 11:50:26.785687
2025-08-17,68710,2025081701004772,ADBL,Ashutosh Brokerage & Securities (PVT) Ltd.,Dipshikha Dhitopatra Karobar Co. Pvt Ltd.,239,335.0,80065.0,2025-08-17 11:50:26.785954
2025-08-17,68515,2025081701004827,ADBL,Naasa Securities Co. Ltd.,Neev Securities Pvt. Ltd.,11,336.0,3696.0,2025-08-17 11:51:04.047701
2025-08-17,67908,2025081701004981,ADBL,Vision Securities Pvt. Ltd,Creative Securities Pvt Ltd,100,335.3,33530.0,2025-08-17 11:52:50.197664
2025-08-17,67907,2025081701004982,ADBL,Imperial Securities Company Pvt. Ltd.,Creative Securities Pvt Ltd,250,335.1,83775.0,2025-08-17 11:52:50.198067
2025-08-17,67906,2025081701004983,ADBL,Imperial Securities Company Pvt. Ltd.,Creative Securities Pvt Ltd,20,335.1,6702.0,2025-08-17 11:52:50.198328
2025-08-17,67408,2025081701005118,ADBL,Sagarmatha Securities Private Limited,Imperial Securities Company Pvt. Ltd.,50,336.0,16800.0,2025-08-17 11:54:16.933213
2025-08-17,67358,2025081701005146,ADBL,Neev Securities Pvt. Ltd.,Imperial Securities Company Pvt. Ltd.,10,336.0,3360.0,2025-08-17 11:54:24.799923
2025-08-17,67197,2025081701005180,ADBL,Imperial Securities Company Pvt. Ltd.,Premier Securities Company Ltd.,81,335.1,27143.1,2025-08-17 11:55:02.802260
2025-08-17,66569,2025081701005345,ADBL,Shree Krishna Securities Ltd.,Imperial Securities Company Pvt. Ltd.,16,336.0,5376.0,2025-08-17 11:56:54.812288
2025-08-17,66267,2025081701005388,ADBL,Vision Securities Pvt. Ltd,Imperial Securities Company Pvt. Ltd.,34,336.0,11424.0,2025-08-17 11:57:48.979623
2025-08-17,66266,2025081701005389,ADBL,Vision Securities Pvt. Ltd,Sundhara Securities Limited,66,336.0,22176.0,2025-08-17 11:57:48.980133
2025-08-17,66205,2025081701005402,ADBL,Secured Securities Ltd.,Sundhara Securities Limited,35,336.0,11760.0,2025-08-17 11:57:59.710930
2025-08-17,66194,2025081701005405,ADBL,Secured Securities Ltd.,Sundhara Securities Limited,249,336.0,83664.0,2025-08-17 11:58:02.648811
2025-08-17,66193,2025081701005406,ADBL,Secured Securities Ltd.,Shree Krishna Securities Ltd.,50,336.0,16800.0,2025-08-17 11:58:02.649258
2025-08-17,65933,2025081701005450,ADBL,Oxford Securities Pvt. Ltd.,Ashutosh Brokerage & Securities (PVT) Ltd.,20,336.0,6720.0,2025-08-17 11:58:49.885806
2025-08-17,65932,2025081701005451,ADBL,Oxford Securities Pvt. Ltd.,Himalayan Securities Limited,20,336.0,6720.0,2025-08-17 11:58:49.886099
2025-08-17,65931,2025081701005452,ADBL,Oxford Securities Pvt. Ltd.,Sewa Securities Pvt. Ltd.,25,336.6,8415.0,2025-08-17 11:58:49.886275
2025-08-17,65851,2025081701005468,ADBL,Sewa Securities Pvt. Ltd.,Cristal Kanchanjanga Securites Pvt. Ltd.,1000,335.2,335200.0,2025-08-17 11:59:04.976357
2025-08-17,65850,2025081701005469,ADBL,Imperial Securities Company Pvt. Ltd.,Cristal Kanchanjanga Securites Pvt. Ltd.,99,335.1,33174.9,2025-08-17 11:59:04.976562
2025-08-17,65849,2025081701005470,ADBL,Sani Securities Company Ltd.,Cristal Kanchanjanga Securites Pvt. Ltd.,212,335.1,71041.2,2025-08-17 11:59:04.976654
2025-08-17,65572,2025081701005523,ADBL,Secured Securities Ltd.,Agrawal Securities (PVT) Ltd.,1,336.0,336.0,2025-08-17 12:00:03.834723
2025-08-17,65416,2025081701005549,ADBL,Sani Securities Company Ltd.,Creative Securities Pvt Ltd,220,335.1,73722.0,2025-08-17 12:00:29.343040
2025-08-17,64702,2025081701005763,ADBL,Agrawal Securities (PVT) Ltd.,Opal Securities Investment (PVT) Ltd.,175,336.0,58800.0,2025-08-17 12:02:36.128303
2025-08-17,64701,2025081701005764,ADBL,Agrawal Securities (PVT) Ltd.,Opal Securities Investment (PVT) Ltd.,151,336.5,50811.5,2025-08-17 12:02:36.128533
2025-08-17,64700,2025081701005765,ADBL,Agrawal Securities (PVT) Ltd.,Sewa Securities Pvt. Ltd.,475,336.6,159885.0,2025-08-17 12:02:36.128631
2025-08-17,63899,2025081701005967,ADBL,Agrawal Securities (PVT) Ltd.,Vision Securities Pvt. Ltd,199,336.7,67003.3,2025-08-17 12:05:00.337061
2025-08-17,63425,2025081701006090,ADBL,Dipshikha Dhitopatra Karobar Co. Pvt Ltd.,Agrawal Securities (PVT) Ltd.,100,336.0,33600.0,2025-08-17 12:06:31.107494
2025-08-17,63330,2025081701006113,ADBL,Sewa Securities Pvt. Ltd.,Neev Securities Pvt. Ltd.,50,335.3,16765.0,2025-08-17 12:06:56.386230
2025-08-17,62098,2025081701006451,ADBL,Sani Securities Company Ltd.,Agrawal Securities (PVT) Ltd.,100,336.5,33650.0,2025-08-17 12:10:34.489949
2025-08-17,62041,2025081701006462,ADBL,Naasa Securities Co. Ltd.,Agrawal Securities (PVT) Ltd.,29,336.5,9758.5,2025-08-17 12:10:43.695145
2025-08-17,61960,2025081701006477,ADBL,Linch Stock Market Ltd.,Naasa Securities Co. Ltd.,80,336.0,26880.0,2025-08-17 12:10:59.807012
2025-08-17,61946,2025081701006482,ADBL,Nabil Stock Dealer Ltd.,K.B.L. Securities Limited ,500,335.4,167700.0,2025-08-17 12:11:03.418418
2025-08-17,61945,2025081701006483,ADBL,Sani Securities Company Ltd.,K.B.L. Securities Limited ,568,335.1,190336.8,2025-08-17 12:11:03.418661
2025-08-17,61944,2025081701006484,ADBL,Ashutosh Brokerage & Securities (PVT) Ltd.,K.B.L. Securities Limited ,132,335.1,44233.2,2025-08-17 12:11:03.418753
2025-08-17,61820,2025081701006518,ADBL,Ashutosh Brokerage & Securities (PVT) Ltd.,Imperial Securities Company Pvt. Ltd.,50,335.1,16755.0,2025-08-17 12:11:28.577151
2025-08-17,61698,2025081701006551,ADBL,Nepal Investment And Securities Trading Private Limited,Agrawal Securities (PVT) Ltd.,20,336.5,6730.0,2025-08-17 12:11:53.262255
2025-08-17,61125,2025081701006643,ADBL,Cristal Kanchanjanga Securites Pvt. Ltd.,Midas Stock Broking Company Private Limited,10,336.4,3364.0,2025-08-17 12:13:28.661473
2025-08-17,61018,2025081701006667,ADBL,KALASH STOCK MARKET PVT. LTD.,Midas Stock Broking Company Private Limited,10,336.4,3364.0,2025-08-17 12:13:47.657681
2025-08-17,60316,2025081701006915,ADBL,J.F. Securites (PVT) Ltd.,Miyo Securities Pvt Ltd,11,335.5,3690.5,2025-08-17 12:15:36.184136
2025-08-17,60212,2025081701006939,ADBL,J.F. Securites (PVT) Ltd.,Imperial Securities Company Pvt. Ltd.,29,335.5,9729.5,2025-08-17 12:15:58.536840
2025-08-17,59835,2025081701007073,ADBL,ABC Securities Private Limited,Nepal Stock House (PVT) Ltd.,75,335.2,25140.0,2025-08-17 12:17:08.019875
2025-08-17,59604,2025081701007122,ADBL,Ashutosh Brokerage & Securities (PVT) Ltd.,Capital Max Securities Ltd,15,335.1,5026.5,2025-08-17 12:17:56.716804
2025-08-17,59603,2025081701007123,ADBL,Asian Securities Private Ltd.,Capital Max Securities Ltd,73,335.1,24462.3,2025-08-17 12:17:56.717317
2025-08-17,59525,2025081701007144,ADBL,Asian Securities Private Ltd.,Dipshikha Dhitopatra Karobar Co. Pvt Ltd.,20,335.1,6702.0,2025-08-17 12:18:06.790542
2025-08-17,59449,2025081701007164,ADBL,Naasa Securities Co. Ltd.,Nepal Stock House (PVT) Ltd.,195,335.2,65364.0,2025-08-17 12:18:24.402378
2025-08-17,59429,2025081701007168,ADBL,Creative Securities Pvt Ltd,Nepal Stock House (PVT) Ltd.,90,335.2,30168.0,2025-08-17 12:18:28.011920
2025-08-17,58849,2025081701007368,ADBL,Creative Securities Pvt Ltd,ABC Securities Private Limited,195,335.2,65364.0,2025-08-17 12:20:04.556688
2025-08-17,58558,2025081701007446,ADBL,Naasa Securities Co. Ltd.,ABC Securities Private Limited,105,335.2,35196.0,2025-08-17 12:20:41.021403
2025-08-17,58480,2025081701007461,ADBL,Naasa Securities Co. Ltd.,Imperial Securities Company Pvt. Ltd.,150,335.2,50280.0,2025-08-17 12:20:55.528121
2025-08-17,58459,2025081701007472,ADBL,Naasa Securities Co. Ltd.,Imperial Securities Company Pvt. Ltd.,65,335.2,21788.0,2025-08-17 12:21:01.593442
2025-08-17,58458,2025081701007473,ADBL,Asian Securities Private Ltd.,Imperial Securities Company Pvt. Ltd.,88,335.1,29488.8,2025-08-17 12:21:01.593731
2025-08-17,58362,2025081701007506,ADBL,Asian Securities Private Ltd.,Imperial Securities Company Pvt. Ltd.,43,335.1,14409.3,2025-08-17 12:21:20.792729
2025-08-17,57683,2025081701007680,ADBL,Asian Securities Private Ltd.,Opal Securities Investment (PVT) Ltd.,276,335.1,92487.6,2025-08-17 12:23:07.140206
2025-08-17,57682,2025081701007681,ADBL,Creative Securities Pvt Ltd,Opal Securities Investment (PVT) Ltd.,15,335.1,5026.5,2025-08-17 12:23:07.140265
2025-08-17,57681,2025081701007682,ADBL,Ashutosh Brokerage & Securities (PVT) Ltd.,Opal Securities Investment (PVT) Ltd.,27,335.0,9045.0,2025-08-17 12:23:07.140292
2025-08-17,57680,2025081701007683,ADBL,Vision Securities Pvt. Ltd,Opal Securities Investment (PVT) Ltd.,82,335.0,27470.0,2025-08-17 12:23:07.140319
2025-08-17,57622,2025081701007699,ADBL,Vision Securities Pvt. Ltd,Kohinoor Investment & Securities Pvt. Ltd.,10,335.0,3350.0,2025-08-17 12:23:18.078446
2025-08-17,56904,2025081701007859,ADBL,Vision Securities Pvt. Ltd,Bhrikuti Stock Broking Co. Pvt. Ltd.,458,335.0,153430.0,2025-08-17 12:25:22.950188
2025-08-17,56903,2025081701007860,ADBL,Global IME Securities Limited,Bhrikuti Stock Broking Co. Pvt. Ltd.,40,335.0,13400.0,2025-08-17 12:25:22.950675
2025-08-17,56842,2025081701007876,ADBL,Sani Securities Company Ltd.,Imperial Securities Company Pvt. Ltd.,50,335.0,16750.0,2025-08-17 12:25:35.550895
2025-08-17,56489,2025081701007924,ADBL,Sani Securities Company Ltd.,Bhrikuti Stock Broking Co. Pvt. Ltd.,400,335.0,134000.0,2025-08-17 12:26:39.334543
2025-08-17,56378,2025081701007959,ADBL,Sani Securities Company Ltd.,Stoxkarts Securities Limited,150,335.0,50250.0,2025-08-17 12:27:00.711361
2025-08-17,55817,2025081701008109,ADBL,Sani Securities Company Ltd.,Asian Securities Private Ltd.,40,335.0,13400.0,2025-08-17 12:29:02.002189
2025-08-17,55519,2025081701008191,ADBL,Sani Securities Company Ltd.,Imperial Securities Company Pvt. Ltd.,10,335.0,3350.0,2025-08-17 12:30:07.832520
2025-08-17,55405,2025081701008211,ADBL,ABC Securities Private Limited,Trishakti Securities Public Limited,51,335.1,17090.1,2025-08-17 12:30:26.967111
2025-08-17,55404,2025081701008212,ADBL,ABC Securities Private Limited,Online Securities Pvt. Ltd.,249,335.2,83464.8,2025-08-17 12:30:26.967420
2025-08-17,54995,2025081701008296,ADBL,Sani Securities Company Ltd.,Online Securities Pvt. Ltd.,51,335.0,17085.0,2025-08-17 12:31:54.449161
2025-08-17,54846,2025081701008316,ADBL,Sani Securities Company Ltd.,Pragyan Securities (PVT) Ltd.,299,335.0,100165.0,2025-08-17 12:32:19.041677
2025-08-17,54845,2025081701008317,ADBL,Sani Securities Company Ltd.,Pragyan Securities (PVT) Ltd.,130,335.0,43550.0,2025-08-17 12:32:19.041928
2025-08-17,54395,2025081701008457,ADBL,Sani Securities Company Ltd.,Secured Securities Ltd.,50,334.6,16730.0,2025-08-17 12:33:48.854139
2025-08-17,54176,2025081701008518,ADBL,Secured Securities Ltd.,Pragyan Securities (PVT) Ltd.,40,335.0,13400.0,2025-08-17 12:34:34.771984
2025-08-17,53855,2025081701008595,ADBL,Sani Securities Company Ltd.,J.F. Securites (PVT) Ltd.,10,334.6,3346.0,2025-08-17 12:35:55.054327
2025-08-17,53423,2025081701008703,ADBL,Sundhara Securities Limited,Pragyan Securities (PVT) Ltd.,531,335.0,177885.0,2025-08-17 12:37:34.289387
2025-08-17,53422,2025081701008704,ADBL,Sundhara Securities Limited,Sani Securities Company Ltd.,469,335.0,157115.0,2025-08-17 12:37:34.289899
2025-08-17,53139,2025081701008760,ADBL,Sewa Securities Pvt. Ltd.,Sani Securities Company Ltd.,31,335.0,10385.0,2025-08-17 12:38:30.497442
2025-08-17,53138,2025081701008761,ADBL,Sewa Securities Pvt. Ltd.,Kalika Securities Pvt. Ltd.,238,335.0,79730.0,2025-08-17 12:38:30.497704
2025-08-17,53082,2025081701008768,ADBL,Sewa Securities Pvt. Ltd.,Property Wiard Limited,20,335.0,6700.0,2025-08-17 12:38:40.241379
2025-08-17,52705,2025081701008851,ADBL,Aryatara Investment & Securities,Naasa Securities Co. Ltd.,45,335.3,15088.5,2025-08-17 12:39:59.738165
2025-08-17,52622,2025081701008886,ADBL,Nepal Investment And Securities Trading Private Limited,Naasa Securities Co. Ltd.,367,335.3,123055.1,2025-08-17 12:40:19.659077
2025-08-17,51986,2025081701009089,ADBL,Nepal Investment And Securities Trading Private Limited,Prabhu Stock Market Limited,316,335.3,105954.8,2025-08-17 12:43:09.789074
2025-08-17,51543,2025081701009197,ADBL,Nepal Investment And Securities Trading Private Limited,Agrawal Securities (PVT) Ltd.,367,335.3,123055.1,2025-08-17 12:45:01.957688
2025-08-17,50382,2025081701009447,ADBL,Malla & Malla Stock Broking Company Pvt. Limited,Sundhara Securities Limited,10,335.0,3350.0,2025-08-17 12:49:39.877159
2025-08-17,50349,2025081701009456,ADBL,Malla & Malla Stock Broking Company Pvt. Limited,Pragyan Securities (PVT) Ltd.,40,335.0,13400.0,2025-08-17 12:49:49.619372
2025-08-17,49816,2025081701009631,ADBL,Premier Securities Company Ltd.,Imperial Securities Company Pvt. Ltd.,27,335.5,9058.5,2025-08-17 12:51:45.343428
2025-08-17,49815,2025081701009632,ADBL,Premier Securities Company Ltd.,Capital Max Securities Ltd,10,335.5,3355.0,2025-08-17 12:51:45.344054
2025-08-17,49813,2025081701009633,ADBL,Sani Securities Company Ltd.,Dipshikha Dhitopatra Karobar Co. Pvt Ltd.,10,335.6,3356.0,2025-08-17 12:51:45.796577
2025-08-17,49520,2025081701009731,ADBL,Premier Securities Company Ltd.,Global IME Securities Limited,28,335.5,9394.0,2025-08-17 12:52:54.406209
2025-08-17,49449,2025081701009746,ADBL,Premier Securities Company Ltd.,Agrawal Securities (PVT) Ltd.,35,335.5,11742.5,2025-08-17 12:53:07.134672
2025-08-17,48905,2025081701009842,ADBL,Dipshikha Dhitopatra Karobar Co. Pvt Ltd.,Agrawal Securities (PVT) Ltd.,65,335.5,21807.5,2025-08-17 12:55:04.110273
2025-08-17,48904,2025081701009843,ADBL,Dipshikha Dhitopatra Karobar Co. Pvt Ltd.,Stoxkarts Securities Limited,35,335.5,11742.5,2025-08-17 12:55:04.110820
2025-08-17,48697,2025081701009889,ADBL,Vision Securities Pvt. Ltd,Kumari Securities Private Limited,300,335.0,100500.0,2025-08-17 12:56:02.549680
2025-08-17,48318,2025081701010023,ADBL,Midas Stock Broking Company Private Limited,Kumari Securities Private Limited,200,335.0,67000.0,2025-08-17 12:57:19.981502
2025-08-17,48277,2025081701010034,ADBL,Dynamic Money Managers Securities Pvt. Ltd.,Creative Securities Pvt Ltd,10,334.8,3348.0,2025-08-17 12:57:33.106626
2025-08-17,48276,2025081701010035,ADBL,Sewa Securities Pvt. Ltd.,Creative Securities Pvt Ltd,20,334.8,6696.0,2025-08-17 12:57:33.107172
2025-08-17,47597,2025081701010209,ADBL,Sewa Securities Pvt. Ltd.,Secured Securities Ltd.,350,334.8,117180.0,2025-08-17 13:00:17.206342
2025-08-17,47535,2025081701010233,ADBL,Sewa Securities Pvt. Ltd.,Kohinoor Investment & Securities Pvt. Ltd.,25,334.8,8370.0,2025-08-17 13:00:37.833787
2025-08-17,47074,2025081701010319,ADBL,Midas Stock Broking Company Private Limited,Premier Securities Company Ltd.,10,335.0,3350.0,2025-08-17 13:01:55.287208
2025-08-17,47051,2025081701010327,ADBL,Sewa Securities Pvt. Ltd.,Dipshikha Dhitopatra Karobar Co. Pvt Ltd.,201,334.8,67294.8,2025-08-17 13:01:58.164453
2025-08-17,46723,2025081701010407,ADBL,Sewa Securities Pvt. Ltd.,Kumari Securities Private Limited,65,334.8,21762.0,2025-08-17 13:03:08.385275
2025-08-17,46722,2025081701010408,ADBL,Vision Securities Pvt. Ltd,Kumari Securities Private Limited,50,334.8,16740.0,2025-08-17 13:03:08.385806
2025-08-17,46721,2025081701010409,ADBL,Aryatara Investment & Securities,Kumari Securities Private Limited,190,334.8,63612.0,2025-08-17 13:03:08.386171
2025-08-17,46720,2025081701010410,ADBL,Kumari Securities Private Limited,Kumari Securities Private Limited,200,334.7,66940.0,2025-08-17 13:03:08.386524
2025-08-17,46719,2025081701010411,ADBL,Sani Securities Company Ltd.,Kumari Securities Private Limited,240,334.6,80304.0,2025-08-17 13:03:08.386889
2025-08-17,45378,2025081701010903,ADBL,Naasa Securities Co. Ltd.,Agrawal Securities (PVT) Ltd.,345,334.1,115264.5,2025-08-17 13:06:21.297618
2025-08-17,45377,2025081701010904,ADBL,Global IME Securities Limited,Agrawal Securities (PVT) Ltd.,10,334.0,3340.0,2025-08-17 13:06:21.298217
2025-08-17,45376,2025081701010905,ADBL,Trisul Securities & Invt. Ltd.,Agrawal Securities (PVT) Ltd.,180,334.0,60120.0,2025-08-17 13:06:21.298586
2025-08-17,45375,2025081701010906,ADBL,Sani Securities Company Ltd.,Agrawal Securities (PVT) Ltd.,20,334.0,6680.0,2025-08-17 13:06:21.298930
2025-08-17,45374,2025081701010907,ADBL,Creative Securities Pvt Ltd,Agrawal Securities (PVT) Ltd.,500,334.0,167000.0,2025-08-17 13:06:21.299301
2025-08-17,45373,2025081701010908,ADBL,Naasa Securities Co. Ltd.,Agrawal Securities (PVT) Ltd.,10,334.0,3340.0,2025-08-17 13:06:21.299660
2025-08-17,44395,2025081701011103,ADBL,Market Securities & Exchange (PVT) Ltd.,Siprabi Securities Pvt. Ltd.,66,334.0,22044.0,2025-08-17 13:09:30.470985
2025-08-17,43990,2025081701011224,ADBL,Market Securities & Exchange (PVT) Ltd.,Siprabi Securities Pvt. Ltd.,40,334.0,13360.0,2025-08-17 13:10:36.302215
2025-08-17,43950,2025081701011234,ADBL,Market Securities & Exchange (PVT) Ltd.,Shree Krishna Securities Ltd.,30,334.0,10020.0,2025-08-17 13:10:46.213425
2025-08-17,43942,2025081701011237,ADBL,Market Securities & Exchange (PVT) Ltd.,Agrawal Securities (PVT) Ltd.,14,334.0,4676.0,2025-08-17 13:10:47.199742
2025-08-17,43833,2025081701011257,ADBL,Premier Securities Company Ltd.,Agrawal Securities (PVT) Ltd.,15,333.8,5007.0,2025-08-17 13:11:08.342107
2025-08-17,43318,2025081701011323,ADBL,Premier Securities Company Ltd.,Asian Securities Private Ltd.,85,333.8,28373.0,2025-08-17 13:12:12.448502
2025-08-17,43317,2025081701011324,ADBL,Market Securities & Exchange (PVT) Ltd.,Asian Securities Private Ltd.,100,333.8,33380.0,2025-08-17 13:12:12.449100
2025-08-17,43148,2025081701011346,ADBL,Online Securities Pvt. Ltd.,Dipshikha Dhitopatra Karobar Co. Pvt Ltd.,2000,333.5,667000.0,2025-08-17 13:12:35.584901
2025-08-17,42718,2025081701011399,ADBL,Opal Securities Investment (PVT) Ltd.,Agrawal Securities (PVT) Ltd.,6,328.3,1969.8,2025-08-17 13:13:46.316985
2025-08-17,42475,2025081701011441,ADBL,Naasa Securities Co. Ltd.,KALASH STOCK MARKET PVT. LTD.,120,333.5,40020.0,2025-08-17 13:14:39.149904
2025-08-17,42381,2025081701011467,ADBL,Opal Securities Investment (PVT) Ltd.,Kohinoor Investment & Securities Pvt. Ltd.,1,329.0,329.0,2025-08-17 13:15:01.719212
2025-08-17,42186,2025081701011511,ADBL,Dipshikha Dhitopatra Karobar Co. Pvt Ltd.,KALASH STOCK MARKET PVT. LTD.,20,333.0,6660.0,2025-08-17 13:15:36.324042
2025-08-17,42185,2025081701011512,ADBL,Magnet Securities and Investment Company Private Limited,KALASH STOCK MARKET PVT. LTD.,60,333.0,19980.0,2025-08-17 13:15:36.324331
2025-08-17,42161,2025081701011529,ADBL,Magnet Securities and Investment Company Private Limited,Sundhara Securities Limited,100,333.0,33300.0,2025-08-17 13:15:37.983448
2025-08-17,41645,2025081701011624,ADBL,Asian Securities Private Ltd.,Trisul Securities & Invt. Ltd.,100,333.1,33310.0,2025-08-17 13:17:23.800907
2025-08-17,41407,2025081701011658,ADBL,Midas Stock Broking Company Private Limited,Vision Securities Pvt. Ltd,100,333.0,33300.0,2025-08-17 13:17:52.347238
2025-08-17,41406,2025081701011659,ADBL,Sani Securities Company Ltd.,Vision Securities Pvt. Ltd,91,333.0,30303.0,2025-08-17 13:17:52.347588
2025-08-17,40907,2025081701011794,ADBL,Naasa Securities Co. Ltd.,Vision Securities Pvt. Ltd,200,334.9,66980.0,2025-08-17 13:19:16.796591
2025-08-17,40906,2025081701011795,ADBL,Naasa Securities Co. Ltd.,Premier Securities Company Ltd.,490,335.0,164150.0,2025-08-17 13:19:16.797172
2025-08-17,40905,2025081701011796,ADBL,Naasa Securities Co. Ltd.,Stoxkarts Securities Limited,129,335.0,43215.0,2025-08-17 13:19:16.797548
2025-08-17,40904,2025081701011797,ADBL,Naasa Securities Co. Ltd.,Kohinoor Investment & Securities Pvt. Ltd.,130,335.0,43550.0,2025-08-17 13:19:16.797911
2025-08-17,40903,2025081701011798,ADBL,Naasa Securities Co. Ltd.,Online Securities Pvt. Ltd.,501,335.0,167835.0,2025-08-17 13:19:16.798292
2025-08-17,40551,2025081701011884,ADBL,Sani Securities Company Ltd.,Naasa Securities Co. Ltd.,59,333.0,19647.0,2025-08-17 13:20:24.615432
2025-08-17,40550,2025081701011885,ADBL,Aryatara Investment & Securities,Naasa Securities Co. Ltd.,10,333.0,3330.0,2025-08-17 13:20:24.615533
2025-08-17,40549,2025081701011886,ADBL,Asian Securities Private Ltd.,Naasa Securities Co. Ltd.,100,333.0,33300.0,2025-08-17 13:20:24.615560
2025-08-17,40548,2025081701011887,ADBL,Aryatara Investment & Securities,Naasa Securities Co. Ltd.,10,332.7,3327.0,2025-08-17 13:20:24.615582
2025-08-17,40547,2025081701011888,ADBL,Nepal Stock House (PVT) Ltd.,Naasa Securities Co. Ltd.,20,332.6,6652.0,2025-08-17 13:20:24.615605
2025-08-17,40546,2025081701011889,ADBL,Investment Management Nepal Pvt. Ltd.,Naasa Securities Co. Ltd.,15,332.5,4987.5,2025-08-17 13:20:24.615628
2025-08-17,40545,2025081701011890,ADBL,Trishakti Securities Public Limited,Naasa Securities Co. Ltd.,100,332.5,33250.0,2025-08-17 13:20:24.615653
2025-08-17,40544,2025081701011891,ADBL,Online Securities Pvt. Ltd.,Naasa Securities Co. Ltd.,686,332.2,227889.2,2025-08-17 13:20:24.615674
2025-08-17,40455,2025081701011910,ADBL,Online Securities Pvt. Ltd.,Naasa Securities Co. Ltd.,64,332.2,21260.8,2025-08-17 13:20:39.773597
2025-08-17,40454,2025081701011911,ADBL,Swarna Laxmi Securities Pvt. Ltd.,Naasa Securities Co. Ltd.,170,332.1,56457.0,2025-08-17 13:20:39.773702
2025-08-17,40453,2025081701011912,ADBL,Kumari Securities Private Limited,Naasa Securities Co. Ltd.,500,332.1,166050.0,2025-08-17 13:20:39.773778
2025-08-17,40452,2025081701011913,ADBL,KALASH STOCK MARKET PVT. LTD.,Naasa Securities Co. Ltd.,200,332.0,66400.0,2025-08-17 13:20:39.773855
2025-08-17,40451,2025081701011914,ADBL,Naasa Securities Co. Ltd.,Naasa Securities Co. Ltd.,80,332.0,26560.0,2025-08-17 13:20:39.773917
2025-08-17,40450,2025081701011915,ADBL,Aakashbhairab Securities Ltd.,Naasa Securities Co. Ltd.,986,332.0,327352.0,2025-08-17 13:20:39.773991
2025-08-17,40006,2025081701011963,ADBL,Nepal Stock House (PVT) Ltd.,Naasa Securities Co. Ltd.,1000,333.0,333000.0,2025-08-17 13:21:45.164245
2025-08-17,40005,2025081701011964,ADBL,Vision Securities Pvt. Ltd,Naasa Securities Co. Ltd.,37,332.3,12295.1,2025-08-17 13:21:45.164331
2025-08-17,38460,2025081701012333,ADBL,Vision Securities Pvt. Ltd,Online Securities Pvt. Ltd.,191,335.0,63985.0,2025-08-17 13:26:39.606900
2025-08-17,38459,2025081701012334,ADBL,Vision Securities Pvt. Ltd,Vision Securities Pvt. Ltd,10,335.0,3350.0,2025-08-17 13:26:39.607222
2025-08-17,38458,2025081701012335,ADBL,Vision Securities Pvt. Ltd,Secured Securities Ltd.,100,335.0,33500.0,2025-08-17 13:26:39.607343
2025-08-17,38457,2025081701012336,ADBL,Vision Securities Pvt. Ltd,Nepal Investment And Securities Trading Private Limited,50,335.0,16750.0,2025-08-17 13:26:39.607459
2025-08-17,38456,2025081701012337,ADBL,Vision Securities Pvt. Ltd,Ashutosh Brokerage & Securities (PVT) Ltd.,150,335.0,50250.0,2025-08-17 13:26:39.607576
2025-08-17,38455,2025081701012338,ADBL,Vision Securities Pvt. Ltd,Imperial Securities Company Pvt. Ltd.,100,335.0,33500.0,2025-08-17 13:26:39.607732
2025-08-17,38454,2025081701012339,ADBL,Vision Securities Pvt. Ltd,Creative Securities Pvt Ltd,99,335.0,33165.0,2025-08-17 13:26:39.607885
2025-08-17,37770,2025081701012604,ADBL,Cristal Kanchanjanga Securites Pvt. Ltd.,Asian Securities Private Ltd.,32,334.0,10688.0,2025-08-17 13:29:04.952013
2025-08-17,37496,2025081701012671,ADBL,Investment Management Nepal Pvt. Ltd.,Naasa Securities Co. Ltd.,31,332.5,10307.5,2025-08-17 13:30:07.008863
2025-08-17,37456,2025081701012677,ADBL,Investment Management Nepal Pvt. Ltd.,Naasa Securities Co. Ltd.,10,332.5,3325.0,2025-08-17 13:30:15.198932
2025-08-17,35893,2025081701013071,ADBL,Swarna Laxmi Securities Pvt. Ltd.,Sani Securities Company Ltd.,100,332.6,33260.0,2025-08-17 13:35:31.536313
2025-08-17,35382,2025081701013207,ADBL,Nepal Stock House (PVT) Ltd.,Kohinoor Investment & Securities Pvt. Ltd.,100,332.7,33270.0,2025-08-17 13:37:03.915446
2025-08-17,35268,2025081701013233,ADBL,Nepal Stock House (PVT) Ltd.,Kohinoor Investment & Securities Pvt. Ltd.,110,332.7,36597.0,2025-08-17 13:37:30.071301
2025-08-17,35221,2025081701013249,ADBL,Nepal Stock House (PVT) Ltd.,Market Securities & Exchange (PVT) Ltd.,30,332.7,9981.0,2025-08-17 13:37:38.011528
2025-08-17,34683,2025081701013362,ADBL,Vision Securities Pvt. Ltd,Sani Securities Company Ltd.,87,334.0,29058.0,2025-08-17 13:39:29.052412
2025-08-17,34682,2025081701013363,ADBL,Vision Securities Pvt. Ltd,Dipshikha Dhitopatra Karobar Co. Pvt Ltd.,88,334.0,29392.0,2025-08-17 13:39:29.052988
2025-08-17,34137,2025081701013488,ADBL,Sani Securities Company Ltd.,Dipshikha Dhitopatra Karobar Co. Pvt Ltd.,100,334.0,33400.0,2025-08-17 13:41:15.570340
2025-08-17,34061,2025081701013502,ADBL,Naasa Securities Co. Ltd.,Dipshikha Dhitopatra Karobar Co. Pvt Ltd.,15,334.0,5010.0,2025-08-17 13:41:37.625569
2025-08-17,33448,2025081701013630,ADBL,Nepal Stock House (PVT) Ltd.,Kohinoor Investment & Securities Pvt. Ltd.,50,332.7,16635.0,2025-08-17 13:43:39.924069
2025-08-17,32937,2025081701013732,ADBL,Opal Securities Investment (PVT) Ltd.,Capital Max Securities Ltd,15,333.0,4995.0,2025-08-17 13:45:45.292782
2025-08-17,32815,2025081701013756,ADBL,Nepal Stock House (PVT) Ltd.,Naasa Securities Co. Ltd.,10,332.7,3327.0,2025-08-17 13:46:08.812131
2025-08-17,32814,2025081701013757,ADBL,Asian Securities Private Ltd.,Naasa Securities Co. Ltd.,66,332.7,21958.2,2025-08-17 13:46:08.812458
2025-08-17,32787,2025081701013761,ADBL,Vision Securities Pvt. Ltd,Capital Max Securities Ltd,25,333.0,8325.0,2025-08-17 13:46:16.549807
2025-08-17,32733,2025081701013808,ADBL,Asian Securities Private Ltd.,Naasa Securities Co. Ltd.,34,332.7,11311.8,2025-08-17 13:46:18.461794
2025-08-17,32732,2025081701013809,ADBL,Swarna Laxmi Securities Pvt. Ltd.,Naasa Securities Co. Ltd.,100,332.6,33260.0,2025-08-17 13:46:18.461853
2025-08-17,32731,2025081701013810,ADBL,Investment Management Nepal Pvt. Ltd.,Naasa Securities Co. Ltd.,59,332.5,19617.5,2025-08-17 13:46:18.461881
2025-08-17,32730,2025081701013811,ADBL,Asian Securities Private Ltd.,Naasa Securities Co. Ltd.,250,332.5,83125.0,2025-08-17 13:46:18.461912
2025-08-17,32729,2025081701013812,ADBL,Sewa Securities Pvt. Ltd.,Naasa Securities Co. Ltd.,500,332.4,166200.0,2025-08-17 13:46:18.461939
2025-08-17,32728,2025081701013813,ADBL,Linch Stock Market Ltd.,Naasa Securities Co. Ltd.,57,332.4,18946.8,2025-08-17 13:46:18.461967
2025-08-17,32607,2025081701013843,ADBL,Linch Stock Market Ltd.,Ashutosh Brokerage & Securities (PVT) Ltd.,105,332.4,34902.0,2025-08-17 13:46:56.207887
2025-08-17,31499,2025081701014152,ADBL,Global IME Securities Limited,Aryatara Investment & Securities,50,332.5,16625.0,2025-08-17 13:50:43.779749
2025-08-17,31498,2025081701014153,ADBL,Sumeru Securities Pvt. Ltd.,Aryatara Investment & Securities,40,332.5,13300.0,2025-08-17 13:50:43.780072
2025-08-17,31497,2025081701014154,ADBL,Linch Stock Market Ltd.,Aryatara Investment & Securities,338,332.4,112351.2,2025-08-17 13:50:43.780205
2025-08-17,31496,2025081701014155,ADBL,Naasa Securities Co. Ltd.,Aryatara Investment & Securities,300,332.4,99720.0,2025-08-17 13:50:43.780332
2025-08-17,31495,2025081701014156,ADBL,Creative Securities Pvt Ltd,Aryatara Investment & Securities,943,332.4,313453.2,2025-08-17 13:50:43.780454
2025-08-17,31494,2025081701014157,ADBL,Vision Securities Pvt. Ltd,Aryatara Investment & Securities,963,332.3,320004.9,2025-08-17 13:50:43.780578
2025-08-17,31493,2025081701014158,ADBL,Online Securities Pvt. Ltd.,Aryatara Investment & Securities,391,332.2,129890.2,2025-08-17 13:50:43.780708
2025-08-17,30913,2025081701014280,ADBL,Dipshikha Dhitopatra Karobar Co. Pvt Ltd.,Online Securities Pvt. Ltd.,151,332.3,50177.3,2025-08-17 13:52:54.167244
2025-08-17,30912,2025081701014281,ADBL,Online Securities Pvt. Ltd.,Online Securities Pvt. Ltd.,249,332.2,82717.8,2025-08-17 13:52:54.167810
2025-08-17,30353,2025081701014383,ADBL,Dipshikha Dhitopatra Karobar Co. Pvt Ltd.,Capital Max Securities Ltd,19,333.0,6327.0,2025-08-17 13:54:55.704045
2025-08-17,29980,2025081701014452,ADBL,NIMB Stock Markets Limited,Capital Max Securities Ltd,112,333.0,37296.0,2025-08-17 13:55:53.615335
2025-08-17,29979,2025081701014453,ADBL,NIMB Stock Markets Limited,Cristal Kanchanjanga Securites Pvt. Ltd.,688,333.0,229104.0,2025-08-17 13:55:53.615663
2025-08-17,29772,2025081701014478,ADBL,Ashutosh Brokerage & Securities (PVT) Ltd.,Cristal Kanchanjanga Securites Pvt. Ltd.,342,333.0,113886.0,2025-08-17 13:56:32.147098
2025-08-17,29771,2025081701014479,ADBL,Ashutosh Brokerage & Securities (PVT) Ltd.,Aryatara Investment & Securities,115,333.0,38295.0,2025-08-17 13:56:32.147774
2025-08-17,29770,2025081701014480,ADBL,Ashutosh Brokerage & Securities (PVT) Ltd.,Online Securities Pvt. Ltd.,10,333.0,3330.0,2025-08-17 13:56:32.148424
2025-08-17,29769,2025081701014481,ADBL,Ashutosh Brokerage & Securities (PVT) Ltd.,Sani Securities Company Ltd.,33,333.0,10989.0,2025-08-17 13:56:32.148986
2025-08-17,29745,2025081701014487,ADBL,Dipshikha Dhitopatra Karobar Co. Pvt Ltd.,Sani Securities Company Ltd.,67,333.0,22311.0,2025-08-17 13:56:35.443948
2025-08-17,29539,2025081701014520,ADBL,NIMB Stock Markets Limited,Dipshikha Dhitopatra Karobar Co. Pvt Ltd.,797,334.0,266198.0,2025-08-17 13:57:18.967649
2025-08-17,29538,2025081701014521,ADBL,NIMB Stock Markets Limited,Nepal Stock House (PVT) Ltd.,150,334.0,50100.0,2025-08-17 13:57:18.968275
2025-08-17,29537,2025081701014522,ADBL,NIMB Stock Markets Limited,J.F. Securites (PVT) Ltd.,53,334.0,17702.0,2025-08-17 13:57:18.968653
2025-08-17,28482,2025081701014732,ADBL,Dipshikha Dhitopatra Karobar Co. Pvt Ltd.,J.F. Securites (PVT) Ltd.,10,334.0,3340.0,2025-08-17 14:01:17.500538
2025-08-17,28454,2025081701014742,ADBL,Dipshikha Dhitopatra Karobar Co. Pvt Ltd.,Kumari Securities Private Limited,50,333.0,16650.0,2025-08-17 14:01:22.860942
2025-08-17,28428,2025081701014745,ADBL,Premier Securities Company Ltd.,J.F. Securites (PVT) Ltd.,87,334.0,29058.0,2025-08-17 14:01:26.181721
2025-08-17,28427,2025081701014746,ADBL,Premier Securities Company Ltd.,Online Securities Pvt. Ltd.,128,334.0,42752.0,2025-08-17 14:01:26.182020
2025-08-17,28426,2025081701014747,ADBL,Premier Securities Company Ltd.,Sundhara Securities Limited,285,334.0,95190.0,2025-08-17 14:01:26.182161
2025-08-17,28332,2025081701014760,ADBL,Dipshikha Dhitopatra Karobar Co. Pvt Ltd.,Linch Stock Market Ltd.,100,333.0,33300.0,2025-08-17 14:01:44.663064
2025-08-17,27109,2025081701015017,ADBL,Trademow Securities Private Limited,Sundhara Securities Limited,315,334.0,105210.0,2025-08-17 14:06:17.526144
2025-08-17,26899,2025081701015078,ADBL,Trademow Securities Private Limited,Premier Securities Company Ltd.,500,334.5,167250.0,2025-08-17 14:06:48.654286
2025-08-17,26898,2025081701015079,ADBL,Trademow Securities Private Limited,Sani Securities Company Ltd.,15,334.8,5022.0,2025-08-17 14:06:48.654589
2025-08-17,26897,2025081701015080,ADBL,Trademow Securities Private Limited,Nepal Investment And Securities Trading Private Limited,170,334.9,56933.0,2025-08-17 14:06:48.654717
2025-08-17,26639,2025081701015158,ADBL,Dynamic Money Managers Securities Pvt. Ltd.,Nepal Investment And Securities Trading Private Limited,30,334.9,10047.0,2025-08-17 14:07:33.493475
2025-08-17,26638,2025081701015159,ADBL,Dynamic Money Managers Securities Pvt. Ltd.,Creative Securities Pvt Ltd,21,335.0,7035.0,2025-08-17 14:07:33.494100
2025-08-17,26637,2025081701015160,ADBL,Dynamic Money Managers Securities Pvt. Ltd.,Kumari Securities Private Limited,56,335.0,18760.0,2025-08-17 14:07:33.494484
2025-08-17,26636,2025081701015161,ADBL,Dynamic Money Managers Securities Pvt. Ltd.,Naasa Securities Co. Ltd.,21,335.0,7035.0,2025-08-17 14:07:33.494852
2025-08-17,26635,2025081701015162,ADBL,Dynamic Money Managers Securities Pvt. Ltd.,Vision Securities Pvt. Ltd,106,335.0,35510.0,2025-08-17 14:07:33.495234
2025-08-17,26634,2025081701015163,ADBL,Dynamic Money Managers Securities Pvt. Ltd.,Nabil Stock Dealer Ltd.,88,335.0,29480.0,2025-08-17 14:07:33.495613
2025-08-17,26633,2025081701015164,ADBL,Dynamic Money Managers Securities Pvt. Ltd.,Cristal Kanchanjanga Securites Pvt. Ltd.,200,335.0,67000.0,2025-08-17 14:07:33.495976
2025-08-17,26632,2025081701015165,ADBL,Dynamic Money Managers Securities Pvt. Ltd.,Kumari Securities Private Limited,1030,335.0,345050.0,2025-08-17 14:07:33.496438
2025-08-17,26631,2025081701015166,ADBL,Dynamic Money Managers Securities Pvt. Ltd.,Sri Hari Securities Pvt. Ltd.,69,335.0,23115.0,2025-08-17 14:07:33.496958
2025-08-17,26630,2025081701015167,ADBL,Dynamic Money Managers Securities Pvt. Ltd.,Creative Securities Pvt Ltd,525,335.0,175875.0,2025-08-17 14:07:33.497502
2025-08-17,26629,2025081701015168,ADBL,Dynamic Money Managers Securities Pvt. Ltd.,Dipshikha Dhitopatra Karobar Co. Pvt Ltd.,1000,335.0,335000.0,2025-08-17 14:07:33.498104
2025-08-17,26628,2025081701015169,ADBL,Dynamic Money Managers Securities Pvt. Ltd.,Dipshikha Dhitopatra Karobar Co. Pvt Ltd.,1300,335.0,435500.0,2025-08-17 14:07:33.498532
2025-08-17,26237,2025081701015260,ADBL,Nepal Stock House (PVT) Ltd.,Opal Securities Investment (PVT) Ltd.,10,335.1,3351.0,2025-08-17 14:08:44.635729
2025-08-17,26236,2025081701015261,ADBL,Dynamic Money Managers Securities Pvt. Ltd.,Opal Securities Investment (PVT) Ltd.,53,335.0,17755.0,2025-08-17 14:08:44.636301
2025-08-17,26201,2025081701015270,ADBL,Nabil Stock Dealer Ltd.,Naasa Securities Co. Ltd.,20,335.1,6702.0,2025-08-17 14:08:52.426128
2025-08-17,26077,2025081701015284,ADBL,Nabil Stock Dealer Ltd.,J.F. Securites (PVT) Ltd.,50,335.4,16770.0,2025-08-17 14:09:20.817608
2025-08-17,26076,2025081701015285,ADBL,Nabil Stock Dealer Ltd.,Aryatara Investment & Securities,14,335.5,4697.0,2025-08-17 14:09:20.818197
2025-08-17,26075,2025081701015286,ADBL,Nabil Stock Dealer Ltd.,Shree Krishna Securities Ltd.,200,335.5,67100.0,2025-08-17 14:09:20.818559
2025-08-17,26074,2025081701015287,ADBL,Nabil Stock Dealer Ltd.,Dipshikha Dhitopatra Karobar Co. Pvt Ltd.,190,335.6,63764.0,2025-08-17 14:09:20.818911
2025-08-17,26073,2025081701015288,ADBL,Nabil Stock Dealer Ltd.,Agrawal Securities (PVT) Ltd.,484,335.9,162575.6,2025-08-17 14:09:20.819289
2025-08-17,26072,2025081701015289,ADBL,Nabil Stock Dealer Ltd.,Naasa Securities Co. Ltd.,20,335.9,6718.0,2025-08-17 14:09:20.819635
2025-08-17,26071,2025081701015290,ADBL,Nabil Stock Dealer Ltd.,Imperial Securities Company Pvt. Ltd.,22,336.0,7392.0,2025-08-17 14:09:20.819991
2025-08-17,25802,2025081701015364,ADBL,Trademow Securities Private Limited,Trishakti Securities Public Limited,45,336.0,15120.0,2025-08-17 14:10:13.342700
2025-08-17,25801,2025081701015365,ADBL,Trademow Securities Private Limited,Naasa Securities Co. Ltd.,40,336.0,13440.0,2025-08-17 14:10:13.342997
2025-08-17,25800,2025081701015366,ADBL,Trademow Securities Private Limited,Nepal Investment And Securities Trading Private Limited,10,336.0,3360.0,2025-08-17 14:10:13.343127
2025-08-17,25799,2025081701015367,ADBL,Trademow Securities Private Limited,Creative Securities Pvt Ltd,299,336.0,100464.0,2025-08-17 14:10:13.343246
2025-08-17,25798,2025081701015368,ADBL,Trademow Securities Private Limited,J.F. Securites (PVT) Ltd.,30,336.0,10080.0,2025-08-17 14:10:13.343364
2025-08-17,25797,2025081701015369,ADBL,Trademow Securities Private Limited,Shree Krishna Securities Ltd.,172,336.0,57792.0,2025-08-17 14:10:13.343482
2025-08-17,25796,2025081701015370,ADBL,Trademow Securities Private Limited,Naasa Securities Co. Ltd.,404,336.0,135744.0,2025-08-17 14:10:13.343597
2025-08-17,24990,2025081701015524,ADBL,Aryatara Investment & Securities,Sani Securities Company Ltd.,153,335.1,51270.3,2025-08-17 14:12:51.637563
2025-08-17,24743,2025081701015572,ADBL,Nepal Stock House (PVT) Ltd.,Imperial Securities Company Pvt. Ltd.,1000,335.9,335900.0,2025-08-17 14:13:36.431236
2025-08-17,23273,2025081701015868,ADBL,Aryatara Investment & Securities,Capital Max Securities Ltd,100,335.1,33510.0,2025-08-17 14:17:18.677219
2025-08-17,22645,2025081701016008,ADBL,Aryatara Investment & Securities,Kalika Securities Pvt. Ltd.,11,335.1,3686.1,2025-08-17 14:18:43.669787
2025-08-17,22318,2025081701016046,ADBL,Aryatara Investment & Securities,Naasa Securities Co. Ltd.,736,335.1,246633.6,2025-08-17 14:19:27.046559
2025-08-17,22317,2025081701016047,ADBL,Nabil Stock Dealer Ltd.,Naasa Securities Co. Ltd.,264,335.1,88466.4,2025-08-17 14:19:27.046965
2025-08-17,21804,2025081701016176,ADBL,Deevyaa Securities & Stock House Pvt. Ltd,Sri Hari Securities Pvt. Ltd.,30,335.2,10056.0,2025-08-17 14:20:37.373119
2025-08-17,21066,2025081701016303,ADBL,Deevyaa Securities & Stock House Pvt. Ltd,Kohinoor Investment & Securities Pvt. Ltd.,70,335.2,23464.0,2025-08-17 14:22:21.647675
2025-08-17,20543,2025081701016417,ADBL,Vision Securities Pvt. Ltd,Dynamic Money Managers Securities Pvt. Ltd.,20,335.3,6706.0,2025-08-17 14:23:52.372933
2025-08-17,20542,2025081701016418,ADBL,Nabil Stock Dealer Ltd.,Dynamic Money Managers Securities Pvt. Ltd.,280,335.1,93828.0,2025-08-17 14:23:52.373511
2025-08-17,20489,2025081701016429,ADBL,Nabil Stock Dealer Ltd.,Naasa Securities Co. Ltd.,30,335.1,10053.0,2025-08-17 14:24:01.320845
2025-08-17,20369,2025081701016446,ADBL,Nabil Stock Dealer Ltd.,Creative Securities Pvt Ltd,150,335.1,50265.0,2025-08-17 14:24:21.356546
2025-08-17,19979,2025081701016570,ADBL,Dynamic Money Managers Securities Pvt. Ltd.,Sumeru Securities Pvt. Ltd.,100,335.5,33550.0,2025-08-17 14:25:22.698346
2025-08-17,19806,2025081701016608,ADBL,Nabil Stock Dealer Ltd.,Online Securities Pvt. Ltd.,80,335.1,26808.0,2025-08-17 14:25:52.703058
2025-08-17,18472,2025081701016921,ADBL,Linch Stock Market Ltd.,J.F. Securites (PVT) Ltd.,21,335.4,7043.4,2025-08-17 14:29:58.154718
2025-08-17,18408,2025081701016942,ADBL,Bhrikuti Stock Broking Co. Pvt. Ltd.,Ashutosh Brokerage & Securities (PVT) Ltd.,50,335.2,16760.0,2025-08-17 14:30:20.276570
2025-08-17,18093,2025081701017017,ADBL,Naasa Securities Co. Ltd.,Kumari Securities Private Limited,54,335.3,18106.2,2025-08-17 14:31:16.481883
2025-08-17,18092,2025081701017018,ADBL,Bhrikuti Stock Broking Co. Pvt. Ltd.,Kumari Securities Private Limited,49,335.2,16424.8,2025-08-17 14:31:16.482203
2025-08-17,18041,2025081701017034,ADBL,Bhrikuti Stock Broking Co. Pvt. Ltd.,Dakshinkali Investment & Securities Pvt. Ltd.,11,335.2,3687.2,2025-08-17 14:31:25.522136
2025-08-17,17077,2025081701017224,ADBL,Bhrikuti Stock Broking Co. Pvt. Ltd.,Aryatara Investment & Securities,77,335.2,25810.4,2025-08-17 14:34:05.943599
2025-08-17,15928,2025081701017494,ADBL,Bhrikuti Stock Broking Co. Pvt. Ltd.,Nepal Stock House (PVT) Ltd.,13,335.2,4357.6,2025-08-17 14:37:20.281353
2025-08-17,15927,2025081701017495,ADBL,Nepal Investment And Securities Trading Private Limited,Nepal Stock House (PVT) Ltd.,10,335.2,3352.0,2025-08-17 14:37:20.281720
2025-08-17,15926,2025081701017496,ADBL,Sani Securities Company Ltd.,Nepal Stock House (PVT) Ltd.,100,335.2,33520.0,2025-08-17 14:37:20.281850
2025-08-17,15925,2025081701017497,ADBL,Nabil Stock Dealer Ltd.,Nepal Stock House (PVT) Ltd.,196,335.1,65679.6,2025-08-17 14:37:20.282104
2025-08-17,15924,2025081701017498,ADBL,Aryatara Investment & Securities,Nepal Stock House (PVT) Ltd.,681,335.1,228203.1,2025-08-17 14:37:20.282327
2025-08-17,15844,2025081701017520,ADBL,Aryatara Investment & Securities,Nepal Stock House (PVT) Ltd.,1810,335.1,606531.0,2025-08-17 14:37:34.187314
2025-08-17,15748,2025081701017529,ADBL,Dynamic Money Managers Securities Pvt. Ltd.,Nepal Stock House (PVT) Ltd.,2000,335.0,670000.0,2025-08-17 14:37:48.965480
2025-08-17,15433,2025081701017590,ADBL,Dynamic Money Managers Securities Pvt. Ltd.,Nepal Stock House (PVT) Ltd.,3501,335.0,1172835.0,2025-08-17 14:38:32.105681
2025-08-17,15432,2025081701017591,ADBL,Bhrikuti Stock Broking Co. Pvt. Ltd.,Nepal Stock House (PVT) Ltd.,39,335.0,13065.0,2025-08-17 14:38:32.106007
2025-08-17,15210,2025081701017666,ADBL,Bhrikuti Stock Broking Co. Pvt. Ltd.,Nepal Stock House (PVT) Ltd.,161,335.0,53935.0,2025-08-17 14:38:59.249499
2025-08-17,15209,2025081701017667,ADBL,Naasa Securities Co. Ltd.,Nepal Stock House (PVT) Ltd.,20,335.0,6700.0,2025-08-17 14:38:59.249798
2025-08-17,15208,2025081701017668,ADBL,Siprabi Securities Pvt. Ltd.,Nepal Stock House (PVT) Ltd.,50,335.0,16750.0,2025-08-17 14:38:59.249941
2025-08-17,15207,2025081701017669,ADBL,Sundhara Securities Limited,Nepal Stock House (PVT) Ltd.,890,335.0,298150.0,2025-08-17 14:38:59.250083
2025-08-17,15206,2025081701017670,ADBL,Agrawal Securities (PVT) Ltd.,Nepal Stock House (PVT) Ltd.,150,335.0,50250.0,2025-08-17 14:38:59.250207
2025-08-17,14989,2025081701017707,ADBL,Trademow Securities Private Limited,Dakshinkali Investment & Securities Pvt. Ltd.,21,334.0,7014.0,2025-08-17 14:39:19.690884
2025-08-17,13749,2025081701017956,ADBL,Kohinoor Investment & Securities Pvt. Ltd.,Kohinoor Investment & Securities Pvt. Ltd.,100,334.9,33490.0,2025-08-17 14:41:44.667877
2025-08-17,13748,2025081701017957,ADBL,Kohinoor Investment & Securities Pvt. Ltd.,Creative Securities Pvt Ltd,100,335.0,33500.0,2025-08-17 14:41:44.668198
2025-08-17,13682,2025081701017970,ADBL,Trademow Securities Private Limited,Naasa Securities Co. Ltd.,82,334.0,27388.0,2025-08-17 14:41:53.448517
2025-08-17,12238,2025081701018219,ADBL,Dakshinkali Investment & Securities Pvt. Ltd.,South Asian Bulls Pvt. Ltd.,30,334.8,10044.0,2025-08-17 14:44:29.017110
2025-08-17,12237,2025081701018220,ADBL,Dakshinkali Investment & Securities Pvt. Ltd.,Himalayan Brokerage Company Limited,232,334.9,77696.8,2025-08-17 14:44:29.017811
2025-08-17,12236,2025081701018221,ADBL,Dakshinkali Investment & Securities Pvt. Ltd.,Creative Securities Pvt Ltd,38,335.0,12730.0,2025-08-17 14:44:29.018381
2025-08-17,11021,2025081701018410,ADBL,Vision Securities Pvt. Ltd,KALASH STOCK MARKET PVT. LTD.,628,334.9,210317.2,2025-08-17 14:46:35.682079
2025-08-17,11020,2025081701018411,ADBL,Vision Securities Pvt. Ltd,Creative Securities Pvt Ltd,362,335.0,121270.0,2025-08-17 14:46:35.682378
2025-08-17,11019,2025081701018412,ADBL,Vision Securities Pvt. Ltd,Sundhara Securities Limited,10,335.0,3350.0,2025-08-17 14:46:35.682515
2025-08-17,10956,2025081701018429,ADBL,Secured Securities Ltd.,Sundhara Securities Limited,57,335.0,19095.0,2025-08-17 14:46:43.833284
2025-08-17,10513,2025081701018521,ADBL,Deevyaa Securities & Stock House Pvt. Ltd,Deevyaa Securities & Stock House Pvt. Ltd,100,334.1,33410.0,2025-08-17 14:47:33.602559
2025-08-17,10394,2025081701018535,ADBL,Sani Securities Company Ltd.,Dakshinkali Investment & Securities Pvt. Ltd.,300,334.1,100230.0,2025-08-17 14:47:46.584222
2025-08-17,10281,2025081701018549,ADBL,Sani Securities Company Ltd.,K.B.L. Securities Limited ,250,334.1,83525.0,2025-08-17 14:47:59.664672
2025-08-17,9949,2025081701018595,ADBL,Online Securities Pvt. Ltd.,J.F. Securites (PVT) Ltd.,25,334.9,8372.5,2025-08-17 14:48:29.603301
2025-08-17,9875,2025081701018615,ADBL,Sani Securities Company Ltd.,Online Securities Pvt. Ltd.,15,334.1,5011.5,2025-08-17 14:48:39.780901
2025-08-17,9197,2025081701018717,ADBL,Sani Securities Company Ltd.,Sani Securities Company Ltd.,109,334.1,36416.9,2025-08-17 14:49:43.614815
2025-08-17,9196,2025081701018718,ADBL,Trademow Securities Private Limited,Sani Securities Company Ltd.,397,334.0,132598.0,2025-08-17 14:49:43.615451
2025-08-17,9195,2025081701018719,ADBL,Neev Securities Pvt. Ltd.,Sani Securities Company Ltd.,100,334.0,33400.0,2025-08-17 14:49:43.615847
2025-08-17,9194,2025081701018720,ADBL,Dynamic Money Managers Securities Pvt. Ltd.,Sani Securities Company Ltd.,100,334.0,33400.0,2025-08-17 14:49:43.616260
2025-08-17,9193,2025081701018721,ADBL,Sani Securities Company Ltd.,Sani Securities Company Ltd.,50,334.0,16700.0,2025-08-17 14:49:43.616661
2025-08-17,9192,2025081701018722,ADBL,Agrawal Securities (PVT) Ltd.,Sani Securities Company Ltd.,244,334.0,81496.0,2025-08-17 14:49:43.617077
2025-08-17,8775,2025081701018822,ADBL,Online Securities Pvt. Ltd.,J.F. Securites (PVT) Ltd.,10,334.9,3349.0,2025-08-17 14:50:23.291273
2025-08-17,8680,2025081701018839,ADBL,Agrawal Securities (PVT) Ltd.,Sani Securities Company Ltd.,15,334.0,5010.0,2025-08-17 14:50:36.114608
2025-08-17,8240,2025081701018934,ADBL,Agrawal Securities (PVT) Ltd.,Naasa Securities Co. Ltd.,21,334.0,7014.0,2025-08-17 14:51:19.736267
2025-08-17,7565,2025081701019106,ADBL,Agrawal Securities (PVT) Ltd.,Midas Stock Broking Company Private Limited,51,334.0,17034.0,2025-08-17 14:52:19.505337
2025-08-17,7179,2025081701019255,ADBL,Opal Securities Investment (PVT) Ltd.,J.F. Securites (PVT) Ltd.,44,334.9,14735.6,2025-08-17 14:52:42.478159
2025-08-17,7178,2025081701019256,ADBL,Opal Securities Investment (PVT) Ltd.,Naasa Securities Co. Ltd.,50,334.9,16745.0,2025-08-17 14:52:42.478493
2025-08-17,7177,2025081701019257,ADBL,Opal Securities Investment (PVT) Ltd.,Sundhara Securities Limited,33,335.0,11055.0,2025-08-17 14:52:42.478633
2025-08-17,7176,2025081701019258,ADBL,Opal Securities Investment (PVT) Ltd.,Vision Securities Pvt. Ltd,773,335.0,258955.0,2025-08-17 14:52:42.478766
2025-08-17,6392,2025081701019495,ADBL,Sani Securities Company Ltd.,Vision Securities Pvt. Ltd,227,335.0,76045.0,2025-08-17 14:53:48.881602
2025-08-17,6391,2025081701019496,ADBL,Sani Securities Company Ltd.,Premier Securities Company Ltd.,115,335.0,38525.0,2025-08-17 14:53:48.881914
2025-08-17,6390,2025081701019497,ADBL,Sani Securities Company Ltd.,Sumeru Securities Pvt. Ltd.,500,335.0,167500.0,2025-08-17 14:53:48.882075
2025-08-17,6389,2025081701019498,ADBL,Sani Securities Company Ltd.,J.F. Securites (PVT) Ltd.,158,335.0,52930.0,2025-08-17 14:53:48.882233
2025-08-17,6349,2025081701019504,ADBL,Agrawal Securities (PVT) Ltd.,NIMB Stock Markets Limited,169,334.0,56446.0,2025-08-17 14:53:54.395924
2025-08-17,6348,2025081701019505,ADBL,Naasa Securities Co. Ltd.,NIMB Stock Markets Limited,60,334.0,20040.0,2025-08-17 14:53:54.396531
2025-08-17,6347,2025081701019506,ADBL,Sagarmatha Securities Private Limited,NIMB Stock Markets Limited,20,334.0,6680.0,2025-08-17 14:53:54.396920
2025-08-17,6346,2025081701019507,ADBL,Dipshikha Dhitopatra Karobar Co. Pvt Ltd.,NIMB Stock Markets Limited,177,334.0,59118.0,2025-08-17 14:53:54.397316
2025-08-17,5361,2025081701019737,ADBL,Naasa Securities Co. Ltd.,Nepal Investment And Securities Trading Private Limited,25,334.9,8372.5,2025-08-17 14:55:22.192524
2025-08-17,5338,2025081701019739,ADBL,Asian Securities Private Ltd.,Nepal Investment And Securities Trading Private Limited,500,334.9,167450.0,2025-08-17 14:55:24.661342
2025-08-17,5212,2025081701019764,ADBL,Linch Stock Market Ltd.,Nepal Investment And Securities Trading Private Limited,375,334.9,125587.5,2025-08-17 14:55:36.463082
2025-08-17,5211,2025081701019765,ADBL,Linch Stock Market Ltd.,Himalayan Brokerage Company Limited,100,334.9,33490.0,2025-08-17 14:55:36.463382
2025-08-17,4795,2025081701019888,ADBL,Linch Stock Market Ltd.,Nepal Stock House (PVT) Ltd.,25,334.9,8372.5,2025-08-17 14:56:12.646659
2025-08-17,4567,2025081701019969,ADBL,Cristal Kanchanjanga Securites Pvt. Ltd.,J.F. Securites (PVT) Ltd.,342,335.0,114570.0,2025-08-17 14:56:30.344580
2025-08-17,4566,2025081701019970,ADBL,Cristal Kanchanjanga Securites Pvt. Ltd.,Sani Securities Company Ltd.,196,335.0,65660.0,2025-08-17 14:56:30.344875
2025-08-17,4565,2025081701019971,ADBL,Cristal Kanchanjanga Securites Pvt. Ltd.,Naasa Securities Co. Ltd.,50,335.0,16750.0,2025-08-17 14:56:30.345016
2025-08-17,4564,2025081701019972,ADBL,Cristal Kanchanjanga Securites Pvt. Ltd.,Siprabi Securities Pvt. Ltd.,50,335.0,16750.0,2025-08-17 14:56:30.345220
2025-08-17,4563,2025081701019973,ADBL,Cristal Kanchanjanga Securites Pvt. Ltd.,Thrive Brokerage House Pvt. Ltd,20,335.0,6700.0,2025-08-17 14:56:30.345374
2025-08-17,4562,2025081701019974,ADBL,Cristal Kanchanjanga Securites Pvt. Ltd.,Linch Stock Market Ltd.,142,335.0,47570.0,2025-08-17 14:56:30.345518
2025-08-17,4557,2025081701019975,ADBL,Sani Securities Company Ltd.,Linch Stock Market Ltd.,20,335.0,6700.0,2025-08-17 14:56:30.446340
2025-08-17,4414,2025081701020008,ADBL,Linch Stock Market Ltd.,Imperial Securities Company Pvt. Ltd.,500,334.5,167250.0,2025-08-17 14:56:45.246877
2025-08-17,4413,2025081701020009,ADBL,Online Securities Pvt. Ltd.,Imperial Securities Company Pvt. Ltd.,360,334.5,120420.0,2025-08-17 14:56:45.247242
2025-08-17,4129,2025081701020086,ADBL,Linch Stock Market Ltd.,Imperial Securities Company Pvt. Ltd.,140,334.2,46788.0,2025-08-17 14:57:03.060226
2025-08-17,3386,2025081701020238,ADBL,Linch Stock Market Ltd.,Deevyaa Securities & Stock House Pvt. Ltd,92,334.2,30746.4,2025-08-17 14:57:48.723834
2025-08-17,2362,2025081701020444,ADBL,Linch Stock Market Ltd.,Thrive Brokerage House Pvt. Ltd,50,334.2,16710.0,2025-08-17 14:58:46.019495
2025-08-17,1996,2025081701020505,ADBL,Linch Stock Market Ltd.,Nepal Investment And Securities Trading Private Limited,99,334.2,33085.8,2025-08-17 14:59:04.136312
2025-08-17,1894,2025081701020533,ADBL,Aryatara Investment & Securities,Nepal Investment And Securities Trading Private Limited,951,334.5,318109.5,2025-08-17 14:59:09.802871
2025-08-17,1893,2025081701020534,ADBL,Aryatara Investment & Securities,Capital Hub P. Ltd,1000,334.5,334500.0,2025-08-17 14:59:09.803499
2025-08-17,1892,2025081701020535,ADBL,Aryatara Investment & Securities,Linch Stock Market Ltd.,38,335.0,12730.0,2025-08-17 14:59:09.803900
2025-08-17,1891,2025081701020536,ADBL,Aryatara Investment & Securities,Imperial Securities Company Pvt. Ltd.,50,335.0,16750.0,2025-08-17 14:59:09.804318
2025-08-17,1890,2025081701020537,ADBL,Aryatara Investment & Securities,Secured Securities Ltd.,500,335.0,167500.0,2025-08-17 14:59:09.804704
2025-08-17,1889,2025081701020538,ADBL,Aryatara Investment & Securities,Market Securities & Exchange (PVT) Ltd.,10,335.0,3350.0,2025-08-17 14:59:09.805090
2025-08-17,454,2025081701020816,ADBL,Aryatara Investment & Securities,Nepal Stock House (PVT) Ltd.,700,335.0,234500.0,2025-08-17 14:59:52.424893
2025-08-17,426,2025081701020820,ADBL,Aryatara Investment & Securities,Imperial Securities Company Pvt. Ltd.,500,335.0,167500.0,2025-08-17 14:59:53.132985
