Date,S.N.,contract_id,symbol,buyer_broker,seller_broker,volume,price,amount,transaction_time
2025-08-17,86488,2025081704000037,AHPC,J.F. Securites (PVT) Ltd.,Sani Securities Company Ltd.,57,297.0,16929.0,2025-08-17 11:00:31.811723
2025-08-17,86487,2025081704000038,AHPC,J.F. Securites (PVT) Ltd.,Bhrikuti Stock Broking Co. Pvt. Ltd.,43,297.0,12771.0,2025-08-17 11:00:31.811793
2025-08-17,86422,2025081704000050,AHPC,Dynamic Money Managers Securities Pvt. Ltd.,Bhrikuti Stock Broking Co. Pvt. Ltd.,257,297.0,76329.0,2025-08-17 11:00:45.680849
2025-08-17,86228,2025081704000078,AHPC,Asian Securities Private Ltd.,Bhrikuti Stock Broking Co. Pvt. Ltd.,100,298.0,29800.0,2025-08-17 11:01:36.086572
2025-08-17,86064,2025081704000097,AHPC,Dynamic Money Managers Securities Pvt. Ltd.,Creative Securities Pvt Ltd,143,297.0,42471.0,2025-08-17 11:01:57.284492
2025-08-17,86063,2025081704000098,AHPC,Aryatara Investment & Securities,Creative Securities Pvt Ltd,100,297.0,29700.0,2025-08-17 11:01:57.284643
2025-08-17,85800,2025081704000124,AHPC,Cristal Kanchanjanga Securites Pvt. Ltd.,Creative Securities Pvt Ltd,500,297.9,148950.0,2025-08-17 11:02:44.069462
2025-08-17,85485,2025081704000170,AHPC,Kohinoor Investment & Securities Pvt. Ltd.,Creative Securities Pvt Ltd,300,295.0,88500.0,2025-08-17 11:03:42.922866
2025-08-17,85425,2025081704000175,AHPC,Kohinoor Investment & Securities Pvt. Ltd.,Creative Securities Pvt Ltd,35,295.0,10325.0,2025-08-17 11:03:56.661092
2025-08-17,85383,2025081704000186,AHPC,Premier Securities Company Ltd.,Creative Securities Pvt Ltd,100,294.0,29400.0,2025-08-17 11:04:06.057419
2025-08-17,85382,2025081704000187,AHPC,Dynamic Money Managers Securities Pvt. Ltd.,Creative Securities Pvt Ltd,500,294.0,147000.0,2025-08-17 11:04:06.057502
2025-08-17,85381,2025081704000188,AHPC,Sweta Securities Private Limited,Creative Securities Pvt Ltd,1000,294.0,294000.0,2025-08-17 11:04:06.057542
2025-08-17,85293,2025081704000204,AHPC,Kumari Securities Private Limited,Creative Securities Pvt Ltd,965,295.0,284675.0,2025-08-17 11:04:22.008997
2025-08-17,84910,2025081704000258,AHPC,Sumeru Securities Pvt. Ltd.,Creative Securities Pvt Ltd,500,295.0,147500.0,2025-08-17 11:05:30.466793
2025-08-17,84909,2025081704000259,AHPC,J.F. Securites (PVT) Ltd.,Creative Securities Pvt Ltd,100,295.0,29500.0,2025-08-17 11:05:30.466881
2025-08-17,84748,2025081704000295,AHPC,Dynamic Money Managers Securities Pvt. Ltd.,Creative Securities Pvt Ltd,150,296.8,44520.0,2025-08-17 11:06:04.850186
2025-08-17,84453,2025081704000349,AHPC,Sani Securities Company Ltd.,Deevyaa Securities & Stock House Pvt. Ltd,100,295.0,29500.0,2025-08-17 11:06:43.933817
2025-08-17,84452,2025081704000350,AHPC,Prabhu Stock Market Limited,Deevyaa Securities & Stock House Pvt. Ltd,4900,295.0,1445500.0,2025-08-17 11:06:43.933907
2025-08-17,83880,2025081704000450,AHPC,Prabhu Stock Market Limited,Primo Securities (PVT) Ltd.,10,296.0,2960.0,2025-08-17 11:08:24.254463
2025-08-17,83463,2025081704000522,AHPC,Prabhu Stock Market Limited,Linch Stock Market Ltd.,339,296.0,100344.0,2025-08-17 11:09:39.397190
2025-08-17,83260,2025081704000560,AHPC,Dipshikha Dhitopatra Karobar Co. Pvt Ltd.,Stoxkarts Securities Limited,78,296.0,23088.0,2025-08-17 11:10:10.301222
2025-08-17,83256,2025081704000563,AHPC,Naasa Securities Co. Ltd.,Creative Securities Pvt Ltd,1000,295.1,295100.0,2025-08-17 11:10:11.053664
2025-08-17,82701,2025081704000656,AHPC,J.F. Securites (PVT) Ltd.,Creative Securities Pvt Ltd,78,295.1,23017.8,2025-08-17 11:11:48.107816
2025-08-17,82629,2025081704000671,AHPC,Sumeru Securities Pvt. Ltd.,Imperial Securities Company Pvt. Ltd.,50,295.0,14750.0,2025-08-17 11:12:00.505301
2025-08-17,82573,2025081704000687,AHPC,Dipshikha Dhitopatra Karobar Co. Pvt Ltd.,Imperial Securities Company Pvt. Ltd.,66,295.0,19470.0,2025-08-17 11:12:14.213334
2025-08-17,82477,2025081704000700,AHPC,Kalika Securities Pvt. Ltd.,Stoxkarts Securities Limited,222,296.0,65712.0,2025-08-17 11:12:29.296063
2025-08-17,82311,2025081704000739,AHPC,Kalika Securities Pvt. Ltd.,Aakashbhairab Securities Ltd.,278,296.0,82288.0,2025-08-17 11:12:53.439983
2025-08-17,81880,2025081704000823,AHPC,Dakshinkali Investment & Securities Pvt. Ltd.,Aakashbhairab Securities Ltd.,1722,296.0,509712.0,2025-08-17 11:14:10.172256
2025-08-17,81879,2025081704000824,AHPC,Dakshinkali Investment & Securities Pvt. Ltd.,Trisul Securities & Invt. Ltd.,60,296.0,17760.0,2025-08-17 11:14:10.172432
2025-08-17,81747,2025081704000842,AHPC,Dakshinkali Investment & Securities Pvt. Ltd.,Sweta Securities Private Limited,100,296.0,29600.0,2025-08-17 11:14:34.862503
2025-08-17,81505,2025081704000894,AHPC,Naasa Securities Co. Ltd.,Nepal Investment And Securities Trading Private Limited,3,297.0,891.0,2025-08-17 11:15:17.166394
2025-08-17,81286,2025081704000953,AHPC,Dakshinkali Investment & Securities Pvt. Ltd.,Oxford Securities Pvt. Ltd.,118,296.0,34928.0,2025-08-17 11:15:53.231502
2025-08-17,81285,2025081704000954,AHPC,Asian Securities Private Ltd.,Oxford Securities Pvt. Ltd.,232,296.0,68672.0,2025-08-17 11:15:53.231791
2025-08-17,81219,2025081704000969,AHPC,Nepal Investment And Securities Trading Private Limited,Creative Securities Pvt Ltd,500,296.1,148050.0,2025-08-17 11:16:04.908835
2025-08-17,81218,2025081704000970,AHPC,Asian Securities Private Ltd.,Creative Securities Pvt Ltd,268,296.0,79328.0,2025-08-17 11:16:04.909017
2025-08-17,81142,2025081704000994,AHPC,Kalika Securities Pvt. Ltd.,Siprabi Securities Pvt. Ltd.,200,296.4,59280.0,2025-08-17 11:16:15.251146
2025-08-17,81119,2025081704000997,AHPC,Kalika Securities Pvt. Ltd.,Deevyaa Securities & Stock House Pvt. Ltd,200,296.4,59280.0,2025-08-17 11:16:18.072947
2025-08-17,81118,2025081704000998,AHPC,Asian Securities Private Ltd.,Deevyaa Securities & Stock House Pvt. Ltd,500,296.0,148000.0,2025-08-17 11:16:18.073237
2025-08-17,81078,2025081704000999,AHPC,Dipshikha Dhitopatra Karobar Co. Pvt Ltd.,Deevyaa Securities & Stock House Pvt. Ltd,300,296.0,88800.0,2025-08-17 11:16:22.581175
2025-08-17,81048,2025081704001002,AHPC,Dipshikha Dhitopatra Karobar Co. Pvt Ltd.,Sajilo Broker Limited,100,296.4,29640.0,2025-08-17 11:16:26.510760
2025-08-17,81047,2025081704001003,AHPC,Online Securities Pvt. Ltd.,Sajilo Broker Limited,500,295.3,147650.0,2025-08-17 11:16:26.510812
2025-08-17,81046,2025081704001004,AHPC,Sewa Securities Pvt. Ltd.,Sajilo Broker Limited,100,295.3,29530.0,2025-08-17 11:16:26.510838
2025-08-17,81045,2025081704001005,AHPC,Garima Securities Limited,Sajilo Broker Limited,100,295.2,29520.0,2025-08-17 11:16:26.510861
2025-08-17,81044,2025081704001006,AHPC,Imperial Securities Company Pvt. Ltd.,Sajilo Broker Limited,200,295.1,59020.0,2025-08-17 11:16:26.510884
2025-08-17,80800,2025081704001056,AHPC,Naasa Securities Co. Ltd.,Dynamic Money Managers Securities Pvt. Ltd.,10,296.7,2967.0,2025-08-17 11:17:15.126776
2025-08-17,80717,2025081704001080,AHPC,Sagarmatha Securities Private Limited,Aakashbhairab Securities Ltd.,30,296.0,8880.0,2025-08-17 11:17:31.925893
2025-08-17,80235,2025081704001147,AHPC,Kumari Securities Private Limited,Aakashbhairab Securities Ltd.,1970,296.0,583120.0,2025-08-17 11:18:45.219634
2025-08-17,80053,2025081704001188,AHPC,Midas Stock Broking Company Private Limited,Deevyaa Securities & Stock House Pvt. Ltd,160,295.5,47280.0,2025-08-17 11:19:19.219676
2025-08-17,80052,2025081704001189,AHPC,Imperial Securities Company Pvt. Ltd.,Deevyaa Securities & Stock House Pvt. Ltd,300,295.1,88530.0,2025-08-17 11:19:19.219875
2025-08-17,80051,2025081704001190,AHPC,Trisul Securities & Invt. Ltd.,Deevyaa Securities & Stock House Pvt. Ltd,500,295.1,147550.0,2025-08-17 11:19:19.219942
2025-08-17,80050,2025081704001191,AHPC,Kumari Securities Private Limited,Deevyaa Securities & Stock House Pvt. Ltd,990,295.1,292149.0,2025-08-17 11:19:19.220004
2025-08-17,80049,2025081704001192,AHPC,Vision Securities Pvt. Ltd,Deevyaa Securities & Stock House Pvt. Ltd,500,295.0,147500.0,2025-08-17 11:19:19.220065
2025-08-17,80048,2025081704001193,AHPC,Kohinoor Investment & Securities Pvt. Ltd.,Deevyaa Securities & Stock House Pvt. Ltd,26,295.0,7670.0,2025-08-17 11:19:19.220126
2025-08-17,80047,2025081704001194,AHPC,Asian Securities Private Ltd.,Deevyaa Securities & Stock House Pvt. Ltd,500,295.0,147500.0,2025-08-17 11:19:19.220185
2025-08-17,80046,2025081704001195,AHPC,Sewa Securities Pvt. Ltd.,Deevyaa Securities & Stock House Pvt. Ltd,714,295.0,210630.0,2025-08-17 11:19:19.220246
2025-08-17,79778,2025081704001234,AHPC,Kumari Securities Private Limited,Stoxkarts Securities Limited,700,296.0,207200.0,2025-08-17 11:19:55.604175
2025-08-17,79777,2025081704001235,AHPC,Kumari Securities Private Limited,Dynamic Money Managers Securities Pvt. Ltd.,290,296.7,86043.0,2025-08-17 11:19:55.604375
2025-08-17,79231,2025081704001315,AHPC,Vision Securities Pvt. Ltd,Dynamic Money Managers Securities Pvt. Ltd.,700,296.7,207690.0,2025-08-17 11:21:09.245962
2025-08-17,79152,2025081704001324,AHPC,Asian Securities Private Ltd.,Creative Securities Pvt Ltd,700,296.8,207760.0,2025-08-17 11:21:19.394284
2025-08-17,78922,2025081704001366,AHPC,Vision Securities Pvt. Ltd,Creative Securities Pvt Ltd,150,296.8,44520.0,2025-08-17 11:22:00.921796
2025-08-17,78921,2025081704001367,AHPC,Vision Securities Pvt. Ltd,Creative Securities Pvt Ltd,850,296.9,252365.0,2025-08-17 11:22:00.922009
2025-08-17,78823,2025081704001379,AHPC,Asian Securities Private Ltd.,Creative Securities Pvt Ltd,150,296.9,44535.0,2025-08-17 11:22:18.673712
2025-08-17,78779,2025081704001390,AHPC,Asian Securities Private Ltd.,Sani Securities Company Ltd.,70,297.0,20790.0,2025-08-17 11:22:27.772496
2025-08-17,78778,2025081704001391,AHPC,Asian Securities Private Ltd.,Investment Management Nepal Pvt. Ltd.,80,297.0,23760.0,2025-08-17 11:22:27.772644
2025-08-17,78140,2025081704001523,AHPC,Midas Stock Broking Company Private Limited,Capital Max Securities Ltd,500,296.9,148450.0,2025-08-17 11:24:16.954364
2025-08-17,77755,2025081704001583,AHPC,Naasa Securities Co. Ltd.,Investment Management Nepal Pvt. Ltd.,10,297.0,2970.0,2025-08-17 11:25:17.281811
2025-08-17,77684,2025081704001587,AHPC,Opal Securities Investment (PVT) Ltd.,Investment Management Nepal Pvt. Ltd.,910,297.0,270270.0,2025-08-17 11:25:29.061605
2025-08-17,77683,2025081704001588,AHPC,Opal Securities Investment (PVT) Ltd.,Aakashbhairab Securities Ltd.,90,297.0,26730.0,2025-08-17 11:25:29.061931
2025-08-17,77007,2025081704001702,AHPC,Midas Stock Broking Company Private Limited,Aakashbhairab Securities Ltd.,1000,297.0,297000.0,2025-08-17 11:27:03.666309
2025-08-17,76767,2025081704001742,AHPC,ABC Securities Private Limited,Aakashbhairab Securities Ltd.,100,297.0,29700.0,2025-08-17 11:27:46.256206
2025-08-17,76207,2025081704001873,AHPC,ABC Securities Private Limited,Kohinoor Investment & Securities Pvt. Ltd.,100,296.8,29680.0,2025-08-17 11:29:12.688415
2025-08-17,75929,2025081704001925,AHPC,Kohinoor Investment & Securities Pvt. Ltd.,Kohinoor Investment & Securities Pvt. Ltd.,100,296.6,29660.0,2025-08-17 11:29:50.843875
2025-08-17,75777,2025081704001951,AHPC,ABC Securities Private Limited,Creative Securities Pvt Ltd,100,296.5,29650.0,2025-08-17 11:30:13.354340
2025-08-17,75776,2025081704001952,AHPC,Naasa Securities Co. Ltd.,Creative Securities Pvt Ltd,50,296.5,14825.0,2025-08-17 11:30:13.354697
2025-08-17,75775,2025081704001953,AHPC,Agrawal Securities (PVT) Ltd.,Creative Securities Pvt Ltd,50,296.5,14825.0,2025-08-17 11:30:13.354941
2025-08-17,75662,2025081704001968,AHPC,Agrawal Securities (PVT) Ltd.,Aryatara Investment & Securities,19,296.5,5633.5,2025-08-17 11:30:28.719734
2025-08-17,75303,2025081704002013,AHPC,Premier Securities Company Ltd.,Dynamic Money Managers Securities Pvt. Ltd.,1000,296.6,296600.0,2025-08-17 11:31:15.042868
2025-08-17,75160,2025081704002039,AHPC,Secured Securities Ltd.,Cristal Kanchanjanga Securites Pvt. Ltd.,300,296.7,89010.0,2025-08-17 11:31:37.108114
2025-08-17,75159,2025081704002040,AHPC,Premier Securities Company Ltd.,Cristal Kanchanjanga Securites Pvt. Ltd.,1000,296.6,296600.0,2025-08-17 11:31:37.108460
2025-08-17,74752,2025081704002106,AHPC,Agrawal Securities (PVT) Ltd.,Sundhara Securities Limited,21,296.5,6226.5,2025-08-17 11:32:37.561372
2025-08-17,74751,2025081704002107,AHPC,Global IME Securities Limited,Sundhara Securities Limited,50,296.5,14825.0,2025-08-17 11:32:37.561636
2025-08-17,74750,2025081704002108,AHPC,Siprabi Securities Pvt. Ltd.,Sundhara Securities Limited,50,296.5,14825.0,2025-08-17 11:32:37.561775
2025-08-17,74749,2025081704002109,AHPC,Linch Stock Market Ltd.,Sundhara Securities Limited,200,296.2,59240.0,2025-08-17 11:32:37.561869
2025-08-17,74748,2025081704002110,AHPC,ABC Securities Private Limited,Sundhara Securities Limited,500,296.1,148050.0,2025-08-17 11:32:37.561949
2025-08-17,74747,2025081704002111,AHPC,Thrive Brokerage House Pvt. Ltd,Sundhara Securities Limited,239,296.0,70744.0,2025-08-17 11:32:37.562051
2025-08-17,74349,2025081704002200,AHPC,Thrive Brokerage House Pvt. Ltd,Shree Krishna Securities Ltd.,261,296.0,77256.0,2025-08-17 11:33:46.213359
2025-08-17,74348,2025081704002201,AHPC,Asian Securities Private Ltd.,Shree Krishna Securities Ltd.,50,296.0,14800.0,2025-08-17 11:33:46.213542
2025-08-17,74347,2025081704002202,AHPC,Online Securities Pvt. Ltd.,Shree Krishna Securities Ltd.,200,296.0,59200.0,2025-08-17 11:33:46.213630
2025-08-17,73539,2025081704002363,AHPC,Investment Management Nepal Pvt. Ltd.,Premier Securities Company Ltd.,200,295.9,59180.0,2025-08-17 11:35:55.866644
2025-08-17,72754,2025081704002516,AHPC,Opal Securities Investment (PVT) Ltd.,Premier Securities Company Ltd.,100,295.9,29590.0,2025-08-17 11:37:52.844547
2025-08-17,72753,2025081704002517,AHPC,Opal Securities Investment (PVT) Ltd.,K.B.L. Securities Limited ,10,296.0,2960.0,2025-08-17 11:37:52.844762
2025-08-17,72752,2025081704002518,AHPC,Opal Securities Investment (PVT) Ltd.,Kumari Securities Private Limited,390,296.0,115440.0,2025-08-17 11:37:52.844845
2025-08-17,72650,2025081704002536,AHPC,Opal Securities Investment (PVT) Ltd.,Kumari Securities Private Limited,250,296.0,74000.0,2025-08-17 11:38:10.924448
2025-08-17,72201,2025081704002631,AHPC,Imperial Securities Company Pvt. Ltd.,Sweta Securities Private Limited,500,295.5,147750.0,2025-08-17 11:39:18.175827
2025-08-17,72200,2025081704002632,AHPC,Sani Securities Company Ltd.,Sweta Securities Private Limited,3000,295.5,886500.0,2025-08-17 11:39:18.176217
2025-08-17,71834,2025081704002714,AHPC,Asian Securities Private Ltd.,Kumari Securities Private Limited,500,296.0,148000.0,2025-08-17 11:40:25.989539
2025-08-17,71750,2025081704002734,AHPC,Deevyaa Securities & Stock House Pvt. Ltd,Sweta Securities Private Limited,500,295.4,147700.0,2025-08-17 11:40:42.743641
2025-08-17,71749,2025081704002735,AHPC,Nabil Stock Dealer Ltd.,Sweta Securities Private Limited,10,295.4,2954.0,2025-08-17 11:40:42.744016
2025-08-17,71748,2025081704002736,AHPC,Sani Securities Company Ltd.,Sweta Securities Private Limited,435,295.3,128455.5,2025-08-17 11:40:42.744272
2025-08-17,71646,2025081704002754,AHPC,Trishakti Securities Public Limited,Sweta Securities Private Limited,100,295.2,29520.0,2025-08-17 11:41:01.877347
2025-08-17,71645,2025081704002755,AHPC,Trisul Securities & Invt. Ltd.,Sweta Securities Private Limited,100,295.1,29510.0,2025-08-17 11:41:01.877594
2025-08-17,71644,2025081704002756,AHPC,Secured Securities Ltd.,Sweta Securities Private Limited,500,295.1,147550.0,2025-08-17 11:41:01.877683
2025-08-17,71643,2025081704002757,AHPC,Sani Securities Company Ltd.,Sweta Securities Private Limited,3000,295.1,885300.0,2025-08-17 11:41:01.877761
2025-08-17,71642,2025081704002758,AHPC,Aryatara Investment & Securities,Sweta Securities Private Limited,506,295.1,149320.6,2025-08-17 11:41:01.877846
2025-08-17,71641,2025081704002759,AHPC,Sewa Securities Pvt. Ltd.,Sweta Securities Private Limited,2286,295.0,674370.0,2025-08-17 11:41:01.877922
2025-08-17,71293,2025081704002822,AHPC,Opal Securities Investment (PVT) Ltd.,Midas Stock Broking Company Private Limited,400,295.2,118080.0,2025-08-17 11:42:06.254058
2025-08-17,71272,2025081704002826,AHPC,Sanima Securities Limited,INDEX SECURITIES LIMITED,18,295.1,5311.8,2025-08-17 11:42:10.644513
2025-08-17,71271,2025081704002827,AHPC,Sani Securities Company Ltd.,INDEX SECURITIES LIMITED,23,295.1,6787.3,2025-08-17 11:42:10.644736
2025-08-17,71192,2025081704002840,AHPC,S.P.S.A. Securities Limited,Sweta Securities Private Limited,12,295.3,3543.6,2025-08-17 11:42:28.385445
2025-08-17,71189,2025081704002841,AHPC,Opal Securities Investment (PVT) Ltd.,Sweta Securities Private Limited,275,295.3,81207.5,2025-08-17 11:42:29.349916
2025-08-17,71101,2025081704002874,AHPC,Investment Management Nepal Pvt. Ltd.,Sweta Securities Private Limited,168,295.3,49610.4,2025-08-17 11:42:43.545068
2025-08-17,71100,2025081704002875,AHPC,Investment Management Nepal Pvt. Ltd.,Kumari Securities Private Limited,332,296.0,98272.0,2025-08-17 11:42:43.545179
2025-08-17,70925,2025081704002899,AHPC,Opal Securities Investment (PVT) Ltd.,Kumari Securities Private Limited,200,296.0,59200.0,2025-08-17 11:43:15.617684
2025-08-17,70779,2025081704002934,AHPC,Opal Securities Investment (PVT) Ltd.,Kumari Securities Private Limited,200,296.0,59200.0,2025-08-17 11:43:46.777593
2025-08-17,70493,2025081704002983,AHPC,Opal Securities Investment (PVT) Ltd.,Kumari Securities Private Limited,200,296.0,59200.0,2025-08-17 11:44:38.086624
2025-08-17,70248,2025081704003022,AHPC,Opal Securities Investment (PVT) Ltd.,Kumari Securities Private Limited,100,296.0,29600.0,2025-08-17 11:45:29.377073
2025-08-17,70207,2025081704003034,AHPC,Sani Securities Company Ltd.,Kumari Securities Private Limited,828,296.0,245088.0,2025-08-17 11:45:34.562388
2025-08-17,69446,2025081704003149,AHPC,Sri Hari Securities Pvt. Ltd.,Nepal Investment And Securities Trading Private Limited,20,296.9,5938.0,2025-08-17 11:48:07.928958
2025-08-17,69355,2025081704003163,AHPC,J.F. Securites (PVT) Ltd.,Opal Securities Investment (PVT) Ltd.,100,296.0,29600.0,2025-08-17 11:48:22.204537
2025-08-17,68873,2025081704003210,AHPC,Midas Stock Broking Company Private Limited,Nepal Investment And Securities Trading Private Limited,50,296.9,14845.0,2025-08-17 11:49:54.575214
2025-08-17,68672,2025081704003234,AHPC,Opal Securities Investment (PVT) Ltd.,Nepal Investment And Securities Trading Private Limited,85,296.9,25236.5,2025-08-17 11:50:30.851276
2025-08-17,68507,2025081704003248,AHPC,Siprabi Securities Pvt. Ltd.,Trishakti Securities Public Limited,20,296.8,5936.0,2025-08-17 11:51:07.792364
2025-08-17,68506,2025081704003249,AHPC,Siprabi Securities Pvt. Ltd.,Nepal Investment And Securities Trading Private Limited,30,296.9,8907.0,2025-08-17 11:51:07.792631
2025-08-17,68014,2025081704003337,AHPC,Sani Securities Company Ltd.,Online Securities Pvt. Ltd.,428,296.0,126688.0,2025-08-17 11:52:35.175574
2025-08-17,67902,2025081704003375,AHPC,Dipshikha Dhitopatra Karobar Co. Pvt Ltd.,Nepal Investment And Securities Trading Private Limited,110,296.9,32659.0,2025-08-17 11:52:50.802468
2025-08-17,67773,2025081704003402,AHPC,Naasa Securities Co. Ltd.,Aakashbhairab Securities Ltd.,10,297.0,2970.0,2025-08-17 11:53:15.242215
2025-08-17,67652,2025081704003437,AHPC,Online Securities Pvt. Ltd.,Aakashbhairab Securities Ltd.,10,297.0,2970.0,2025-08-17 11:53:32.778647
2025-08-17,67534,2025081704003450,AHPC,Arun Securities (PVT) Ltd.,Aakashbhairab Securities Ltd.,30,297.0,8910.0,2025-08-17 11:53:52.992130
2025-08-17,67443,2025081704003458,AHPC,Aakashbhairab Securities Ltd.,Aakashbhairab Securities Ltd.,2000,296.1,592200.0,2025-08-17 11:54:05.706069
2025-08-17,67442,2025081704003459,AHPC,Sani Securities Company Ltd.,Aakashbhairab Securities Ltd.,2549,296.0,754504.0,2025-08-17 11:54:05.706562
2025-08-17,67441,2025081704003460,AHPC,Thrive Brokerage House Pvt. Ltd,Aakashbhairab Securities Ltd.,305,296.0,90280.0,2025-08-17 11:54:05.706851
2025-08-17,67440,2025081704003461,AHPC,Sewa Securities Pvt. Ltd.,Aakashbhairab Securities Ltd.,146,296.0,43216.0,2025-08-17 11:54:05.707145
2025-08-17,67289,2025081704003472,AHPC,Sewa Securities Pvt. Ltd.,Premier Securities Company Ltd.,354,296.0,104784.0,2025-08-17 11:54:39.689533
2025-08-17,67286,2025081704003473,AHPC,Naasa Securities Co. Ltd.,Premier Securities Company Ltd.,10,296.0,2960.0,2025-08-17 11:54:41.229544
2025-08-17,66907,2025081704003555,AHPC,Investment Management Nepal Pvt. Ltd.,Premier Securities Company Ltd.,136,296.0,40256.0,2025-08-17 11:55:53.571361
2025-08-17,66906,2025081704003556,AHPC,Investment Management Nepal Pvt. Ltd.,Aakashbhairab Securities Ltd.,364,297.0,108108.0,2025-08-17 11:55:53.571464
2025-08-17,66629,2025081704003614,AHPC,Linch Stock Market Ltd.,N.M.B. SECURITIES LIMITED,293,295.7,86640.1,2025-08-17 11:56:40.889929
2025-08-17,64903,2025081704003876,AHPC,Naasa Securities Co. Ltd.,Aakashbhairab Securities Ltd.,1000,296.0,296000.0,2025-08-17 12:01:56.934211
2025-08-17,64427,2025081704003961,AHPC,Sani Securities Company Ltd.,Premier Securities Company Ltd.,50,296.9,14845.0,2025-08-17 12:03:28.657597
2025-08-17,63703,2025081704004059,AHPC,Thrive Brokerage House Pvt. Ltd,Shree Krishna Securities Ltd.,100,296.0,29600.0,2025-08-17 12:05:35.218149
2025-08-17,63702,2025081704004060,AHPC,Dipshikha Dhitopatra Karobar Co. Pvt Ltd.,Shree Krishna Securities Ltd.,30,296.0,8880.0,2025-08-17 12:05:35.218506
2025-08-17,63701,2025081704004061,AHPC,Dipshikha Dhitopatra Karobar Co. Pvt Ltd.,Shree Krishna Securities Ltd.,100,295.5,29550.0,2025-08-17 12:05:35.218621
2025-08-17,63700,2025081704004062,AHPC,Aakashbhairab Securities Ltd.,Shree Krishna Securities Ltd.,900,295.5,265950.0,2025-08-17 12:05:35.218723
2025-08-17,63620,2025081704004072,AHPC,Kalika Securities Pvt. Ltd.,Shree Krishna Securities Ltd.,11,295.5,3250.5,2025-08-17 12:05:52.962080
2025-08-17,63393,2025081704004098,AHPC,Bhrikuti Stock Broking Co. Pvt. Ltd.,South Asian Bulls Pvt. Ltd.,24,295.4,7089.6,2025-08-17 12:06:38.917883
2025-08-17,63097,2025081704004188,AHPC,South Asian Bulls Pvt. Ltd.,Capital Max Securities Ltd,314,295.3,92724.2,2025-08-17 12:07:42.068649
2025-08-17,62951,2025081704004211,AHPC,K.B.L. Securities Limited ,Siprabi Securities Pvt. Ltd.,41,296.0,12136.0,2025-08-17 12:08:07.940294
2025-08-17,62950,2025081704004212,AHPC,K.B.L. Securities Limited ,Premier Securities Company Ltd.,59,296.9,17517.1,2025-08-17 12:08:07.940803
2025-08-17,62619,2025081704004264,AHPC,Kalika Securities Pvt. Ltd.,Premier Securities Company Ltd.,391,296.9,116087.9,2025-08-17 12:09:03.933027
2025-08-17,62618,2025081704004265,AHPC,Kalika Securities Pvt. Ltd.,Dakshinkali Investment & Securities Pvt. Ltd.,37,296.9,10985.3,2025-08-17 12:09:03.933351
2025-08-17,62258,2025081704004329,AHPC,Primo Securities (PVT) Ltd.,Naasa Securities Co. Ltd.,10,295.4,2954.0,2025-08-17 12:10:10.574407
2025-08-17,62257,2025081704004330,AHPC,Nabil Stock Dealer Ltd.,Naasa Securities Co. Ltd.,10,295.4,2954.0,2025-08-17 12:10:10.574696
2025-08-17,62060,2025081704004378,AHPC,South Asian Bulls Pvt. Ltd.,Aakashbhairab Securities Ltd.,1686,295.3,497875.8,2025-08-17 12:10:40.291111
2025-08-17,62059,2025081704004379,AHPC,Linch Stock Market Ltd.,Aakashbhairab Securities Ltd.,3314,295.2,978292.8,2025-08-17 12:10:40.291464
2025-08-17,61453,2025081704004453,AHPC,Linch Stock Market Ltd.,Agrawal Securities (PVT) Ltd.,186,295.2,54907.2,2025-08-17 12:12:25.313359
2025-08-17,61452,2025081704004454,AHPC,Global IME Securities Limited,Agrawal Securities (PVT) Ltd.,100,295.2,29520.0,2025-08-17 12:12:25.313625
2025-08-17,61451,2025081704004455,AHPC,Vision Securities Pvt. Ltd,Agrawal Securities (PVT) Ltd.,1000,295.1,295100.0,2025-08-17 12:12:25.313781
2025-08-17,61450,2025081704004456,AHPC,J.F. Securites (PVT) Ltd.,Agrawal Securities (PVT) Ltd.,100,295.0,29500.0,2025-08-17 12:12:25.313930
2025-08-17,61449,2025081704004457,AHPC,Sani Securities Company Ltd.,Agrawal Securities (PVT) Ltd.,10,295.0,2950.0,2025-08-17 12:12:25.314104
2025-08-17,61448,2025081704004458,AHPC,Asian Securities Private Ltd.,Agrawal Securities (PVT) Ltd.,200,295.0,59000.0,2025-08-17 12:12:25.314247
2025-08-17,61447,2025081704004459,AHPC,South Asian Bulls Pvt. Ltd.,Agrawal Securities (PVT) Ltd.,508,295.0,149860.0,2025-08-17 12:12:25.314370
2025-08-17,61446,2025081704004460,AHPC,Global IME Securities Limited,Agrawal Securities (PVT) Ltd.,10,295.0,2950.0,2025-08-17 12:12:25.314509
2025-08-17,61445,2025081704004461,AHPC,Opal Securities Investment (PVT) Ltd.,Agrawal Securities (PVT) Ltd.,1000,295.0,295000.0,2025-08-17 12:12:25.314661
2025-08-17,61444,2025081704004462,AHPC,Sumeru Securities Pvt. Ltd.,Agrawal Securities (PVT) Ltd.,1000,295.0,295000.0,2025-08-17 12:12:25.314796
2025-08-17,61443,2025081704004463,AHPC,Swarna Laxmi Securities Pvt. Ltd.,Agrawal Securities (PVT) Ltd.,100,295.0,29500.0,2025-08-17 12:12:25.314900
2025-08-17,61442,2025081704004464,AHPC,Sewa Securities Pvt. Ltd.,Agrawal Securities (PVT) Ltd.,100,295.0,29500.0,2025-08-17 12:12:25.315003
2025-08-17,61441,2025081704004465,AHPC,Sani Securities Company Ltd.,Agrawal Securities (PVT) Ltd.,1500,295.0,442500.0,2025-08-17 12:12:25.315139
2025-08-17,61440,2025081704004466,AHPC,Nabil Stock Dealer Ltd.,Agrawal Securities (PVT) Ltd.,10,295.0,2950.0,2025-08-17 12:12:25.315308
2025-08-17,61439,2025081704004467,AHPC,Nepal Investment And Securities Trading Private Limited,Agrawal Securities (PVT) Ltd.,53,295.0,15635.0,2025-08-17 12:12:25.315473
2025-08-17,61438,2025081704004468,AHPC,Kalika Securities Pvt. Ltd.,Agrawal Securities (PVT) Ltd.,90,295.0,26550.0,2025-08-17 12:12:25.315628
2025-08-17,61437,2025081704004469,AHPC,Agrawal Securities (PVT) Ltd.,Agrawal Securities (PVT) Ltd.,33,295.0,9735.0,2025-08-17 12:12:25.315783
2025-08-17,61434,2025081704004471,AHPC,Kalika Securities Pvt. Ltd.,Dakshinkali Investment & Securities Pvt. Ltd.,300,296.9,89070.0,2025-08-17 12:12:26.476398
2025-08-17,61196,2025081704004547,AHPC,Kalika Securities Pvt. Ltd.,Aryatara Investment & Securities,109,296.5,32318.5,2025-08-17 12:13:14.005612
2025-08-17,61070,2025081704004573,AHPC,Kalika Securities Pvt. Ltd.,Secured Securities Ltd.,32,296.5,9488.0,2025-08-17 12:13:39.511033
2025-08-17,60578,2025081704004652,AHPC,Agrawal Securities (PVT) Ltd.,Secured Securities Ltd.,967,295.0,285265.0,2025-08-17 12:14:49.580825
2025-08-17,60577,2025081704004653,AHPC,SUN SECURITIES PVT LTD,Secured Securities Ltd.,500,295.0,147500.0,2025-08-17 12:14:49.581060
2025-08-17,60554,2025081704004654,AHPC,Trisul Securities & Invt. Ltd.,Secured Securities Ltd.,501,295.0,147795.0,2025-08-17 12:14:55.627936
2025-08-17,57505,2025081704005197,AHPC,Nepal Investment And Securities Trading Private Limited,Naasa Securities Co. Ltd.,5,290.0,1450.0,2025-08-17 12:23:33.850963
2025-08-17,57408,2025081704005210,AHPC,Asian Securities Private Ltd.,SUN SECURITIES PVT LTD,123,294.9,36272.7,2025-08-17 12:23:51.764793
2025-08-17,57407,2025081704005211,AHPC,Vision Securities Pvt. Ltd,SUN SECURITIES PVT LTD,377,294.5,111026.5,2025-08-17 12:23:51.765347
2025-08-17,56796,2025081704005331,AHPC,Vision Securities Pvt. Ltd,Nepal Investment And Securities Trading Private Limited,123,294.5,36223.5,2025-08-17 12:25:45.552800
2025-08-17,56795,2025081704005332,AHPC,Sani Securities Company Ltd.,Nepal Investment And Securities Trading Private Limited,77,294.5,22676.5,2025-08-17 12:25:45.553301
2025-08-17,54921,2025081704005703,AHPC,Sani Securities Company Ltd.,Sri Hari Securities Pvt. Ltd.,1000,295.0,295000.0,2025-08-17 12:32:09.734875
2025-08-17,54743,2025081704005730,AHPC,Dipshikha Dhitopatra Karobar Co. Pvt Ltd.,Imperial Securities Company Pvt. Ltd.,20,295.1,5902.0,2025-08-17 12:32:43.322031
2025-08-17,54010,2025081704005832,AHPC,Dipshikha Dhitopatra Karobar Co. Pvt Ltd.,Sri Hari Securities Pvt. Ltd.,580,295.1,171158.0,2025-08-17 12:35:19.092116
2025-08-17,54009,2025081704005833,AHPC,Capital Max Securities Ltd,Sri Hari Securities Pvt. Ltd.,100,295.0,29500.0,2025-08-17 12:35:19.092708
2025-08-17,54008,2025081704005834,AHPC,Sani Securities Company Ltd.,Sri Hari Securities Pvt. Ltd.,828,295.0,244260.0,2025-08-17 12:35:19.093080
2025-08-17,53779,2025081704005893,AHPC,Online Securities Pvt. Ltd.,Pragyan Securities (PVT) Ltd.,100,295.8,29580.0,2025-08-17 12:36:06.279777
2025-08-17,53690,2025081704005905,AHPC,Sani Securities Company Ltd.,Sri Hari Securities Pvt. Ltd.,612,295.0,180540.0,2025-08-17 12:36:29.664624
2025-08-17,53464,2025081704005960,AHPC,Online Securities Pvt. Ltd.,Market Securities & Exchange (PVT) Ltd.,340,295.8,100572.0,2025-08-17 12:37:20.955361
2025-08-17,53067,2025081704006057,AHPC,Sani Securities Company Ltd.,Market Securities & Exchange (PVT) Ltd.,160,295.8,47328.0,2025-08-17 12:38:45.945816
2025-08-17,53066,2025081704006058,AHPC,Sani Securities Company Ltd.,Premier Securities Company Ltd.,540,296.0,159840.0,2025-08-17 12:38:45.946114
2025-08-17,53025,2025081704006059,AHPC,Nepal Stock House (PVT) Ltd.,Premier Securities Company Ltd.,47,296.0,13912.0,2025-08-17 12:38:52.382334
2025-08-17,53024,2025081704006060,AHPC,Nepal Stock House (PVT) Ltd.,Asian Securities Private Ltd.,500,296.0,148000.0,2025-08-17 12:38:52.382713
2025-08-17,53023,2025081704006061,AHPC,Nepal Stock House (PVT) Ltd.,Asian Securities Private Ltd.,250,296.0,74000.0,2025-08-17 12:38:52.382848
2025-08-17,53022,2025081704006062,AHPC,Nepal Stock House (PVT) Ltd.,Aryatara Investment & Securities,203,296.0,60088.0,2025-08-17 12:38:52.382970
2025-08-17,52672,2025081704006131,AHPC,Dipshikha Dhitopatra Karobar Co. Pvt Ltd.,Aryatara Investment & Securities,100,296.0,29600.0,2025-08-17 12:40:07.648414
2025-08-17,52623,2025081704006136,AHPC,Trishakti Securities Public Limited,Sri Hari Securities Pvt. Ltd.,100,295.6,29560.0,2025-08-17 12:40:19.603255
2025-08-17,52345,2025081704006182,AHPC,Investment Management Nepal Pvt. Ltd.,Sri Hari Securities Pvt. Ltd.,226,295.6,66805.6,2025-08-17 12:41:28.449308
2025-08-17,52273,2025081704006201,AHPC,Naasa Securities Co. Ltd.,Aryatara Investment & Securities,10,296.0,2960.0,2025-08-17 12:41:46.072189
2025-08-17,52211,2025081704006213,AHPC,ABC Securities Private Limited,Aryatara Investment & Securities,200,296.0,59200.0,2025-08-17 12:42:04.149025
2025-08-17,52121,2025081704006232,AHPC,Investment Management Nepal Pvt. Ltd.,Premier Securities Company Ltd.,500,295.4,147700.0,2025-08-17 12:42:27.580716
2025-08-17,52041,2025081704006245,AHPC,Sani Securities Company Ltd.,Sani Securities Company Ltd.,800,295.7,236560.0,2025-08-17 12:42:51.798735
2025-08-17,51977,2025081704006258,AHPC,Dipshikha Dhitopatra Karobar Co. Pvt Ltd.,Aryatara Investment & Securities,10,296.0,2960.0,2025-08-17 12:43:10.744377
2025-08-17,51703,2025081704006329,AHPC,Online Securities Pvt. Ltd.,Aryatara Investment & Securities,76,296.0,22496.0,2025-08-17 12:44:28.775482
2025-08-17,51702,2025081704006330,AHPC,Online Securities Pvt. Ltd.,Imperial Securities Company Pvt. Ltd.,50,296.0,14800.0,2025-08-17 12:44:28.775787
2025-08-17,51701,2025081704006331,AHPC,Online Securities Pvt. Ltd.,Secured Securities Ltd.,89,296.0,26344.0,2025-08-17 12:44:28.775932
2025-08-17,51477,2025081704006399,AHPC,Nepal Stock House (PVT) Ltd.,Vision Securities Pvt. Ltd,100,296.1,29610.0,2025-08-17 12:45:19.593416
2025-08-17,51124,2025081704006442,AHPC,Nepal Stock House (PVT) Ltd.,Trisul Securities & Invt. Ltd.,24,296.1,7106.4,2025-08-17 12:46:45.522569
2025-08-17,50878,2025081704006524,AHPC,Nepal Stock House (PVT) Ltd.,Asian Securities Private Ltd.,15,296.1,4441.5,2025-08-17 12:47:44.204699
2025-08-17,50716,2025081704006552,AHPC,Online Securities Pvt. Ltd.,ABC Securities Private Limited,200,296.0,59200.0,2025-08-17 12:48:20.211103
2025-08-17,50607,2025081704006573,AHPC,Online Securities Pvt. Ltd.,Nepal Stock House (PVT) Ltd.,85,296.0,25160.0,2025-08-17 12:48:43.814040
2025-08-17,50523,2025081704006594,AHPC,Investment Management Nepal Pvt. Ltd.,Nepal Stock House (PVT) Ltd.,175,296.0,51800.0,2025-08-17 12:49:02.078457
2025-08-17,50522,2025081704006595,AHPC,Investment Management Nepal Pvt. Ltd.,Market Securities & Exchange (PVT) Ltd.,199,296.0,58904.0,2025-08-17 12:49:02.078821
2025-08-17,49494,2025081704006817,AHPC,Nepal Stock House (PVT) Ltd.,Vision Securities Pvt. Ltd,100,295.8,29580.0,2025-08-17 12:52:55.696365
2025-08-17,48846,2025081704006944,AHPC,Naasa Securities Co. Ltd.,Market Securities & Exchange (PVT) Ltd.,301,296.0,89096.0,2025-08-17 12:55:25.160914
2025-08-17,48845,2025081704006945,AHPC,Naasa Securities Co. Ltd.,Kohinoor Investment & Securities Pvt. Ltd.,699,296.0,206904.0,2025-08-17 12:55:25.161294
2025-08-17,48279,2025081704007075,AHPC,Nepal Stock House (PVT) Ltd.,Sri Hari Securities Pvt. Ltd.,100,295.8,29580.0,2025-08-17 12:57:32.513069
2025-08-17,47890,2025081704007134,AHPC,Nepal Stock House (PVT) Ltd.,Aryatara Investment & Securities,216,295.8,63892.8,2025-08-17 12:59:03.340670
2025-08-17,47880,2025081704007135,AHPC,Asian Securities Private Ltd.,Kohinoor Investment & Securities Pvt. Ltd.,377,296.0,111592.0,2025-08-17 12:59:05.932475
2025-08-17,46729,2025081704007402,AHPC,Nepal Stock House (PVT) Ltd.,Kohinoor Investment & Securities Pvt. Ltd.,179,296.0,52984.0,2025-08-17 13:03:07.299244
2025-08-17,46728,2025081704007403,AHPC,Nepal Stock House (PVT) Ltd.,Online Securities Pvt. Ltd.,25,296.0,7400.0,2025-08-17 13:03:07.299553
2025-08-17,46727,2025081704007404,AHPC,Nepal Stock House (PVT) Ltd.,Naasa Securities Co. Ltd.,136,296.0,40256.0,2025-08-17 13:03:07.299678
2025-08-17,46253,2025081704007495,AHPC,Naasa Securities Co. Ltd.,Vision Securities Pvt. Ltd,10,296.3,2963.0,2025-08-17 13:04:27.959452
2025-08-17,45634,2025081704007609,AHPC,Sundhara Securities Limited,Property Wiard Limited,50,295.8,14790.0,2025-08-17 13:05:56.710113
2025-08-17,44985,2025081704007744,AHPC,Sweta Securities Private Limited,Deevyaa Securities & Stock House Pvt. Ltd,200,296.0,59200.0,2025-08-17 13:07:42.484881
2025-08-17,44923,2025081704007781,AHPC,Sundhara Securities Limited,Sipla Securities Private Limited,500,295.8,147900.0,2025-08-17 13:07:53.930815
2025-08-17,43988,2025081704007997,AHPC,Sundhara Securities Limited,Creative Securities Pvt Ltd,125,295.8,36975.0,2025-08-17 13:10:37.354927
2025-08-17,43987,2025081704007998,AHPC,Roadshow securities limited,Creative Securities Pvt Ltd,1000,295.8,295800.0,2025-08-17 13:10:37.355246
2025-08-17,43986,2025081704007999,AHPC,Linch Stock Market Ltd.,Creative Securities Pvt Ltd,300,295.8,88740.0,2025-08-17 13:10:37.355414
2025-08-17,43814,2025081704008049,AHPC,Malla & Malla Stock Broking Company Pvt. Limited,Creative Securities Pvt Ltd,150,295.8,44370.0,2025-08-17 13:11:09.391926
2025-08-17,43596,2025081704008137,AHPC,Naasa Securities Co. Ltd.,Creative Securities Pvt Ltd,425,295.8,125715.0,2025-08-17 13:11:47.253594
2025-08-17,43595,2025081704008138,AHPC,Naasa Securities Co. Ltd.,Deevyaa Securities & Stock House Pvt. Ltd,114,296.0,33744.0,2025-08-17 13:11:47.253903
2025-08-17,43333,2025081704008207,AHPC,Property Wiard Limited,Deevyaa Securities & Stock House Pvt. Ltd,386,296.0,114256.0,2025-08-17 13:12:09.960879
2025-08-17,43332,2025081704008208,AHPC,Property Wiard Limited,Agrawal Securities (PVT) Ltd.,100,296.0,29600.0,2025-08-17 13:12:09.960969
2025-08-17,43331,2025081704008209,AHPC,Property Wiard Limited,Secured Securities Ltd.,14,296.0,4144.0,2025-08-17 13:12:09.961002
2025-08-17,42939,2025081704008263,AHPC,Online Securities Pvt. Ltd.,Vision Securities Pvt. Ltd,100,295.8,29580.0,2025-08-17 13:12:51.876165
2025-08-17,42236,2025081704008445,AHPC,Roadshow securities limited,Vision Securities Pvt. Ltd,100,295.9,29590.0,2025-08-17 13:15:30.815399
2025-08-17,42235,2025081704008446,AHPC,Roadshow securities limited,Secured Securities Ltd.,86,296.0,25456.0,2025-08-17 13:15:30.816014
2025-08-17,42234,2025081704008447,AHPC,Roadshow securities limited,KALASH STOCK MARKET PVT. LTD.,500,296.0,148000.0,2025-08-17 13:15:30.816468
2025-08-17,42233,2025081704008448,AHPC,Roadshow securities limited,South Asian Bulls Pvt. Ltd.,400,296.0,118400.0,2025-08-17 13:15:30.816862
2025-08-17,42232,2025081704008449,AHPC,Roadshow securities limited,Vision Securities Pvt. Ltd,265,296.3,78519.5,2025-08-17 13:15:30.817252
2025-08-17,42231,2025081704008450,AHPC,Roadshow securities limited,Naasa Securities Co. Ltd.,24,296.4,7113.6,2025-08-17 13:15:30.817645
2025-08-17,42230,2025081704008451,AHPC,Roadshow securities limited,Secured Securities Ltd.,100,296.5,29650.0,2025-08-17 13:15:30.818036
2025-08-17,42229,2025081704008452,AHPC,Roadshow securities limited,Siprabi Securities Pvt. Ltd.,20,296.5,5930.0,2025-08-17 13:15:30.818452
2025-08-17,42228,2025081704008453,AHPC,Roadshow securities limited,Citizens Share Broker Limited,150,296.6,44490.0,2025-08-17 13:15:30.818838
2025-08-17,42227,2025081704008454,AHPC,Roadshow securities limited,Vision Securities Pvt. Ltd,50,296.7,14835.0,2025-08-17 13:15:30.819237
2025-08-17,42226,2025081704008455,AHPC,Roadshow securities limited,Secured Securities Ltd.,200,296.7,59340.0,2025-08-17 13:15:30.819648
2025-08-17,42225,2025081704008456,AHPC,Roadshow securities limited,Dakshinkali Investment & Securities Pvt. Ltd.,163,296.9,48394.7,2025-08-17 13:15:30.820038
2025-08-17,42224,2025081704008457,AHPC,Roadshow securities limited,Asian Securities Private Ltd.,300,296.9,89070.0,2025-08-17 13:15:30.820439
2025-08-17,42223,2025081704008458,AHPC,Roadshow securities limited,Vision Securities Pvt. Ltd,100,296.9,29690.0,2025-08-17 13:15:30.820851
2025-08-17,42222,2025081704008459,AHPC,Roadshow securities limited,Aakashbhairab Securities Ltd.,396,297.0,117612.0,2025-08-17 13:15:30.821228
2025-08-17,42221,2025081704008460,AHPC,Roadshow securities limited,Sewa Securities Pvt. Ltd.,146,297.0,43362.0,2025-08-17 13:15:30.821618
2025-08-17,41496,2025081704008587,AHPC,Imperial Securities Company Pvt. Ltd.,Primo Securities (PVT) Ltd.,500,296.0,148000.0,2025-08-17 13:17:40.902369
2025-08-17,41309,2025081704008606,AHPC,Trisul Securities & Invt. Ltd.,Primo Securities (PVT) Ltd.,500,296.0,148000.0,2025-08-17 13:18:11.069219
2025-08-17,41155,2025081704008633,AHPC,Naasa Securities Co. Ltd.,Naasa Securities Co. Ltd.,10,296.0,2960.0,2025-08-17 13:18:36.241149
2025-08-17,41124,2025081704008640,AHPC,Naasa Securities Co. Ltd.,Asian Securities Private Ltd.,12,296.0,3552.0,2025-08-17 13:18:43.193159
2025-08-17,40980,2025081704008660,AHPC,Naasa Securities Co. Ltd.,Capital Max Securities Ltd,98,296.0,29008.0,2025-08-17 13:19:02.844728
2025-08-17,40496,2025081704008733,AHPC,Naasa Securities Co. Ltd.,Vision Securities Pvt. Ltd,500,296.0,148000.0,2025-08-17 13:20:30.489827
2025-08-17,40336,2025081704008787,AHPC,Online Securities Pvt. Ltd.,Vision Securities Pvt. Ltd,100,296.2,29620.0,2025-08-17 13:20:58.531696
2025-08-17,40321,2025081704008788,AHPC,Trisul Securities & Invt. Ltd.,Naasa Securities Co. Ltd.,1000,296.1,296100.0,2025-08-17 13:21:03.222256
2025-08-17,40320,2025081704008789,AHPC,Naasa Securities Co. Ltd.,Naasa Securities Co. Ltd.,380,296.0,112480.0,2025-08-17 13:21:03.222590
2025-08-17,40319,2025081704008790,AHPC,SUN SECURITIES PVT LTD,Naasa Securities Co. Ltd.,24,296.0,7104.0,2025-08-17 13:21:03.222726
2025-08-17,40318,2025081704008791,AHPC,Online Securities Pvt. Ltd.,Naasa Securities Co. Ltd.,691,296.0,204536.0,2025-08-17 13:21:03.222918
2025-08-17,39930,2025081704008875,AHPC,Online Securities Pvt. Ltd.,Kohinoor Investment & Securities Pvt. Ltd.,800,296.0,236800.0,2025-08-17 13:21:58.664465
2025-08-17,39844,2025081704008893,AHPC,Trisul Securities & Invt. Ltd.,Sweta Securities Private Limited,315,296.1,93271.5,2025-08-17 13:22:18.486824
2025-08-17,39462,2025081704008954,AHPC,Trisul Securities & Invt. Ltd.,Oxford Securities Pvt. Ltd.,685,296.1,202828.5,2025-08-17 13:23:27.613973
2025-08-17,39397,2025081704008971,AHPC,Online Securities Pvt. Ltd.,Primo Securities (PVT) Ltd.,500,296.0,148000.0,2025-08-17 13:23:44.693748
2025-08-17,39348,2025081704008979,AHPC,Online Securities Pvt. Ltd.,Naasa Securities Co. Ltd.,1009,296.0,298664.0,2025-08-17 13:23:59.943204
2025-08-17,39347,2025081704008980,AHPC,Sani Securities Company Ltd.,Naasa Securities Co. Ltd.,1318,296.0,390128.0,2025-08-17 13:23:59.943566
2025-08-17,39335,2025081704008981,AHPC,Sani Securities Company Ltd.,Sajilo Broker Limited,200,296.0,59200.0,2025-08-17 13:24:01.425940
2025-08-17,39109,2025081704009031,AHPC,KALASH STOCK MARKET PVT. LTD.,Aryatara Investment & Securities,300,296.1,88830.0,2025-08-17 13:24:34.882301
2025-08-17,38903,2025081704009057,AHPC,KALASH STOCK MARKET PVT. LTD.,KALASH STOCK MARKET PVT. LTD.,200,296.1,59220.0,2025-08-17 13:25:14.099098
2025-08-17,38613,2025081704009107,AHPC,KALASH STOCK MARKET PVT. LTD.,Midas Stock Broking Company Private Limited,500,296.1,148050.0,2025-08-17 13:26:08.898448
2025-08-17,38612,2025081704009108,AHPC,Sani Securities Company Ltd.,Midas Stock Broking Company Private Limited,193,296.0,57128.0,2025-08-17 13:26:08.899042
2025-08-17,38611,2025081704009109,AHPC,Linch Stock Market Ltd.,Midas Stock Broking Company Private Limited,200,296.0,59200.0,2025-08-17 13:26:08.899446
2025-08-17,38610,2025081704009110,AHPC,Online Securities Pvt. Ltd.,Midas Stock Broking Company Private Limited,1400,295.8,414120.0,2025-08-17 13:26:08.899847
2025-08-17,38609,2025081704009111,AHPC,Online Securities Pvt. Ltd.,Midas Stock Broking Company Private Limited,1500,295.8,443700.0,2025-08-17 13:26:08.900256
2025-08-17,38608,2025081704009112,AHPC,Sani Securities Company Ltd.,Midas Stock Broking Company Private Limited,207,295.7,61209.9,2025-08-17 13:26:08.900655
2025-08-17,38088,2025081704009237,AHPC,Trisul Securities & Invt. Ltd.,Vision Securities Pvt. Ltd,100,296.0,29600.0,2025-08-17 13:27:50.544675
2025-08-17,37910,2025081704009274,AHPC,Trisul Securities & Invt. Ltd.,Premier Securities Company Ltd.,500,296.0,148000.0,2025-08-17 13:28:33.702336
2025-08-17,37823,2025081704009310,AHPC,Trisul Securities & Invt. Ltd.,Asian Securities Private Ltd.,400,296.0,118400.0,2025-08-17 13:28:50.875639
2025-08-17,37822,2025081704009311,AHPC,Sani Securities Company Ltd.,Asian Securities Private Ltd.,493,295.7,145780.1,2025-08-17 13:28:50.875985
2025-08-17,37821,2025081704009312,AHPC,Roadshow securities limited,Asian Securities Private Ltd.,1000,295.7,295700.0,2025-08-17 13:28:50.876122
2025-08-17,37820,2025081704009313,AHPC,KALASH STOCK MARKET PVT. LTD.,Asian Securities Private Ltd.,500,295.6,147800.0,2025-08-17 13:28:50.876255
2025-08-17,37819,2025081704009314,AHPC,Linch Stock Market Ltd.,Asian Securities Private Ltd.,300,295.5,88650.0,2025-08-17 13:28:50.876428
2025-08-17,37818,2025081704009315,AHPC,Roadshow securities limited,Asian Securities Private Ltd.,2000,295.5,591000.0,2025-08-17 13:28:50.876559
2025-08-17,37817,2025081704009316,AHPC,Dynamic Money Managers Securities Pvt. Ltd.,Asian Securities Private Ltd.,50,295.3,14765.0,2025-08-17 13:28:50.876689
2025-08-17,37816,2025081704009317,AHPC,Naasa Securities Co. Ltd.,Asian Securities Private Ltd.,151,295.3,44590.3,2025-08-17 13:28:50.876820
2025-08-17,37815,2025081704009318,AHPC,Imperial Securities Company Pvt. Ltd.,Asian Securities Private Ltd.,1106,295.3,326601.8,2025-08-17 13:28:50.876945
2025-08-17,37773,2025081704009323,AHPC,Sani Securities Company Ltd.,Opal Securities Investment (PVT) Ltd.,950,296.0,281200.0,2025-08-17 13:29:03.692508
2025-08-17,37617,2025081704009366,AHPC,Pragyan Securities (PVT) Ltd.,Opal Securities Investment (PVT) Ltd.,80,296.0,23680.0,2025-08-17 13:29:44.072499
2025-08-17,37616,2025081704009367,AHPC,Pragyan Securities (PVT) Ltd.,Market Securities & Exchange (PVT) Ltd.,120,296.0,35520.0,2025-08-17 13:29:44.073168
2025-08-17,37594,2025081704009371,AHPC,Investment Management Nepal Pvt. Ltd.,Vision Securities Pvt. Ltd,100,295.5,29550.0,2025-08-17 13:29:47.536334
2025-08-17,37593,2025081704009372,AHPC,Imperial Securities Company Pvt. Ltd.,Vision Securities Pvt. Ltd,900,295.3,265770.0,2025-08-17 13:29:47.536656
2025-08-17,37490,2025081704009396,AHPC,Imperial Securities Company Pvt. Ltd.,Vision Securities Pvt. Ltd,600,295.3,177180.0,2025-08-17 13:30:08.869140
2025-08-17,37193,2025081704009467,AHPC,KALASH STOCK MARKET PVT. LTD.,Siprabi Securities Pvt. Ltd.,201,295.6,59415.6,2025-08-17 13:31:12.661688
2025-08-17,37132,2025081704009482,AHPC,KALASH STOCK MARKET PVT. LTD.,Market Securities & Exchange (PVT) Ltd.,149,295.6,44044.4,2025-08-17 13:31:22.933958
2025-08-17,37131,2025081704009483,AHPC,Imperial Securities Company Pvt. Ltd.,Market Securities & Exchange (PVT) Ltd.,394,295.3,116348.2,2025-08-17 13:31:22.934336
2025-08-17,37130,2025081704009484,AHPC,Sumeru Securities Pvt. Ltd.,Market Securities & Exchange (PVT) Ltd.,500,295.2,147600.0,2025-08-17 13:31:22.934473
2025-08-17,37129,2025081704009485,AHPC,Trisul Securities & Invt. Ltd.,Market Securities & Exchange (PVT) Ltd.,100,295.1,29510.0,2025-08-17 13:31:22.934602
2025-08-17,37128,2025081704009486,AHPC,Aryatara Investment & Securities,Market Securities & Exchange (PVT) Ltd.,200,295.0,59000.0,2025-08-17 13:31:22.934739
2025-08-17,37127,2025081704009487,AHPC,K.B.L. Securities Limited ,Market Securities & Exchange (PVT) Ltd.,2000,295.0,590000.0,2025-08-17 13:31:22.934865
2025-08-17,37126,2025081704009488,AHPC,Aryatara Investment & Securities,Market Securities & Exchange (PVT) Ltd.,50,295.0,14750.0,2025-08-17 13:31:22.934995
2025-08-17,37125,2025081704009489,AHPC,Midas Stock Broking Company Private Limited,Market Securities & Exchange (PVT) Ltd.,80,295.0,23600.0,2025-08-17 13:31:22.935118
2025-08-17,37124,2025081704009490,AHPC,Sewa Securities Pvt. Ltd.,Market Securities & Exchange (PVT) Ltd.,100,295.0,29500.0,2025-08-17 13:31:22.935241
2025-08-17,37123,2025081704009491,AHPC,Deevyaa Securities & Stock House Pvt. Ltd,Market Securities & Exchange (PVT) Ltd.,45,295.0,13275.0,2025-08-17 13:31:22.935370
2025-08-17,37122,2025081704009492,AHPC,Imperial Securities Company Pvt. Ltd.,Market Securities & Exchange (PVT) Ltd.,500,295.0,147500.0,2025-08-17 13:31:22.935507
2025-08-17,37121,2025081704009493,AHPC,Dipshikha Dhitopatra Karobar Co. Pvt Ltd.,Market Securities & Exchange (PVT) Ltd.,70,295.0,20650.0,2025-08-17 13:31:22.935632
2025-08-17,37120,2025081704009494,AHPC,Sweta Securities Private Limited,Market Securities & Exchange (PVT) Ltd.,100,295.0,29500.0,2025-08-17 13:31:22.935754
2025-08-17,37119,2025081704009495,AHPC,Neev Securities Pvt. Ltd.,Market Securities & Exchange (PVT) Ltd.,500,295.0,147500.0,2025-08-17 13:31:22.935872
2025-08-17,37118,2025081704009496,AHPC,Sani Securities Company Ltd.,Market Securities & Exchange (PVT) Ltd.,212,295.0,62540.0,2025-08-17 13:31:22.936014
2025-08-17,36888,2025081704009547,AHPC,Oxford Securities Pvt. Ltd.,Market Securities & Exchange (PVT) Ltd.,880,295.4,259952.0,2025-08-17 13:32:07.227948
2025-08-17,36808,2025081704009572,AHPC,Oxford Securities Pvt. Ltd.,Kumari Securities Private Limited,120,295.4,35448.0,2025-08-17 13:32:21.784921
2025-08-17,36807,2025081704009573,AHPC,Sani Securities Company Ltd.,Kumari Securities Private Limited,288,295.0,84960.0,2025-08-17 13:32:21.785310
2025-08-17,36806,2025081704009574,AHPC,Siprabi Securities Pvt. Ltd.,Kumari Securities Private Limited,92,295.0,27140.0,2025-08-17 13:32:21.785484
2025-08-17,35262,2025081704009892,AHPC,Nepal Stock House (PVT) Ltd.,Agrawal Securities (PVT) Ltd.,100,295.1,29510.0,2025-08-17 13:37:30.939030
2025-08-17,35261,2025081704009893,AHPC,Nepal Stock House (PVT) Ltd.,Agrawal Securities (PVT) Ltd.,900,295.0,265500.0,2025-08-17 13:37:30.939390
2025-08-17,35000,2025081704009968,AHPC,Nepal Stock House (PVT) Ltd.,Vision Securities Pvt. Ltd,100,295.0,29500.0,2025-08-17 13:38:31.537249
2025-08-17,34214,2025081704010156,AHPC,Siprabi Securities Pvt. Ltd.,Naasa Securities Co. Ltd.,57,295.0,16815.0,2025-08-17 13:40:58.313147
2025-08-17,34183,2025081704010172,AHPC,Trisul Securities & Invt. Ltd.,Naasa Securities Co. Ltd.,20,295.3,5906.0,2025-08-17 13:41:06.903925
2025-08-17,34182,2025081704010173,AHPC,Trisul Securities & Invt. Ltd.,Nepal Stock House (PVT) Ltd.,50,295.4,14770.0,2025-08-17 13:41:06.904240
2025-08-17,34181,2025081704010174,AHPC,Trisul Securities & Invt. Ltd.,Nepal Stock House (PVT) Ltd.,200,295.5,59100.0,2025-08-17 13:41:06.904460
2025-08-17,34180,2025081704010175,AHPC,Trisul Securities & Invt. Ltd.,Investment Management Nepal Pvt. Ltd.,500,295.9,147950.0,2025-08-17 13:41:06.904624
2025-08-17,34179,2025081704010176,AHPC,Trisul Securities & Invt. Ltd.,Creative Securities Pvt Ltd,529,296.0,156584.0,2025-08-17 13:41:06.904798
2025-08-17,33924,2025081704010239,AHPC,Sri Hari Securities Pvt. Ltd.,Sri Hari Securities Pvt. Ltd.,6000,295.1,1770600.0,2025-08-17 13:42:09.135940
2025-08-17,33320,2025081704010354,AHPC,Vision Securities Pvt. Ltd,Imperial Securities Company Pvt. Ltd.,70,295.0,20650.0,2025-08-17 13:44:16.866118
2025-08-17,33319,2025081704010355,AHPC,Vision Securities Pvt. Ltd,Imperial Securities Company Pvt. Ltd.,30,295.0,8850.0,2025-08-17 13:44:16.866224
2025-08-17,33201,2025081704010369,AHPC,Vision Securities Pvt. Ltd,KALASH STOCK MARKET PVT. LTD.,101,295.0,29795.0,2025-08-17 13:44:46.934024
2025-08-17,32676,2025081704010508,AHPC,Vision Securities Pvt. Ltd,Deevyaa Securities & Stock House Pvt. Ltd,1869,295.0,551355.0,2025-08-17 13:46:33.452183
2025-08-17,32352,2025081704010562,AHPC,KALASH STOCK MARKET PVT. LTD.,Deevyaa Securities & Stock House Pvt. Ltd,100,295.0,29500.0,2025-08-17 13:47:49.497288
2025-08-17,31883,2025081704010660,AHPC,Naasa Securities Co. Ltd.,Deevyaa Securities & Stock House Pvt. Ltd,200,295.0,59000.0,2025-08-17 13:49:30.829816
2025-08-17,31068,2025081704010792,AHPC,Nepal Stock House (PVT) Ltd.,Deevyaa Securities & Stock House Pvt. Ltd,55,295.0,16225.0,2025-08-17 13:52:19.051470
2025-08-17,31067,2025081704010793,AHPC,Online Securities Pvt. Ltd.,Imperial Securities Company Pvt. Ltd.,11,294.7,3241.7,2025-08-17 13:52:20.220015
2025-08-17,30955,2025081704010821,AHPC,Cristal Kanchanjanga Securites Pvt. Ltd.,South Asian Bulls Pvt. Ltd.,20,295.8,5916.0,2025-08-17 13:52:47.132721
2025-08-17,30478,2025081704010962,AHPC,Nepal Stock House (PVT) Ltd.,South Asian Bulls Pvt. Ltd.,20,295.8,5916.0,2025-08-17 13:54:27.456973
2025-08-17,29823,2025081704011156,AHPC,Sani Securities Company Ltd.,Sani Securities Company Ltd.,650,295.2,191880.0,2025-08-17 13:56:22.044161
2025-08-17,29822,2025081704011157,AHPC,KALASH STOCK MARKET PVT. LTD.,Sani Securities Company Ltd.,350,295.1,103285.0,2025-08-17 13:56:22.044591
2025-08-17,29526,2025081704011229,AHPC,Sani Securities Company Ltd.,Aakashbhairab Securities Ltd.,5000,295.2,1476000.0,2025-08-17 13:57:21.883963
2025-08-17,29452,2025081704011239,AHPC,Sani Securities Company Ltd.,Creative Securities Pvt Ltd,421,296.0,124616.0,2025-08-17 13:57:36.139096
2025-08-17,29451,2025081704011240,AHPC,Sani Securities Company Ltd.,Nepal Stock House (PVT) Ltd.,679,296.0,200984.0,2025-08-17 13:57:36.139438
2025-08-17,29434,2025081704011243,AHPC,KALASH STOCK MARKET PVT. LTD.,Nepal Stock House (PVT) Ltd.,43,296.0,12728.0,2025-08-17 13:57:40.343382
2025-08-17,28562,2025081704011366,AHPC,Kohinoor Investment & Securities Pvt. Ltd.,Nepal Stock House (PVT) Ltd.,329,296.0,97384.0,2025-08-17 14:00:57.706812
2025-08-17,28561,2025081704011367,AHPC,Kohinoor Investment & Securities Pvt. Ltd.,Aryatara Investment & Securities,200,296.0,59200.0,2025-08-17 14:00:57.707155
2025-08-17,28560,2025081704011368,AHPC,Kohinoor Investment & Securities Pvt. Ltd.,Shree Krishna Securities Ltd.,500,296.0,148000.0,2025-08-17 14:00:57.707321
2025-08-17,28559,2025081704011369,AHPC,Kohinoor Investment & Securities Pvt. Ltd.,Sundhara Securities Limited,200,296.0,59200.0,2025-08-17 14:00:57.707459
2025-08-17,28558,2025081704011370,AHPC,Kohinoor Investment & Securities Pvt. Ltd.,Aryatara Investment & Securities,205,296.0,60680.0,2025-08-17 14:00:57.707592
2025-08-17,28557,2025081704011371,AHPC,Kohinoor Investment & Securities Pvt. Ltd.,Kohinoor Investment & Securities Pvt. Ltd.,109,296.0,32264.0,2025-08-17 14:00:57.707731
2025-08-17,28556,2025081704011372,AHPC,Kohinoor Investment & Securities Pvt. Ltd.,South Asian Bulls Pvt. Ltd.,70,296.0,20720.0,2025-08-17 14:00:57.707867
2025-08-17,28555,2025081704011373,AHPC,Kohinoor Investment & Securities Pvt. Ltd.,Aryatara Investment & Securities,51,296.0,15096.0,2025-08-17 14:00:57.707996
2025-08-17,28554,2025081704011374,AHPC,Kohinoor Investment & Securities Pvt. Ltd.,Naasa Securities Co. Ltd.,336,296.0,99456.0,2025-08-17 14:00:57.708133
2025-08-17,28177,2025081704011437,AHPC,Sani Securities Company Ltd.,Secured Securities Ltd.,100,295.2,29520.0,2025-08-17 14:02:35.685649
2025-08-17,28057,2025081704011462,AHPC,Vision Securities Pvt. Ltd,Naasa Securities Co. Ltd.,34,296.0,10064.0,2025-08-17 14:03:11.890276
2025-08-17,27939,2025081704011483,AHPC,Oxford Securities Pvt. Ltd.,Kalika Securities Pvt. Ltd.,105,295.3,31006.5,2025-08-17 14:03:39.596281
2025-08-17,27938,2025081704011484,AHPC,Sani Securities Company Ltd.,Kalika Securities Pvt. Ltd.,61,295.2,18007.2,2025-08-17 14:03:39.596626
2025-08-17,27889,2025081704011492,AHPC,Asian Securities Private Ltd.,Naasa Securities Co. Ltd.,100,296.0,29600.0,2025-08-17 14:03:53.146934
2025-08-17,27660,2025081704011554,AHPC,Imperial Securities Company Pvt. Ltd.,Naasa Securities Co. Ltd.,234,296.0,69264.0,2025-08-17 14:04:45.569110
2025-08-17,27659,2025081704011555,AHPC,Imperial Securities Company Pvt. Ltd.,Deevyaa Securities & Stock House Pvt. Ltd,266,296.0,78736.0,2025-08-17 14:04:45.569727
2025-08-17,27127,2025081704011647,AHPC,Vision Securities Pvt. Ltd,Trisul Securities & Invt. Ltd.,10,296.0,2960.0,2025-08-17 14:06:14.225386
2025-08-17,27077,2025081704011656,AHPC,Sweta Securities Private Limited,Cristal Kanchanjanga Securites Pvt. Ltd.,282,296.0,83472.0,2025-08-17 14:06:24.767114
2025-08-17,26112,2025081704011838,AHPC,Sweta Securities Private Limited,Dipshikha Dhitopatra Karobar Co. Pvt Ltd.,10,296.0,2960.0,2025-08-17 14:09:10.114279
2025-08-17,25839,2025081704011878,AHPC,Cristal Kanchanjanga Securites Pvt. Ltd.,Sri Hari Securities Pvt. Ltd.,50,296.5,14825.0,2025-08-17 14:10:06.760277
2025-08-17,25758,2025081704011887,AHPC,Elite Stock House Limited,Sri Hari Securities Pvt. Ltd.,50,296.5,14825.0,2025-08-17 14:10:22.837004
2025-08-17,25690,2025081704011898,AHPC,Online Securities Pvt. Ltd.,Sri Hari Securities Pvt. Ltd.,400,296.5,118600.0,2025-08-17 14:10:39.262139
2025-08-17,25367,2025081704011961,AHPC,Online Securities Pvt. Ltd.,Imperial Securities Company Pvt. Ltd.,100,296.5,29650.0,2025-08-17 14:11:34.968131
2025-08-17,25261,2025081704011978,AHPC,KALASH STOCK MARKET PVT. LTD.,Imperial Securities Company Pvt. Ltd.,100,296.5,29650.0,2025-08-17 14:12:02.095043
2025-08-17,25260,2025081704011979,AHPC,KALASH STOCK MARKET PVT. LTD.,South Asian Bulls Pvt. Ltd.,50,296.6,14830.0,2025-08-17 14:12:02.095382
2025-08-17,25259,2025081704011980,AHPC,KALASH STOCK MARKET PVT. LTD.,South Asian Bulls Pvt. Ltd.,285,296.7,84559.5,2025-08-17 14:12:02.095525
2025-08-17,25258,2025081704011981,AHPC,KALASH STOCK MARKET PVT. LTD.,Dakshinkali Investment & Securities Pvt. Ltd.,1000,296.8,296800.0,2025-08-17 14:12:02.095666
2025-08-17,25257,2025081704011982,AHPC,KALASH STOCK MARKET PVT. LTD.,Secured Securities Ltd.,300,296.9,89070.0,2025-08-17 14:12:02.095808
2025-08-17,25256,2025081704011983,AHPC,KALASH STOCK MARKET PVT. LTD.,Vision Securities Pvt. Ltd,795,296.9,236035.5,2025-08-17 14:12:02.095945
2025-08-17,25113,2025081704012010,AHPC,KALASH STOCK MARKET PVT. LTD.,Sewa Securities Pvt. Ltd.,304,297.0,90288.0,2025-08-17 14:12:31.189653
2025-08-17,25112,2025081704012011,AHPC,KALASH STOCK MARKET PVT. LTD.,Primo Securities (PVT) Ltd.,316,297.0,93852.0,2025-08-17 14:12:31.189965
2025-08-17,24975,2025081704012052,AHPC,Premier Securities Company Ltd.,Sri Hari Securities Pvt. Ltd.,500,296.9,148450.0,2025-08-17 14:12:56.480080
2025-08-17,24974,2025081704012053,AHPC,Premier Securities Company Ltd.,Primo Securities (PVT) Ltd.,147,297.0,43659.0,2025-08-17 14:12:56.480741
2025-08-17,24973,2025081704012054,AHPC,Premier Securities Company Ltd.,Creative Securities Pvt Ltd,500,297.0,148500.0,2025-08-17 14:12:56.481170
2025-08-17,24972,2025081704012055,AHPC,Premier Securities Company Ltd.,N.M.B. SECURITIES LIMITED,244,297.0,72468.0,2025-08-17 14:12:56.481618
2025-08-17,24971,2025081704012056,AHPC,Premier Securities Company Ltd.,KALASH STOCK MARKET PVT. LTD.,300,297.0,89100.0,2025-08-17 14:12:56.482034
2025-08-17,24970,2025081704012057,AHPC,Premier Securities Company Ltd.,Capital Hub P. Ltd,1000,297.0,297000.0,2025-08-17 14:12:56.482524
2025-08-17,24969,2025081704012058,AHPC,Premier Securities Company Ltd.,Sundhara Securities Limited,500,297.0,148500.0,2025-08-17 14:12:56.482992
2025-08-17,24968,2025081704012059,AHPC,Premier Securities Company Ltd.,Secured Securities Ltd.,300,297.0,89100.0,2025-08-17 14:12:56.483491
2025-08-17,24967,2025081704012060,AHPC,Premier Securities Company Ltd.,Online Securities Pvt. Ltd.,999,297.0,296703.0,2025-08-17 14:12:56.483942
2025-08-17,24966,2025081704012061,AHPC,Premier Securities Company Ltd.,SUN SECURITIES PVT LTD,100,297.0,29700.0,2025-08-17 14:12:56.484421
2025-08-17,24965,2025081704012062,AHPC,Premier Securities Company Ltd.,Primo Securities (PVT) Ltd.,300,297.0,89100.0,2025-08-17 14:12:56.484907
2025-08-17,24964,2025081704012063,AHPC,Premier Securities Company Ltd.,Kohinoor Investment & Securities Pvt. Ltd.,300,297.0,89100.0,2025-08-17 14:12:56.485386
2025-08-17,24963,2025081704012064,AHPC,Premier Securities Company Ltd.,Primo Securities (PVT) Ltd.,810,297.0,240570.0,2025-08-17 14:12:56.485863
2025-08-17,24961,2025081704012066,AHPC,Shree Krishna Securities Ltd.,Primo Securities (PVT) Ltd.,9,294.0,2646.0,2025-08-17 14:12:57.024394
2025-08-17,24841,2025081704012091,AHPC,Vision Securities Pvt. Ltd,Primo Securities (PVT) Ltd.,190,297.0,56430.0,2025-08-17 14:13:20.757256
2025-08-17,24802,2025081704012104,AHPC,Shree Krishna Securities Ltd.,Primo Securities (PVT) Ltd.,6,294.6,1767.6,2025-08-17 14:13:28.196555
2025-08-17,24657,2025081704012122,AHPC,Naasa Securities Co. Ltd.,Bhrikuti Stock Broking Co. Pvt. Ltd.,10,298.0,2980.0,2025-08-17 14:13:59.352718
2025-08-17,24640,2025081704012124,AHPC,Vision Securities Pvt. Ltd,Arun Securities (PVT) Ltd.,155,297.0,46035.0,2025-08-17 14:14:03.125276
2025-08-17,24558,2025081704012133,AHPC,Vision Securities Pvt. Ltd,Nagarik Stock Dealer ,450,297.0,133650.0,2025-08-17 14:14:21.979378
2025-08-17,24340,2025081704012187,AHPC,Vision Securities Pvt. Ltd,Asian Securities Private Ltd.,200,297.0,59400.0,2025-08-17 14:14:55.917455
2025-08-17,24307,2025081704012193,AHPC,Roadshow securities limited,Dipshikha Dhitopatra Karobar Co. Pvt Ltd.,22,296.4,6520.8,2025-08-17 14:15:03.738031
2025-08-17,24261,2025081704012209,AHPC,Naasa Securities Co. Ltd.,South Asian Bulls Pvt. Ltd.,10,297.8,2978.0,2025-08-17 14:15:11.242470
2025-08-17,24160,2025081704012242,AHPC,Sumeru Securities Pvt. Ltd.,Shree Krishna Securities Ltd.,150,297.0,44550.0,2025-08-17 14:15:21.846193
2025-08-17,24159,2025081704012243,AHPC,Sani Securities Company Ltd.,Shree Krishna Securities Ltd.,40,297.0,11880.0,2025-08-17 14:15:21.946075
2025-08-17,24023,2025081704012265,AHPC,Vision Securities Pvt. Ltd,Shree Krishna Securities Ltd.,1005,297.0,298485.0,2025-08-17 14:15:35.494592
2025-08-17,23948,2025081704012280,AHPC,Roadshow securities limited,Ashutosh Brokerage & Securities (PVT) Ltd.,100,296.4,29640.0,2025-08-17 14:15:52.978637
2025-08-17,23780,2025081704012324,AHPC,Roadshow securities limited,Kohinoor Investment & Securities Pvt. Ltd.,500,296.4,148200.0,2025-08-17 14:16:17.901349
2025-08-17,23479,2025081704012409,AHPC,Roadshow securities limited,Naasa Securities Co. Ltd.,113,296.6,33515.8,2025-08-17 14:16:53.431743
2025-08-17,23203,2025081704012493,AHPC,Naasa Securities Co. Ltd.,Shree Krishna Securities Ltd.,10,297.0,2970.0,2025-08-17 14:17:27.189445
2025-08-17,23182,2025081704012495,AHPC,Roadshow securities limited,Magnet Securities and Investment Company Private Limited,100,296.6,29660.0,2025-08-17 14:17:30.655943
2025-08-17,22731,2025081704012612,AHPC,Naasa Securities Co. Ltd.,Shree Krishna Securities Ltd.,10,297.0,2970.0,2025-08-17 14:18:28.755769
2025-08-17,22246,2025081704012737,AHPC,Oxford Securities Pvt. Ltd.,Nepal Stock House (PVT) Ltd.,200,296.7,59340.0,2025-08-17 14:19:41.677730
2025-08-17,22109,2025081704012748,AHPC,Oxford Securities Pvt. Ltd.,Vision Securities Pvt. Ltd,100,296.7,29670.0,2025-08-17 14:19:59.543547
2025-08-17,21962,2025081704012777,AHPC,Naasa Securities Co. Ltd.,Shree Krishna Securities Ltd.,10,297.0,2970.0,2025-08-17 14:20:14.379755
2025-08-17,21866,2025081704012801,AHPC,Oxford Securities Pvt. Ltd.,Asian Securities Private Ltd.,1200,296.7,356040.0,2025-08-17 14:20:27.584570
2025-08-17,21545,2025081704012934,AHPC,Roadshow securities limited,Trishakti Securities Public Limited,387,296.6,114784.2,2025-08-17 14:21:13.759578
2025-08-17,21335,2025081704013003,AHPC,Roadshow securities limited,Online Securities Pvt. Ltd.,22,296.4,6520.8,2025-08-17 14:21:49.191022
2025-08-17,20694,2025081704013180,AHPC,Roadshow securities limited,Sewa Securities Pvt. Ltd.,50,296.4,14820.0,2025-08-17 14:23:20.660802
2025-08-17,20670,2025081704013184,AHPC,Roadshow securities limited,Sumeru Securities Pvt. Ltd.,350,296.4,103740.0,2025-08-17 14:23:24.833909
2025-08-17,20451,2025081704013237,AHPC,Roadshow securities limited,South Asian Bulls Pvt. Ltd.,200,296.4,59280.0,2025-08-17 14:24:05.827210
2025-08-17,20301,2025081704013283,AHPC,Shree Krishna Securities Ltd.,Arun Securities (PVT) Ltd.,3,290.7,872.1,2025-08-17 14:24:35.153189
2025-08-17,20059,2025081704013323,AHPC,Roadshow securities limited,Sipla Securities Private Limited,500,296.4,148200.0,2025-08-17 14:25:07.696546
2025-08-17,19892,2025081704013359,AHPC,Sri Hari Securities Pvt. Ltd.,Sumeru Securities Pvt. Ltd.,20,296.5,5930.0,2025-08-17 14:25:37.415736
2025-08-17,19871,2025081704013362,AHPC,Roadshow securities limited,Siprabi Securities Pvt. Ltd.,200,296.4,59280.0,2025-08-17 14:25:43.143261
2025-08-17,19735,2025081704013374,AHPC,Imperial Securities Company Pvt. Ltd.,Sumeru Securities Pvt. Ltd.,180,296.5,53370.0,2025-08-17 14:26:07.308586
2025-08-17,19584,2025081704013413,AHPC,Imperial Securities Company Pvt. Ltd.,Trishakti Securities Public Limited,613,296.6,181815.8,2025-08-17 14:26:31.654854
2025-08-17,19250,2025081704013480,AHPC,Sani Securities Company Ltd.,Asian Securities Private Ltd.,300,296.7,89010.0,2025-08-17 14:27:32.376815
2025-08-17,18989,2025081704013515,AHPC,Sani Securities Company Ltd.,Nepal Stock House (PVT) Ltd.,100,296.6,29660.0,2025-08-17 14:28:18.184293
2025-08-17,18916,2025081704013539,AHPC,Naasa Securities Co. Ltd.,Shree Krishna Securities Ltd.,10,297.0,2970.0,2025-08-17 14:28:35.775564
2025-08-17,18615,2025081704013632,AHPC,Roadshow securities limited,Shree Krishna Securities Ltd.,52,297.0,15444.0,2025-08-17 14:29:19.273727
2025-08-17,18614,2025081704013633,AHPC,Roadshow securities limited,Deevyaa Securities & Stock House Pvt. Ltd,48,297.0,14256.0,2025-08-17 14:29:19.274460
2025-08-17,18578,2025081704013642,AHPC,Naasa Securities Co. Ltd.,Deevyaa Securities & Stock House Pvt. Ltd,200,297.0,59400.0,2025-08-17 14:29:26.987948
2025-08-17,18533,2025081704013646,AHPC,Premier Securities Company Ltd.,Deevyaa Securities & Stock House Pvt. Ltd,86,297.0,25542.0,2025-08-17 14:29:40.578978
2025-08-17,18532,2025081704013647,AHPC,Premier Securities Company Ltd.,Agrawal Securities (PVT) Ltd.,190,297.0,56430.0,2025-08-17 14:29:40.579650
2025-08-17,18531,2025081704013648,AHPC,Premier Securities Company Ltd.,Kohinoor Investment & Securities Pvt. Ltd.,13,297.0,3861.0,2025-08-17 14:29:40.580204
2025-08-17,18530,2025081704013649,AHPC,Premier Securities Company Ltd.,Aryatara Investment & Securities,1000,297.0,297000.0,2025-08-17 14:29:40.580743
2025-08-17,18529,2025081704013650,AHPC,Premier Securities Company Ltd.,Aryatara Investment & Securities,911,297.0,270567.0,2025-08-17 14:29:40.581177
2025-08-17,18456,2025081704013666,AHPC,Roadshow securities limited,Aryatara Investment & Securities,89,297.0,26433.0,2025-08-17 14:30:05.406200
2025-08-17,18155,2025081704013734,AHPC,Shree Krishna Securities Ltd.,South Asian Bulls Pvt. Ltd.,30,297.8,8934.0,2025-08-17 14:31:02.227802
2025-08-17,18154,2025081704013735,AHPC,Shree Krishna Securities Ltd.,Sanima Securities Limited,20,297.8,5956.0,2025-08-17 14:31:02.228246
2025-08-17,18040,2025081704013749,AHPC,Roadshow securities limited,Sumeru Securities Pvt. Ltd.,11,297.0,3267.0,2025-08-17 14:31:25.651409
2025-08-17,18039,2025081704013750,AHPC,Vision Securities Pvt. Ltd,Sumeru Securities Pvt. Ltd.,89,297.0,26433.0,2025-08-17 14:31:25.652133
2025-08-17,17783,2025081704013807,AHPC,Vision Securities Pvt. Ltd,Vision Securities Pvt. Ltd,911,297.0,270567.0,2025-08-17 14:32:11.118631
2025-08-17,17782,2025081704013808,AHPC,Imperial Securities Company Pvt. Ltd.,Vision Securities Pvt. Ltd,36,297.0,10692.0,2025-08-17 14:32:11.119310
2025-08-17,17494,2025081704013873,AHPC,Sani Securities Company Ltd.,Nabil Stock Dealer Ltd.,100,296.6,29660.0,2025-08-17 14:33:05.981223
2025-08-17,17493,2025081704013874,AHPC,Oxford Securities Pvt. Ltd.,Nabil Stock Dealer Ltd.,373,296.5,110594.5,2025-08-17 14:33:05.981906
2025-08-17,17266,2025081704013907,AHPC,Oxford Securities Pvt. Ltd.,Vision Securities Pvt. Ltd,53,296.5,15714.5,2025-08-17 14:33:40.518393
2025-08-17,17250,2025081704013908,AHPC,Oxford Securities Pvt. Ltd.,Agrawal Securities (PVT) Ltd.,674,296.5,199841.0,2025-08-17 14:33:43.860200
2025-08-17,17249,2025081704013909,AHPC,Linch Stock Market Ltd.,Agrawal Securities (PVT) Ltd.,200,296.5,59300.0,2025-08-17 14:33:43.860540
2025-08-17,17248,2025081704013910,AHPC,Roadshow securities limited,Agrawal Securities (PVT) Ltd.,626,296.4,185546.4,2025-08-17 14:33:43.860690
2025-08-17,17149,2025081704013926,AHPC,Premier Securities Company Ltd.,Agrawal Securities (PVT) Ltd.,45,296.6,13347.0,2025-08-17 14:33:56.952844
2025-08-17,16969,2025081704013979,AHPC,Premier Securities Company Ltd.,Nepal Stock House (PVT) Ltd.,1000,296.6,296600.0,2025-08-17 14:34:35.949386
2025-08-17,16895,2025081704013988,AHPC,Naasa Securities Co. Ltd.,South Asian Bulls Pvt. Ltd.,10,297.0,2970.0,2025-08-17 14:34:50.617629
2025-08-17,16435,2025081704014106,AHPC,Premier Securities Company Ltd.,Thrive Brokerage House Pvt. Ltd,200,296.8,59360.0,2025-08-17 14:36:04.039669
2025-08-17,16434,2025081704014107,AHPC,Premier Securities Company Ltd.,Thrive Brokerage House Pvt. Ltd,100,296.9,29690.0,2025-08-17 14:36:04.040020
2025-08-17,16433,2025081704014108,AHPC,Premier Securities Company Ltd.,South Asian Bulls Pvt. Ltd.,93,297.0,27621.0,2025-08-17 14:36:04.040168
2025-08-17,16432,2025081704014109,AHPC,Premier Securities Company Ltd.,Sumeru Securities Pvt. Ltd.,200,297.0,59400.0,2025-08-17 14:36:04.040320
2025-08-17,16431,2025081704014110,AHPC,Premier Securities Company Ltd.,Deevyaa Securities & Stock House Pvt. Ltd,275,297.0,81675.0,2025-08-17 14:36:04.040464
2025-08-17,16357,2025081704014127,AHPC,Premier Securities Company Ltd.,Online Securities Pvt. Ltd.,25,297.0,7425.0,2025-08-17 14:36:17.907275
2025-08-17,16356,2025081704014128,AHPC,Online Securities Pvt. Ltd.,Online Securities Pvt. Ltd.,885,296.7,262579.5,2025-08-17 14:36:17.908132
2025-08-17,16241,2025081704014161,AHPC,Naasa Securities Co. Ltd.,Sumeru Securities Pvt. Ltd.,10,297.5,2975.0,2025-08-17 14:36:35.912213
2025-08-17,16191,2025081704014172,AHPC,Kumari Securities Private Limited,Sumeru Securities Pvt. Ltd.,100,297.5,29750.0,2025-08-17 14:36:40.502707
2025-08-17,16155,2025081704014178,AHPC,Trishakti Securities Public Limited,Sumeru Securities Pvt. Ltd.,90,297.5,26775.0,2025-08-17 14:36:47.579255
2025-08-17,16137,2025081704014181,AHPC,Trishakti Securities Public Limited,Blue Chip Securities Ltd,10,297.5,2975.0,2025-08-17 14:36:49.523560
2025-08-17,15257,2025081704014384,AHPC,Online Securities Pvt. Ltd.,Dynamic Money Managers Securities Pvt. Ltd.,200,296.7,59340.0,2025-08-17 14:38:49.474896
2025-08-17,15074,2025081704014437,AHPC,Online Securities Pvt. Ltd.,Sweta Securities Private Limited,404,296.7,119866.8,2025-08-17 14:39:14.191499
2025-08-17,15073,2025081704014438,AHPC,Trishakti Securities Public Limited,Sweta Securities Private Limited,100,296.7,29670.0,2025-08-17 14:39:14.192199
2025-08-17,15072,2025081704014439,AHPC,Roadshow securities limited,Sweta Securities Private Limited,2430,296.4,720252.0,2025-08-17 14:39:14.192676
2025-08-17,15071,2025081704014440,AHPC,Asian Securities Private Ltd.,Sweta Securities Private Limited,1000,296.4,296400.0,2025-08-17 14:39:14.193123
2025-08-17,14872,2025081704014517,AHPC,Naasa Securities Co. Ltd.,KALASH STOCK MARKET PVT. LTD.,500,296.3,148150.0,2025-08-17 14:39:35.011687
2025-08-17,14871,2025081704014518,AHPC,South Asian Bulls Pvt. Ltd.,KALASH STOCK MARKET PVT. LTD.,1000,296.2,296200.0,2025-08-17 14:39:35.011761
2025-08-17,14870,2025081704014519,AHPC,Naasa Securities Co. Ltd.,KALASH STOCK MARKET PVT. LTD.,500,296.1,148050.0,2025-08-17 14:39:35.011811
2025-08-17,14832,2025081704014532,AHPC,Naasa Securities Co. Ltd.,Trisul Securities & Invt. Ltd.,2000,296.1,592200.0,2025-08-17 14:39:39.821462
2025-08-17,14544,2025081704014612,AHPC,Naasa Securities Co. Ltd.,Investment Management Nepal Pvt. Ltd.,1000,296.1,296100.0,2025-08-17 14:40:20.123599
2025-08-17,14534,2025081704014615,AHPC,Naasa Securities Co. Ltd.,Stoxkarts Securities Limited,1082,296.1,320380.2,2025-08-17 14:40:21.050487
2025-08-17,14528,2025081704014619,AHPC,Premier Securities Company Ltd.,Sweta Securities Private Limited,1066,296.4,315962.4,2025-08-17 14:40:21.984445
2025-08-17,14314,2025081704014676,AHPC,Naasa Securities Co. Ltd.,South Asian Bulls Pvt. Ltd.,13,296.1,3849.3,2025-08-17 14:40:40.752534
2025-08-17,14248,2025081704014697,AHPC,Miyo Securities Pvt Ltd,Blue Chip Securities Ltd,10,296.4,2964.0,2025-08-17 14:40:46.718455
2025-08-17,14108,2025081704014739,AHPC,Naasa Securities Co. Ltd.,Online Securities Pvt. Ltd.,20,296.1,5922.0,2025-08-17 14:41:02.952239
2025-08-17,14041,2025081704014755,AHPC,Naasa Securities Co. Ltd.,Vision Securities Pvt. Ltd,385,296.1,113998.5,2025-08-17 14:41:11.479612
2025-08-17,13856,2025081704014817,AHPC,Sweta Securities Private Limited,Sipla Securities Private Limited,66,296.0,19536.0,2025-08-17 14:41:35.419184
2025-08-17,13837,2025081704014821,AHPC,Sweta Securities Private Limited,Imperial Securities Company Pvt. Ltd.,100,296.0,29600.0,2025-08-17 14:41:37.233598
2025-08-17,13834,2025081704014822,AHPC,Sweta Securities Private Limited,Dakshinkali Investment & Securities Pvt. Ltd.,212,296.0,62752.0,2025-08-17 14:41:37.612873
2025-08-17,13833,2025081704014823,AHPC,Nepal Stock House (PVT) Ltd.,Dakshinkali Investment & Securities Pvt. Ltd.,100,296.0,29600.0,2025-08-17 14:41:37.613588
2025-08-17,13832,2025081704014824,AHPC,Opal Securities Investment (PVT) Ltd.,Dakshinkali Investment & Securities Pvt. Ltd.,195,296.0,57720.0,2025-08-17 14:41:37.614114
2025-08-17,13522,2025081704014924,AHPC,Opal Securities Investment (PVT) Ltd.,Vision Securities Pvt. Ltd,115,296.0,34040.0,2025-08-17 14:42:11.387944
2025-08-17,13517,2025081704014927,AHPC,Opal Securities Investment (PVT) Ltd.,Vision Securities Pvt. Ltd,190,296.0,56240.0,2025-08-17 14:42:12.401931
2025-08-17,13516,2025081704014928,AHPC,Opal Securities Investment (PVT) Ltd.,Vision Securities Pvt. Ltd,500,296.0,148000.0,2025-08-17 14:42:12.402644
2025-08-17,13515,2025081704014929,AHPC,Opal Securities Investment (PVT) Ltd.,Vision Securities Pvt. Ltd,220,296.0,65120.0,2025-08-17 14:42:12.403201
2025-08-17,13514,2025081704014930,AHPC,Opal Securities Investment (PVT) Ltd.,Vision Securities Pvt. Ltd,90,296.0,26640.0,2025-08-17 14:42:12.403841
2025-08-17,13459,2025081704014945,AHPC,Opal Securities Investment (PVT) Ltd.,Vision Securities Pvt. Ltd,380,296.0,112480.0,2025-08-17 14:42:20.530168
2025-08-17,13458,2025081704014946,AHPC,Oxford Securities Pvt. Ltd.,Vision Securities Pvt. Ltd,620,296.0,183520.0,2025-08-17 14:42:20.530563
2025-08-17,13412,2025081704014953,AHPC,Oxford Securities Pvt. Ltd.,Midas Stock Broking Company Private Limited,56,296.0,16576.0,2025-08-17 14:42:27.838160
2025-08-17,13401,2025081704014959,AHPC,Miyo Securities Pvt Ltd,Capital Max Securities Ltd,10,296.9,2969.0,2025-08-17 14:42:29.129619
2025-08-17,13335,2025081704014970,AHPC,Oxford Securities Pvt. Ltd.,Blue Chip Securities Ltd,149,296.0,44104.0,2025-08-17 14:42:33.479250
2025-08-17,13334,2025081704014971,AHPC,Sewa Securities Pvt. Ltd.,Blue Chip Securities Ltd,100,296.0,29600.0,2025-08-17 14:42:33.479960
2025-08-17,13333,2025081704014972,AHPC,Ashutosh Brokerage & Securities (PVT) Ltd.,Blue Chip Securities Ltd,17,296.0,5032.0,2025-08-17 14:42:33.480434
2025-08-17,13332,2025081704014973,AHPC,Sani Securities Company Ltd.,Blue Chip Securities Ltd,14,296.0,4144.0,2025-08-17 14:42:33.480891
2025-08-17,13269,2025081704014986,AHPC,Sani Securities Company Ltd.,Vision Securities Pvt. Ltd,321,296.0,95016.0,2025-08-17 14:42:39.926223
2025-08-17,13268,2025081704014987,AHPC,Siprabi Securities Pvt. Ltd.,Vision Securities Pvt. Ltd,72,296.0,21312.0,2025-08-17 14:42:39.926599
2025-08-17,13267,2025081704014988,AHPC,Premier Securities Company Ltd.,Vision Securities Pvt. Ltd,607,296.0,179672.0,2025-08-17 14:42:39.926749
2025-08-17,13230,2025081704014999,AHPC,Premier Securities Company Ltd.,Trishakti Securities Public Limited,54,296.0,15984.0,2025-08-17 14:42:47.218956
2025-08-17,13087,2025081704015025,AHPC,Premier Securities Company Ltd.,Sani Securities Company Ltd.,405,296.0,119880.0,2025-08-17 14:42:57.860031
2025-08-17,13086,2025081704015026,AHPC,Vision Securities Pvt. Ltd,Sani Securities Company Ltd.,1595,296.0,472120.0,2025-08-17 14:42:57.860803
2025-08-17,12991,2025081704015058,AHPC,Dynamic Money Managers Securities Pvt. Ltd.,Dynamic Money Managers Securities Pvt. Ltd.,5,296.0,1480.0,2025-08-17 14:43:07.738240
2025-08-17,12550,2025081704015215,AHPC,Vision Securities Pvt. Ltd,Secured Securities Ltd.,1500,296.0,444000.0,2025-08-17 14:43:49.925815
2025-08-17,12407,2025081704015245,AHPC,Vision Securities Pvt. Ltd,Premier Securities Company Ltd.,20,296.0,5920.0,2025-08-17 14:44:01.704245
2025-08-17,12380,2025081704015258,AHPC,Vision Securities Pvt. Ltd,Nepal Stock House (PVT) Ltd.,385,296.0,113960.0,2025-08-17 14:44:04.438327
2025-08-17,12379,2025081704015259,AHPC,Siprabi Securities Pvt. Ltd.,Nepal Stock House (PVT) Ltd.,15,296.0,4440.0,2025-08-17 14:44:04.438656
2025-08-17,12195,2025081704015303,AHPC,Naasa Securities Co. Ltd.,Capital Max Securities Ltd,10,296.9,2969.0,2025-08-17 14:44:35.932442
2025-08-17,12180,2025081704015312,AHPC,Naasa Securities Co. Ltd.,Shree Krishna Securities Ltd.,300,296.0,88800.0,2025-08-17 14:44:37.989992
2025-08-17,11814,2025081704015380,AHPC,Online Securities Pvt. Ltd.,Online Securities Pvt. Ltd.,3,290.5,871.5,2025-08-17 14:45:03.497632
2025-08-17,11783,2025081704015397,AHPC,Premier Securities Company Ltd.,South Asian Bulls Pvt. Ltd.,40,296.8,11872.0,2025-08-17 14:45:05.585829
2025-08-17,11782,2025081704015398,AHPC,Premier Securities Company Ltd.,Capital Max Securities Ltd,160,296.9,47504.0,2025-08-17 14:45:05.586143
2025-08-17,10799,2025081704015653,AHPC,South Asian Bulls Pvt. Ltd.,Online Securities Pvt. Ltd.,3000,296.1,888300.0,2025-08-17 14:47:04.563517
2025-08-17,10798,2025081704015654,AHPC,Naasa Securities Co. Ltd.,Online Securities Pvt. Ltd.,4700,296.0,1391200.0,2025-08-17 14:47:04.564288
2025-08-17,10794,2025081704015657,AHPC,Vision Securities Pvt. Ltd,Online Securities Pvt. Ltd.,1000,296.0,296000.0,2025-08-17 14:47:04.973137
2025-08-17,10069,2025081704015915,AHPC,Capital Hub P. Ltd,Nepal Stock House (PVT) Ltd.,1000,295.8,295800.0,2025-08-17 14:48:16.721463
2025-08-17,10068,2025081704015916,AHPC,Imperial Securities Company Pvt. Ltd.,Siprabi Securities Pvt. Ltd.,106,295.7,31344.2,2025-08-17 14:48:16.920827
2025-08-17,9973,2025081704015943,AHPC,Naasa Securities Co. Ltd.,Online Securities Pvt. Ltd.,10,296.0,2960.0,2025-08-17 14:48:27.006772
2025-08-17,9588,2025081704016043,AHPC,Imperial Securities Company Pvt. Ltd.,Premier Securities Company Ltd.,325,295.7,96102.5,2025-08-17 14:49:13.369241
2025-08-17,9531,2025081704016046,AHPC,Vision Securities Pvt. Ltd,Online Securities Pvt. Ltd.,100,296.0,29600.0,2025-08-17 14:49:15.722071
2025-08-17,9314,2025081704016104,AHPC,Miyo Securities Pvt Ltd,Online Securities Pvt. Ltd.,10,296.0,2960.0,2025-08-17 14:49:33.973124
2025-08-17,8912,2025081704016204,AHPC,Imperial Securities Company Pvt. Ltd.,Asian Securities Private Ltd.,30,295.7,8871.0,2025-08-17 14:50:13.532002
2025-08-17,8694,2025081704016289,AHPC,Imperial Securities Company Pvt. Ltd.,Nepal Stock House (PVT) Ltd.,439,295.7,129812.3,2025-08-17 14:50:34.707267
2025-08-17,8583,2025081704016313,AHPC,Asian Securities Private Ltd.,Nepal Stock House (PVT) Ltd.,500,295.6,147800.0,2025-08-17 14:50:44.621230
2025-08-17,8510,2025081704016347,AHPC,Miyo Securities Pvt Ltd,Nepal Stock House (PVT) Ltd.,61,295.7,18037.7,2025-08-17 14:50:53.306184
2025-08-17,8441,2025081704016352,AHPC,Asian Securities Private Ltd.,Sumeru Securities Pvt. Ltd.,400,295.6,118240.0,2025-08-17 14:50:59.458092
2025-08-17,8389,2025081704016361,AHPC,Miyo Securities Pvt Ltd,Online Securities Pvt. Ltd.,10,296.0,2960.0,2025-08-17 14:51:04.343373
2025-08-17,8239,2025081704016390,AHPC,Asian Securities Private Ltd.,Nepal Stock House (PVT) Ltd.,100,295.6,29560.0,2025-08-17 14:51:20.617035
2025-08-17,8192,2025081704016406,AHPC,Trishakti Securities Public Limited,Nepal Stock House (PVT) Ltd.,100,295.5,29550.0,2025-08-17 14:51:25.969068
2025-08-17,8191,2025081704016407,AHPC,Cristal Kanchanjanga Securites Pvt. Ltd.,Nepal Stock House (PVT) Ltd.,500,295.3,147650.0,2025-08-17 14:51:25.969112
2025-08-17,8190,2025081704016408,AHPC,Vision Securities Pvt. Ltd,Nepal Stock House (PVT) Ltd.,115,295.2,33948.0,2025-08-17 14:51:25.969149
2025-08-17,8009,2025081704016455,AHPC,Linch Stock Market Ltd.,Nepal Stock House (PVT) Ltd.,60,295.5,17730.0,2025-08-17 14:51:36.904133
2025-08-17,7864,2025081704016474,AHPC,Nabil Stock Dealer Ltd.,Nepal Stock House (PVT) Ltd.,100,295.5,29550.0,2025-08-17 14:51:50.015750
2025-08-17,7778,2025081704016497,AHPC,Dipshikha Dhitopatra Karobar Co. Pvt Ltd.,Shree Krishna Securities Ltd.,200,295.2,59040.0,2025-08-17 14:51:59.410625
2025-08-17,7600,2025081704016545,AHPC,Online Securities Pvt. Ltd.,Shree Krishna Securities Ltd.,800,295.2,236160.0,2025-08-17 14:52:15.687611
2025-08-17,7425,2025081704016565,AHPC,Online Securities Pvt. Ltd.,Online Securities Pvt. Ltd.,700,295.2,206640.0,2025-08-17 14:52:25.794231
2025-08-17,7424,2025081704016566,AHPC,Sani Securities Company Ltd.,Online Securities Pvt. Ltd.,470,295.1,138697.0,2025-08-17 14:52:25.794985
2025-08-17,7323,2025081704016595,AHPC,Sani Securities Company Ltd.,Himalayan Brokerage Company Limited,2030,295.1,599053.0,2025-08-17 14:52:30.858643
2025-08-17,7322,2025081704016596,AHPC,Trisul Securities & Invt. Ltd.,Himalayan Brokerage Company Limited,100,295.1,29510.0,2025-08-17 14:52:30.859374
2025-08-17,7321,2025081704016597,AHPC,Naasa Securities Co. Ltd.,Himalayan Brokerage Company Limited,30,295.1,8853.0,2025-08-17 14:52:30.859911
2025-08-17,7320,2025081704016598,AHPC,Sani Securities Company Ltd.,Himalayan Brokerage Company Limited,1075,295.0,317125.0,2025-08-17 14:52:30.860465
2025-08-17,7319,2025081704016599,AHPC,Midas Stock Broking Company Private Limited,Himalayan Brokerage Company Limited,100,295.0,29500.0,2025-08-17 14:52:30.860989
2025-08-17,7318,2025081704016600,AHPC,Oxford Securities Pvt. Ltd.,Himalayan Brokerage Company Limited,665,295.0,196175.0,2025-08-17 14:52:30.861514
2025-08-17,7085,2025081704016662,AHPC,Oxford Securities Pvt. Ltd.,Online Securities Pvt. Ltd.,335,295.0,98825.0,2025-08-17 14:52:48.046666
2025-08-17,7084,2025081704016663,AHPC,Secured Securities Ltd.,Online Securities Pvt. Ltd.,1000,295.0,295000.0,2025-08-17 14:52:48.046986
2025-08-17,7083,2025081704016664,AHPC,Oxford Securities Pvt. Ltd.,Online Securities Pvt. Ltd.,120,295.0,35400.0,2025-08-17 14:52:48.047133
2025-08-17,7082,2025081704016665,AHPC,Blue Chip Securities Ltd,Online Securities Pvt. Ltd.,500,295.0,147500.0,2025-08-17 14:52:48.047276
2025-08-17,7081,2025081704016666,AHPC,KALASH STOCK MARKET PVT. LTD.,Online Securities Pvt. Ltd.,1000,295.0,295000.0,2025-08-17 14:52:48.047435
2025-08-17,7080,2025081704016667,AHPC,Imperial Securities Company Pvt. Ltd.,Online Securities Pvt. Ltd.,500,295.0,147500.0,2025-08-17 14:52:48.047636
2025-08-17,7079,2025081704016668,AHPC,Sani Securities Company Ltd.,Online Securities Pvt. Ltd.,200,295.0,59000.0,2025-08-17 14:52:48.047779
2025-08-17,7078,2025081704016669,AHPC,Naasa Securities Co. Ltd.,Online Securities Pvt. Ltd.,57,295.0,16815.0,2025-08-17 14:52:48.047943
2025-08-17,7077,2025081704016670,AHPC,Deevyaa Securities & Stock House Pvt. Ltd,Online Securities Pvt. Ltd.,250,295.0,73750.0,2025-08-17 14:52:48.048155
2025-08-17,7076,2025081704016671,AHPC,SUN SECURITIES PVT LTD,Online Securities Pvt. Ltd.,500,295.0,147500.0,2025-08-17 14:52:48.048355
2025-08-17,7063,2025081704016674,AHPC,Online Securities Pvt. Ltd.,Online Securities Pvt. Ltd.,538,295.0,158710.0,2025-08-17 14:52:50.117609
2025-08-17,6857,2025081704016710,AHPC,Miyo Securities Pvt Ltd,Nepal Stock House (PVT) Ltd.,10,295.5,2955.0,2025-08-17 14:53:05.848948
2025-08-17,6353,2025081704016802,AHPC,Premier Securities Company Ltd.,Sri Hari Securities Pvt. Ltd.,500,295.2,147600.0,2025-08-17 14:53:53.827071
2025-08-17,5304,2025081704017063,AHPC,Miyo Securities Pvt Ltd,Linch Stock Market Ltd.,50,295.3,14765.0,2025-08-17 14:55:28.343289
2025-08-17,5075,2025081704017111,AHPC,Midas Stock Broking Company Private Limited,Linch Stock Market Ltd.,56,295.3,16536.8,2025-08-17 14:55:49.337147
2025-08-17,4878,2025081704017145,AHPC,South Asian Bulls Pvt. Ltd.,Linch Stock Market Ltd.,694,295.3,204938.2,2025-08-17 14:56:05.274922
2025-08-17,4537,2025081704017226,AHPC,South Asian Bulls Pvt. Ltd.,Primo Securities (PVT) Ltd.,806,295.3,238011.8,2025-08-17 14:56:31.863655
2025-08-17,4536,2025081704017227,AHPC,Capital Hub P. Ltd,Primo Securities (PVT) Ltd.,194,295.3,57288.2,2025-08-17 14:56:31.864401
2025-08-17,4488,2025081704017242,AHPC,Cristal Kanchanjanga Securites Pvt. Ltd.,Sweta Securities Private Limited,800,295.4,236320.0,2025-08-17 14:56:38.396253
2025-08-17,4465,2025081704017245,AHPC,Premier Securities Company Ltd.,Sweta Securities Private Limited,200,295.4,59080.0,2025-08-17 14:56:40.340950
2025-08-17,4247,2025081704017297,AHPC,Miyo Securities Pvt Ltd,Nepal Stock House (PVT) Ltd.,10,295.5,2955.0,2025-08-17 14:56:54.940701
2025-08-17,3945,2025081704017397,AHPC,Premier Securities Company Ltd.,Naasa Securities Co. Ltd.,800,295.4,236320.0,2025-08-17 14:57:12.084261
2025-08-17,3806,2025081704017433,AHPC,Capital Hub P. Ltd,Nepal Stock House (PVT) Ltd.,500,295.5,147750.0,2025-08-17 14:57:22.005424
2025-08-17,3164,2025081704017601,AHPC,Nepal Investment And Securities Trading Private Limited,J.F. Securites (PVT) Ltd.,80,295.4,23632.0,2025-08-17 14:58:00.563977
2025-08-17,2905,2025081704017669,AHPC,Imperial Securities Company Pvt. Ltd.,Nepal Stock House (PVT) Ltd.,320,295.5,94560.0,2025-08-17 14:58:14.762212
2025-08-17,2904,2025081704017670,AHPC,Imperial Securities Company Pvt. Ltd.,Aryatara Investment & Securities,110,295.5,32505.0,2025-08-17 14:58:14.762553
2025-08-17,2903,2025081704017671,AHPC,Imperial Securities Company Pvt. Ltd.,Aryatara Investment & Securities,70,295.5,20685.0,2025-08-17 14:58:14.762696
2025-08-17,2622,2025081704017733,AHPC,Nepal Investment And Securities Trading Private Limited,Trishakti Securities Public Limited,20,295.4,5908.0,2025-08-17 14:58:31.454795
2025-08-17,2621,2025081704017734,AHPC,Nepal Investment And Securities Trading Private Limited,Trishakti Securities Public Limited,50,295.4,14770.0,2025-08-17 14:58:31.455558
2025-08-17,2620,2025081704017735,AHPC,Dakshinkali Investment & Securities Pvt. Ltd.,Trishakti Securities Public Limited,300,295.4,88620.0,2025-08-17 14:58:31.456101
2025-08-17,2619,2025081704017736,AHPC,Sewa Securities Pvt. Ltd.,Trishakti Securities Public Limited,50,295.2,14760.0,2025-08-17 14:58:31.456584
2025-08-17,2618,2025081704017737,AHPC,Online Securities Pvt. Ltd.,Trishakti Securities Public Limited,500,295.2,147600.0,2025-08-17 14:58:31.457003
2025-08-17,2617,2025081704017738,AHPC,Sewa Securities Pvt. Ltd.,Trishakti Securities Public Limited,50,295.2,14760.0,2025-08-17 14:58:31.457497
2025-08-17,1970,2025081704017921,AHPC,Imperial Securities Company Pvt. Ltd.,Trishakti Securities Public Limited,30,295.2,8856.0,2025-08-17 14:59:05.957689
2025-08-17,1723,2025081704017968,AHPC,Vision Securities Pvt. Ltd,Primo Securities (PVT) Ltd.,450,295.4,132930.0,2025-08-17 14:59:15.832104
2025-08-17,1647,2025081704017997,AHPC,Imperial Securities Company Pvt. Ltd.,Naasa Securities Co. Ltd.,200,295.2,59040.0,2025-08-17 14:59:18.986817
2025-08-17,1372,2025081704018040,AHPC,Sundhara Securities Limited,Primo Securities (PVT) Ltd.,50,295.4,14770.0,2025-08-17 14:59:25.203803
2025-08-17,1371,2025081704018041,AHPC,Sundhara Securities Limited,Imperial Securities Company Pvt. Ltd.,50,295.4,14770.0,2025-08-17 14:59:25.204137
2025-08-17,1360,2025081704018047,AHPC,Imperial Securities Company Pvt. Ltd.,Kumari Securities Private Limited,470,295.2,138744.0,2025-08-17 14:59:26.055149
2025-08-17,1359,2025081704018048,AHPC,Online Securities Pvt. Ltd.,Kumari Securities Private Limited,962,295.1,283886.2,2025-08-17 14:59:26.055556
2025-08-17,1358,2025081704018049,AHPC,Linch Stock Market Ltd.,Kumari Securities Private Limited,1000,295.1,295100.0,2025-08-17 14:59:26.055715
2025-08-17,1357,2025081704018050,AHPC,Cristal Kanchanjanga Securites Pvt. Ltd.,Kumari Securities Private Limited,568,295.1,167616.8,2025-08-17 14:59:26.055864
2025-08-17,1319,2025081704018055,AHPC,Cristal Kanchanjanga Securites Pvt. Ltd.,Capital Max Securities Ltd,50,295.1,14755.0,2025-08-17 14:59:27.154994
2025-08-17,1035,2025081704018118,AHPC,Cristal Kanchanjanga Securites Pvt. Ltd.,KALASH STOCK MARKET PVT. LTD.,382,295.1,112728.2,2025-08-17 14:59:35.168156
2025-08-17,925,2025081704018150,AHPC,Nepal Stock House (PVT) Ltd.,KALASH STOCK MARKET PVT. LTD.,18,295.1,5311.8,2025-08-17 14:59:38.601071
2025-08-17,924,2025081704018151,AHPC,Nepal Stock House (PVT) Ltd.,Siprabi Securities Pvt. Ltd.,182,295.2,53726.4,2025-08-17 14:59:38.601422
2025-08-17,889,2025081704018179,AHPC,Dipshikha Dhitopatra Karobar Co. Pvt Ltd.,Siprabi Securities Pvt. Ltd.,238,295.2,70257.6,2025-08-17 14:59:39.253490
2025-08-17,199,2025081704018315,AHPC,Dipshikha Dhitopatra Karobar Co. Pvt Ltd.,Imperial Securities Company Pvt. Ltd.,162,295.2,47822.4,2025-08-17 14:59:55.177607
2025-08-17,198,2025081704018316,AHPC,Siprabi Securities Pvt. Ltd.,Imperial Securities Company Pvt. Ltd.,288,295.1,84988.8,2025-08-17 14:59:55.177909
