Date,S.N.,Contract ID,Symbol,Buyer Broker,Seller Broker,volume,rate,amount,transaction_time
2025-08-17,80227,2025081703000695,EDBL,Vision Securities Pvt. Ltd,Deevyaa Securities & Stock House Pvt. Ltd,10,625.0,6250.0,2025-08-17 11:18:47.099073
2025-08-17,76196,2025081703001276,EDBL,K.B.L. Securities Limited ,Imperial Securities Company Pvt. Ltd.,15,629.0,9435.0,2025-08-17 11:29:14.666085
2025-08-17,76195,2025081703001277,EDBL,K.B.L. Securities Limited ,Malla & Malla Stock Broking Company Pvt. Limited,50,629.9,31495.0,2025-08-17 11:29:14.666151
2025-08-17,76194,2025081703001278,EDBL,K.B.L. Securities Limited ,Imperial Securities Company Pvt. Ltd.,30,630.0,18900.0,2025-08-17 11:29:14.666196
2025-08-17,76193,2025081703001279,EDBL,K.B.L. Securities Limited ,Hatemalo Financial Services Private Limited,405,630.0,255150.0,2025-08-17 11:29:14.666238
2025-08-17,75881,2025081703001321,EDBL,K.B.L. Securities Limited ,Hatemalo Financial Services Private Limited,95,630.0,59850.0,2025-08-17 11:29:59.817319
2025-08-17,74302,2025081703001586,EDBL,Vision Securities Pvt. Ltd,Pragyan Securities (PVT) Ltd.,20,626.0,12520.0,2025-08-17 11:33:56.895419
2025-08-17,74301,2025081703001587,EDBL,K.B.L. Securities Limited ,Pragyan Securities (PVT) Ltd.,115,625.0,71875.0,2025-08-17 11:33:56.895472
2025-08-17,71412,2025081703002108,EDBL,K.B.L. Securities Limited ,Linch Stock Market Ltd.,15,629.5,9442.5,2025-08-17 11:41:45.262515
2025-08-17,67565,2025081703002780,EDBL,K.B.L. Securities Limited ,Creative Securities Pvt Ltd,300,629.4,188820.0,2025-08-17 11:53:49.353861
2025-08-17,67564,2025081703002781,EDBL,K.B.L. Securities Limited ,Linch Stock Market Ltd.,238,629.5,149821.0,2025-08-17 11:53:49.353948
2025-08-17,67563,2025081703002782,EDBL,K.B.L. Securities Limited ,Cristal Kanchanjanga Securites Pvt. Ltd.,47,630.0,29610.0,2025-08-17 11:53:49.353980
2025-08-17,66479,2025081703002958,EDBL,Siprabi Securities Pvt. Ltd.,Siprabi Securities Pvt. Ltd.,2,620.3,1240.6,2025-08-17 11:57:11.471189
2025-08-17,64230,2025081703003398,EDBL,K.B.L. Securities Limited ,INDEX SECURITIES LIMITED,200,625.1,125020.0,2025-08-17 12:04:10.576514
2025-08-17,64229,2025081703003399,EDBL,ABC Securities Private Limited,INDEX SECURITIES LIMITED,30,625.0,18750.0,2025-08-17 12:04:10.576665
2025-08-17,64228,2025081703003400,EDBL,K.B.L. Securities Limited ,INDEX SECURITIES LIMITED,200,625.0,125000.0,2025-08-17 12:04:10.576752
2025-08-17,64227,2025081703003401,EDBL,Deevyaa Securities & Stock House Pvt. Ltd,INDEX SECURITIES LIMITED,100,625.0,62500.0,2025-08-17 12:04:10.576838
2025-08-17,64226,2025081703003402,EDBL,Agrawal Securities (PVT) Ltd.,INDEX SECURITIES LIMITED,70,624.0,43680.0,2025-08-17 12:04:10.576923
2025-08-17,60622,2025081703004013,EDBL,K.B.L. Securities Limited ,Sani Securities Company Ltd.,40,625.0,25000.0,2025-08-17 12:14:42.931757
2025-08-17,58154,2025081703004396,EDBL,Agrawal Securities (PVT) Ltd.,Opal Securities Investment (PVT) Ltd.,30,624.0,18720.0,2025-08-17 12:21:53.720531
2025-08-17,58153,2025081703004397,EDBL,ABC Securities Private Limited,Opal Securities Investment (PVT) Ltd.,20,622.1,12442.0,2025-08-17 12:21:53.720697
2025-08-17,49731,2025081703005793,EDBL,Naasa Securities Co. Ltd.,Sani Securities Company Ltd.,70,622.2,43554.0,2025-08-17 12:52:01.943509
2025-08-17,49730,2025081703005794,EDBL,Trisul Securities & Invt. Ltd.,Sani Securities Company Ltd.,30,622.1,18663.0,2025-08-17 12:52:01.943581
2025-08-17,49729,2025081703005795,EDBL,Online Securities Pvt. Ltd.,Sani Securities Company Ltd.,50,622.0,31100.0,2025-08-17 12:52:01.943617
2025-08-17,49728,2025081703005796,EDBL,Online Securities Pvt. Ltd.,Sani Securities Company Ltd.,100,622.0,62200.0,2025-08-17 12:52:01.943649
2025-08-17,46958,2025081703006197,EDBL,South Asian Bulls Pvt. Ltd.,Dynamic Money Managers Securities Pvt. Ltd.,300,621.4,186420.0,2025-08-17 13:02:23.270184
2025-08-17,46957,2025081703006198,EDBL,Dynamic Money Managers Securities Pvt. Ltd.,Dynamic Money Managers Securities Pvt. Ltd.,400,621.3,248520.0,2025-08-17 13:02:23.270252
2025-08-17,46956,2025081703006199,EDBL,Ashutosh Brokerage & Securities (PVT) Ltd.,Dynamic Money Managers Securities Pvt. Ltd.,1000,621.2,621200.0,2025-08-17 13:02:23.270286
2025-08-17,45983,2025081703006337,EDBL,South Asian Bulls Pvt. Ltd.,Naasa Securities Co. Ltd.,200,621.3,124260.0,2025-08-17 13:04:58.735493
2025-08-17,45876,2025081703006354,EDBL,ABC Securities Private Limited,Sani Securities Company Ltd.,25,621.2,15530.0,2025-08-17 13:05:12.787998
2025-08-17,45875,2025081703006355,EDBL,South Asian Bulls Pvt. Ltd.,Sani Securities Company Ltd.,300,621.2,186360.0,2025-08-17 13:05:12.788170
2025-08-17,45874,2025081703006356,EDBL,Agrawal Securities (PVT) Ltd.,Sani Securities Company Ltd.,385,621.1,239123.5,2025-08-17 13:05:12.788282
2025-08-17,45720,2025081703006389,EDBL,Agrawal Securities (PVT) Ltd.,Naasa Securities Co. Ltd.,615,621.1,381976.5,2025-08-17 13:05:41.106141
2025-08-17,44344,2025081703006604,EDBL,Imperial Securities Company Pvt. Ltd.,Naasa Securities Co. Ltd.,50,621.1,31055.0,2025-08-17 13:09:34.904239
2025-08-17,43702,2025081703006685,EDBL,Sani Securities Company Ltd.,Naasa Securities Co. Ltd.,60,621.0,37260.0,2025-08-17 13:11:26.870715
2025-08-17,39895,2025081703007319,EDBL,South Asian Bulls Pvt. Ltd.,Sundhara Securities Limited,300,621.1,186330.0,2025-08-17 13:22:04.867309
2025-08-17,39894,2025081703007320,EDBL,Sani Securities Company Ltd.,Sundhara Securities Limited,400,621.0,248400.0,2025-08-17 13:22:04.867497
2025-08-17,34288,2025081703008274,EDBL,Sani Securities Company Ltd.,Himalayan Brokerage Company Limited,40,621.0,24840.0,2025-08-17 13:40:47.637321
2025-08-17,34287,2025081703008275,EDBL,ABC Securities Private Limited,Himalayan Brokerage Company Limited,20,620.1,12402.0,2025-08-17 13:40:47.637392
2025-08-17,34286,2025081703008276,EDBL,South Asian Bulls Pvt. Ltd.,Himalayan Brokerage Company Limited,300,620.1,186030.0,2025-08-17 13:40:47.637427
2025-08-17,34285,2025081703008277,EDBL,Kohinoor Investment & Securities Pvt. Ltd.,Himalayan Brokerage Company Limited,40,620.0,24800.0,2025-08-17 13:40:47.637465
2025-08-17,34284,2025081703008278,EDBL,Sani Securities Company Ltd.,Himalayan Brokerage Company Limited,10,620.0,6200.0,2025-08-17 13:40:47.637498
2025-08-17,34283,2025081703008279,EDBL,ABC Securities Private Limited,Himalayan Brokerage Company Limited,10,620.0,6200.0,2025-08-17 13:40:47.637525
2025-08-17,34282,2025081703008280,EDBL,BHOLE GANESH SECURITIES LTD,Himalayan Brokerage Company Limited,80,620.0,49600.0,2025-08-17 13:40:47.637556
2025-08-17,32379,2025081703008556,EDBL,BHOLE GANESH SECURITIES LTD,Property Wiard Limited,100,620.0,62000.0,2025-08-17 13:47:44.704447
2025-08-17,28881,2025081703009176,EDBL,Dynamic Money Managers Securities Pvt. Ltd.,Indira securities pvt. ltd,790,621.0,490590.0,2025-08-17 13:59:26.531918
2025-08-17,28018,2025081703009344,EDBL,Dynamic Money Managers Securities Pvt. Ltd.,Oxford Securities Pvt. Ltd.,10,621.0,6210.0,2025-08-17 14:03:20.879731
2025-08-17,26996,2025081703009498,EDBL,Malla & Malla Stock Broking Company Pvt. Limited,Deevyaa Securities & Stock House Pvt. Ltd,370,620.2,229474.0,2025-08-17 14:06:37.960275
2025-08-17,26995,2025081703009499,EDBL,South Asian Bulls Pvt. Ltd.,Deevyaa Securities & Stock House Pvt. Ltd,100,620.1,62010.0,2025-08-17 14:06:37.960318
2025-08-17,26994,2025081703009500,EDBL,BHOLE GANESH SECURITIES LTD,Deevyaa Securities & Stock House Pvt. Ltd,20,620.0,12400.0,2025-08-17 14:06:37.960347
2025-08-17,26993,2025081703009501,EDBL,Sundhara Securities Limited,Deevyaa Securities & Stock House Pvt. Ltd,50,620.0,31000.0,2025-08-17 14:06:37.960376
2025-08-17,26992,2025081703009502,EDBL,Dynamic Money Managers Securities Pvt. Ltd.,Deevyaa Securities & Stock House Pvt. Ltd,256,620.0,158720.0,2025-08-17 14:06:37.960403
2025-08-17,26590,2025081703009556,EDBL,Vision Securities Pvt. Ltd,Oxford Securities Pvt. Ltd.,36,621.0,22356.0,2025-08-17 14:07:42.394971
2025-08-17,25795,2025081703009681,EDBL,Vision Securities Pvt. Ltd,Sani Securities Company Ltd.,10,622.0,6220.0,2025-08-17 14:10:13.768783
2025-08-17,25794,2025081703009682,EDBL,Vision Securities Pvt. Ltd,Sumeru Securities Pvt. Ltd.,15,622.0,9330.0,2025-08-17 14:10:13.768869
2025-08-17,25591,2025081703009713,EDBL,Vision Securities Pvt. Ltd,Dipshikha Dhitopatra Karobar Co. Pvt Ltd.,50,625.0,31250.0,2025-08-17 14:11:03.356376
2025-08-17,25590,2025081703009714,EDBL,Vision Securities Pvt. Ltd,Citizens Share Broker Limited,19,629.0,11951.0,2025-08-17 14:11:03.356515
2025-08-17,16490,2025081703011213,EDBL,Himalayan Brokerage Company Limited,Dynamic Money Managers Securities Pvt. Ltd.,50,625.0,31250.0,2025-08-17 14:35:53.059269
2025-08-17,16489,2025081703011214,EDBL,Opal Securities Investment (PVT) Ltd.,Dynamic Money Managers Securities Pvt. Ltd.,100,625.0,62500.0,2025-08-17 14:35:53.059357
2025-08-17,9850,2025081703012381,EDBL,Bhrikuti Stock Broking Co. Pvt. Ltd.,Dynamic Money Managers Securities Pvt. Ltd.,100,622.0,62200.0,2025-08-17 14:48:43.973553
2025-08-17,9849,2025081703012382,EDBL,Bhrikuti Stock Broking Co. Pvt. Ltd.,Dynamic Money Managers Securities Pvt. Ltd.,100,622.0,62200.0,2025-08-17 14:48:43.973647
2025-08-17,9711,2025081703012407,EDBL,J.F. Securites (PVT) Ltd.,Agrawal Securities (PVT) Ltd.,500,621.3,310650.0,2025-08-17 14:49:00.728483
2025-08-17,9591,2025081703012445,EDBL,Dynamic Money Managers Securities Pvt. Ltd.,Agrawal Securities (PVT) Ltd.,300,621.2,186360.0,2025-08-17 14:49:12.898485
2025-08-17,8148,2025081703012714,EDBL,Naasa Securities Co. Ltd.,Sipla Securities Private Limited,10,621.0,6210.0,2025-08-17 14:51:28.007104
2025-08-17,7238,2025081703012845,EDBL,Naasa Securities Co. Ltd.,APPLE SECURITIES PRIVATE LIMITED,20,621.0,12420.0,2025-08-17 14:52:37.025603
2025-08-17,7237,2025081703012846,EDBL,Dakshinkali Investment & Securities Pvt. Ltd.,APPLE SECURITIES PRIVATE LIMITED,35,620.1,21703.5,2025-08-17 14:52:37.025708
2025-08-17,7236,2025081703012847,EDBL,Dynamic Money Managers Securities Pvt. Ltd.,APPLE SECURITIES PRIVATE LIMITED,144,620.0,89280.0,2025-08-17 14:52:37.025758
2025-08-17,7235,2025081703012848,EDBL,Dynamic Money Managers Securities Pvt. Ltd.,APPLE SECURITIES PRIVATE LIMITED,300,620.0,186000.0,2025-08-17 14:52:37.025793
2025-08-17,7091,2025081703012860,EDBL,Dynamic Money Managers Securities Pvt. Ltd.,Kohinoor Investment & Securities Pvt. Ltd.,300,619.4,185820.0,2025-08-17 14:52:47.148471
2025-08-17,7090,2025081703012861,EDBL,Dynamic Money Managers Securities Pvt. Ltd.,Kohinoor Investment & Securities Pvt. Ltd.,400,619.3,247720.0,2025-08-17 14:52:47.148516
2025-08-17,7089,2025081703012862,EDBL,Thrive Brokerage House Pvt. Ltd,Kohinoor Investment & Securities Pvt. Ltd.,20,619.2,12384.0,2025-08-17 14:52:47.148544
2025-08-17,6591,2025081703012957,EDBL,Vision Securities Pvt. Ltd,Dynamic Money Managers Securities Pvt. Ltd.,20,622.0,12440.0,2025-08-17 14:53:29.721545
2025-08-17,6590,2025081703012958,EDBL,Vision Securities Pvt. Ltd,Imperial Securities Company Pvt. Ltd.,10,624.9,6249.0,2025-08-17 14:53:29.721589
2025-08-17,3395,2025081703013605,EDBL,Naasa Securities Co. Ltd.,Cristal Kanchanjanga Securites Pvt. Ltd.,59,620.0,36580.0,2025-08-17 14:57:47.969123
2025-08-17,3394,2025081703013606,EDBL,Naasa Securities Co. Ltd.,South Asian Bulls Pvt. Ltd.,1,620.0,620.0,2025-08-17 14:57:47.969241
2025-08-17,2699,2025081703013772,EDBL,Vision Securities Pvt. Ltd,Imperial Securities Company Pvt. Ltd.,40,619.3,24772.0,2025-08-17 14:58:26.972836
2025-08-17,2698,2025081703013773,EDBL,Dynamic Money Managers Securities Pvt. Ltd.,Imperial Securities Company Pvt. Ltd.,120,619.3,74316.0,2025-08-17 14:58:26.972992
2025-08-17,2105,2025081703013900,EDBL,Dynamic Money Managers Securities Pvt. Ltd.,Imperial Securities Company Pvt. Ltd.,150,619.3,92895.0,2025-08-17 14:58:59.804628
2025-08-17,1356,2025081703014060,EDBL,Agrawal Securities (PVT) Ltd.,Siprabi Securities Pvt. Ltd.,100,619.9,61990.0,2025-08-17 14:59:26.072372
2025-08-17,835,2025081703014155,EDBL,Dynamic Money Managers Securities Pvt. Ltd.,Sanima Securities Limited,500,619.4,309700.0,2025-08-17 14:59:41.296218
