Date,S.N.,Contract ID,Symbol,Buyer Broker,Seller Broker,volume,rate,amount,transaction_time
2025-08-17,83869,2025081703000303,GBBL,Thrive Brokerage House Pvt. Ltd,South Asian Bulls Pvt. Ltd.,31,431.5,13376.5,2025-08-17 11:08:27.445078
2025-08-17,83868,2025081703000304,GBBL,Thrive Brokerage House Pvt. Ltd,Dipshikha Dhitopatra Karobar Co. Pvt Ltd.,100,431.7,43170.0,2025-08-17 11:08:27.445215
2025-08-17,83867,2025081703000305,GBBL,Thrive Brokerage House Pvt. Ltd,Dynamic Money Managers Securities Pvt. Ltd.,200,431.8,86360.0,2025-08-17 11:08:27.445316
2025-08-17,83866,2025081703000306,GBBL,Thrive Brokerage House Pvt. Ltd,Dakshinkali Investment & Securities Pvt. Ltd.,150,432.0,64800.0,2025-08-17 11:08:27.445431
2025-08-17,83865,2025081703000307,GBBL,Thrive Brokerage House Pvt. Ltd,Imperial Securities Company Pvt. Ltd.,75,432.0,32400.0,2025-08-17 11:08:27.445510
2025-08-17,83864,2025081703000308,GBBL,Thrive Brokerage House Pvt. Ltd,Vision Securities Pvt. Ltd,50,432.1,21605.0,2025-08-17 11:08:27.445592
2025-08-17,83863,2025081703000309,GBBL,Thrive Brokerage House Pvt. Ltd,Linch Stock Market Ltd.,794,432.1,343087.4,2025-08-17 11:08:27.445670
2025-08-17,83741,2025081703000327,GBBL,Thrive Brokerage House Pvt. Ltd,Linch Stock Market Ltd.,200,432.1,86420.0,2025-08-17 11:08:45.505271
2025-08-17,83263,2025081703000369,GBBL,Thrive Brokerage House Pvt. Ltd,Opal Securities Investment (PVT) Ltd.,200,432.1,86420.0,2025-08-17 11:10:09.828538
2025-08-17,83097,2025081703000385,GBBL,Prabhu Stock Market Limited,Opal Securities Investment (PVT) Ltd.,300,432.1,129630.0,2025-08-17 11:10:42.003410
2025-08-17,83096,2025081703000386,GBBL,Prabhu Stock Market Limited,Opal Securities Investment (PVT) Ltd.,40,432.1,17284.0,2025-08-17 11:10:42.003472
2025-08-17,83095,2025081703000387,GBBL,Prabhu Stock Market Limited,Trishakti Securities Public Limited,500,439.0,219500.0,2025-08-17 11:10:42.003513
2025-08-17,83094,2025081703000388,GBBL,Prabhu Stock Market Limited,Imperial Securities Company Pvt. Ltd.,50,439.5,21975.0,2025-08-17 11:10:42.003539
2025-08-17,83093,2025081703000389,GBBL,Prabhu Stock Market Limited,Primo Securities (PVT) Ltd.,105,440.0,46200.0,2025-08-17 11:10:42.003562
2025-08-17,83092,2025081703000390,GBBL,Prabhu Stock Market Limited,Thrive Brokerage House Pvt. Ltd,120,440.0,52800.0,2025-08-17 11:10:42.003593
2025-08-17,83091,2025081703000391,GBBL,Prabhu Stock Market Limited,Vision Securities Pvt. Ltd,250,440.0,110000.0,2025-08-17 11:10:42.003622
2025-08-17,83090,2025081703000392,GBBL,Prabhu Stock Market Limited,Siprabi Securities Pvt. Ltd.,50,440.0,22000.0,2025-08-17 11:10:42.003641
2025-08-17,83089,2025081703000393,GBBL,Prabhu Stock Market Limited,Trisul Securities & Invt. Ltd.,85,440.7,37459.5,2025-08-17 11:10:42.003662
2025-08-17,83051,2025081703000398,GBBL,Prabhu Stock Market Limited,Trisul Securities & Invt. Ltd.,115,440.7,50680.5,2025-08-17 11:10:51.029809
2025-08-17,82899,2025081703000412,GBBL,Prabhu Stock Market Limited,Primo Securities (PVT) Ltd.,10,449.4,4494.0,2025-08-17 11:11:14.310911
2025-08-17,82755,2025081703000425,GBBL,Shree Krishna Securities Ltd.,Ashutosh Brokerage & Securities (PVT) Ltd.,150,447.0,67050.0,2025-08-17 11:11:39.292894
2025-08-17,81834,2025081703000509,GBBL,Siprabi Securities Pvt. Ltd.,Sri Hari Securities Pvt. Ltd.,10,439.0,4390.0,2025-08-17 11:14:19.754371
2025-08-17,81833,2025081703000510,GBBL,Vision Securities Pvt. Ltd,Sri Hari Securities Pvt. Ltd.,490,438.1,214669.0,2025-08-17 11:14:19.754591
2025-08-17,80022,2025081703000734,GBBL,Midas Stock Broking Company Private Limited,Kohinoor Investment & Securities Pvt. Ltd.,100,431.0,43100.0,2025-08-17 11:19:24.428305
2025-08-17,79844,2025081703000760,GBBL,Midas Stock Broking Company Private Limited,Secured Securities Ltd.,40,431.0,17240.0,2025-08-17 11:19:45.256926
2025-08-17,79753,2025081703000775,GBBL,Midas Stock Broking Company Private Limited,Sani Securities Company Ltd.,56,431.0,24136.0,2025-08-17 11:20:00.199971
2025-08-17,79706,2025081703000778,GBBL,Aryatara Investment & Securities,Naasa Securities Co. Ltd.,200,430.2,86040.0,2025-08-17 11:20:07.910097
2025-08-17,79705,2025081703000779,GBBL,Sani Securities Company Ltd.,Naasa Securities Co. Ltd.,100,430.1,43010.0,2025-08-17 11:20:07.910233
2025-08-17,79704,2025081703000780,GBBL,Agrawal Securities (PVT) Ltd.,Naasa Securities Co. Ltd.,60,430.1,25806.0,2025-08-17 11:20:07.910297
2025-08-17,79542,2025081703000805,GBBL,Agrawal Securities (PVT) Ltd.,Sani Securities Company Ltd.,224,430.1,96342.4,2025-08-17 11:20:27.588952
2025-08-17,78696,2025081703000929,GBBL,Primo Securities (PVT) Ltd.,Online Securities Pvt. Ltd.,200,434.0,86800.0,2025-08-17 11:22:41.543390
2025-08-17,78575,2025081703000946,GBBL,Creative Securities Pvt Ltd,Online Securities Pvt. Ltd.,100,434.0,43400.0,2025-08-17 11:23:06.152829
2025-08-17,78534,2025081703000951,GBBL,Kumari Securities Private Limited,Online Securities Pvt. Ltd.,300,434.0,130200.0,2025-08-17 11:23:12.757869
2025-08-17,78532,2025081703000952,GBBL,Aryatara Investment & Securities,K.B.L. Securities Limited ,10,434.0,4340.0,2025-08-17 11:23:13.478163
2025-08-17,78422,2025081703000966,GBBL,Siprabi Securities Pvt. Ltd.,Dipshikha Dhitopatra Karobar Co. Pvt Ltd.,25,435.0,10875.0,2025-08-17 11:23:30.309563
2025-08-17,78421,2025081703000967,GBBL,Siprabi Securities Pvt. Ltd.,Sri Hari Securities Pvt. Ltd.,375,436.8,163800.0,2025-08-17 11:23:30.309845
2025-08-17,77968,2025081703001017,GBBL,Sumeru Securities Pvt. Ltd.,Online Securities Pvt. Ltd.,54,435.0,23490.0,2025-08-17 11:24:39.322250
2025-08-17,77720,2025081703001053,GBBL,Vision Securities Pvt. Ltd,Online Securities Pvt. Ltd.,46,434.1,19968.6,2025-08-17 11:25:21.999628
2025-08-17,77056,2025081703001116,GBBL,Vision Securities Pvt. Ltd,Dynamic Money Managers Securities Pvt. Ltd.,194,434.1,84215.4,2025-08-17 11:26:56.537035
2025-08-17,76953,2025081703001132,GBBL,Trisul Securities & Invt. Ltd.,Dynamic Money Managers Securities Pvt. Ltd.,100,433.5,43350.0,2025-08-17 11:27:13.745152
2025-08-17,76952,2025081703001133,GBBL,Trishakti Securities Public Limited,Dynamic Money Managers Securities Pvt. Ltd.,900,433.4,390060.0,2025-08-17 11:27:13.745291
2025-08-17,76607,2025081703001195,GBBL,Trishakti Securities Public Limited,Dynamic Money Managers Securities Pvt. Ltd.,100,433.4,43340.0,2025-08-17 11:28:14.355505
2025-08-17,76606,2025081703001196,GBBL,Sani Securities Company Ltd.,Dynamic Money Managers Securities Pvt. Ltd.,500,433.3,216650.0,2025-08-17 11:28:14.355685
2025-08-17,76446,2025081703001221,GBBL,Kohinoor Investment & Securities Pvt. Ltd.,Miyo Securities Pvt Ltd,90,433.2,38988.0,2025-08-17 11:28:35.079210
2025-08-17,76445,2025081703001222,GBBL,Nepal Investment And Securities Trading Private Limited,Miyo Securities Pvt Ltd,400,432.2,172880.0,2025-08-17 11:28:35.079533
2025-08-17,75466,2025081703001418,GBBL,Nepal Investment And Securities Trading Private Limited,Dakshinkali Investment & Securities Pvt. Ltd.,10,434.9,4349.0,2025-08-17 11:30:51.158409
2025-08-17,72903,2025081703001838,GBBL,Cristal Kanchanjanga Securites Pvt. Ltd.,Dakshinkali Investment & Securities Pvt. Ltd.,90,432.2,38898.0,2025-08-17 11:37:24.456487
2025-08-17,72491,2025081703001926,GBBL,Creative Securities Pvt Ltd,ABC Securities Private Limited,10,433.5,4335.0,2025-08-17 11:38:41.009482
2025-08-17,72255,2025081703001971,GBBL,Nagarik Stock Dealer ,Sundhara Securities Limited,200,434.8,86960.0,2025-08-17 11:39:14.822038
2025-08-17,72254,2025081703001972,GBBL,Nagarik Stock Dealer ,Capital Max Securities Ltd,105,434.9,45664.5,2025-08-17 11:39:14.822096
2025-08-17,72253,2025081703001973,GBBL,Nagarik Stock Dealer ,Vision Securities Pvt. Ltd,150,435.0,65250.0,2025-08-17 11:39:14.822123
2025-08-17,72252,2025081703001974,GBBL,Nagarik Stock Dealer ,Bhrikuti Stock Broking Co. Pvt. Ltd.,400,435.0,174000.0,2025-08-17 11:39:14.822149
2025-08-17,72251,2025081703001975,GBBL,Nagarik Stock Dealer ,Kumari Securities Private Limited,200,435.0,87000.0,2025-08-17 11:39:14.822173
2025-08-17,72250,2025081703001976,GBBL,Nagarik Stock Dealer ,APPLE SECURITIES PRIVATE LIMITED,945,435.0,411075.0,2025-08-17 11:39:14.822206
2025-08-17,71853,2025081703002025,GBBL,Aryatara Investment & Securities,Dynamic Money Managers Securities Pvt. Ltd.,50,434.0,21700.0,2025-08-17 11:40:19.867147
2025-08-17,70469,2025081703002273,GBBL,Thrive Brokerage House Pvt. Ltd,Dynamic Money Managers Securities Pvt. Ltd.,150,434.0,65100.0,2025-08-17 11:44:42.394867
2025-08-17,70468,2025081703002274,GBBL,Thrive Brokerage House Pvt. Ltd,Opal Securities Investment (PVT) Ltd.,10,434.0,4340.0,2025-08-17 11:44:42.395048
2025-08-17,70467,2025081703002275,GBBL,Thrive Brokerage House Pvt. Ltd,Primo Securities (PVT) Ltd.,440,434.0,190960.0,2025-08-17 11:44:42.395136
2025-08-17,70120,2025081703002321,GBBL,Kumari Securities Private Limited,Capital Hub P. Ltd,10,433.1,4331.0,2025-08-17 11:45:57.301547
2025-08-17,70119,2025081703002322,GBBL,Deevyaa Securities & Stock House Pvt. Ltd,Capital Hub P. Ltd,200,433.1,86620.0,2025-08-17 11:45:57.301971
2025-08-17,70052,2025081703002328,GBBL,Asian Securities Private Ltd.,Capital Hub P. Ltd,90,433.1,38979.0,2025-08-17 11:46:13.647589
2025-08-17,69996,2025081703002341,GBBL,Asian Securities Private Ltd.,Primo Securities (PVT) Ltd.,10,434.0,4340.0,2025-08-17 11:46:26.826742
2025-08-17,69755,2025081703002382,GBBL,Online Securities Pvt. Ltd.,Primo Securities (PVT) Ltd.,50,434.0,21700.0,2025-08-17 11:47:07.566037
2025-08-17,69622,2025081703002403,GBBL,Online Securities Pvt. Ltd.,APPLE SECURITIES PRIVATE LIMITED,55,435.0,23925.0,2025-08-17 11:47:23.777510
2025-08-17,69621,2025081703002404,GBBL,Online Securities Pvt. Ltd.,Malla & Malla Stock Broking Company Pvt. Limited,33,435.0,14355.0,2025-08-17 11:47:23.777716
2025-08-17,69620,2025081703002405,GBBL,Online Securities Pvt. Ltd.,Premier Securities Company Ltd.,500,435.0,217500.0,2025-08-17 11:47:23.777793
2025-08-17,69619,2025081703002406,GBBL,Online Securities Pvt. Ltd.,Neev Securities Pvt. Ltd.,64,435.0,27840.0,2025-08-17 11:47:23.777865
2025-08-17,69412,2025081703002481,GBBL,Creative Securities Pvt Ltd,Kohinoor Investment & Securities Pvt. Ltd.,1000,433.1,433100.0,2025-08-17 11:48:11.842364
2025-08-17,69411,2025081703002482,GBBL,Nagarik Stock Dealer ,Kohinoor Investment & Securities Pvt. Ltd.,2800,433.0,1212400.0,2025-08-17 11:48:11.842755
2025-08-17,69410,2025081703002483,GBBL,Kumari Securities Private Limited,Kohinoor Investment & Securities Pvt. Ltd.,230,433.0,99590.0,2025-08-17 11:48:11.843021
2025-08-17,69409,2025081703002484,GBBL,Cristal Kanchanjanga Securites Pvt. Ltd.,Kohinoor Investment & Securities Pvt. Ltd.,60,432.2,25932.0,2025-08-17 11:48:11.843286
2025-08-17,69408,2025081703002485,GBBL,Aryatara Investment & Securities,Kohinoor Investment & Securities Pvt. Ltd.,200,432.2,86440.0,2025-08-17 11:48:11.843549
2025-08-17,69407,2025081703002486,GBBL,Aryatara Investment & Securities,Kohinoor Investment & Securities Pvt. Ltd.,5710,432.0,2466720.0,2025-08-17 11:48:11.843783
2025-08-17,68471,2025081703002636,GBBL,Infinity Securities Limited,ABC Securities Private Limited,25,434.0,10850.0,2025-08-17 11:51:14.289887
2025-08-17,67301,2025081703002826,GBBL,Pragyan Securities (PVT) Ltd.,Miyo Securities Pvt Ltd,10,435.9,4359.0,2025-08-17 11:54:37.343055
2025-08-17,67300,2025081703002827,GBBL,Pragyan Securities (PVT) Ltd.,Aryatara Investment & Securities,100,436.0,43600.0,2025-08-17 11:54:37.343158
2025-08-17,67299,2025081703002828,GBBL,Pragyan Securities (PVT) Ltd.,Bhrikuti Stock Broking Co. Pvt. Ltd.,100,436.0,43600.0,2025-08-17 11:54:37.343186
2025-08-17,67298,2025081703002829,GBBL,Pragyan Securities (PVT) Ltd.,Bhrikuti Stock Broking Co. Pvt. Ltd.,10,436.0,4360.0,2025-08-17 11:54:37.343208
2025-08-17,67297,2025081703002830,GBBL,Pragyan Securities (PVT) Ltd.,APPLE SECURITIES PRIVATE LIMITED,280,436.2,122136.0,2025-08-17 11:54:37.343232
2025-08-17,67177,2025081703002845,GBBL,R.B.B. Securities Company Ltd,APPLE SECURITIES PRIVATE LIMITED,500,436.2,218100.0,2025-08-17 11:55:08.621727
2025-08-17,67170,2025081703002846,GBBL,Sri Hari Securities Pvt. Ltd.,Nepal Investment And Securities Trading Private Limited,10,435.0,4350.0,2025-08-17 11:55:10.076366
2025-08-17,66994,2025081703002866,GBBL,Midas Stock Broking Company Private Limited,Kohinoor Investment & Securities Pvt. Ltd.,200,434.1,86820.0,2025-08-17 11:55:40.259777
2025-08-17,66903,2025081703002878,GBBL,Midas Stock Broking Company Private Limited,Online Securities Pvt. Ltd.,100,434.1,43410.0,2025-08-17 11:55:53.873157
2025-08-17,66870,2025081703002881,GBBL,Aryatara Investment & Securities,Nepal Investment And Securities Trading Private Limited,100,435.0,43500.0,2025-08-17 11:56:00.432528
2025-08-17,66824,2025081703002896,GBBL,Pragyan Securities (PVT) Ltd.,Nepal Investment And Securities Trading Private Limited,190,435.0,82650.0,2025-08-17 11:56:07.908229
2025-08-17,66777,2025081703002899,GBBL,Pragyan Securities (PVT) Ltd.,Linch Stock Market Ltd.,75,435.0,32625.0,2025-08-17 11:56:13.850590
2025-08-17,66651,2025081703002923,GBBL,Pragyan Securities (PVT) Ltd.,Dynamic Money Managers Securities Pvt. Ltd.,235,435.0,102225.0,2025-08-17 11:56:34.725021
2025-08-17,66650,2025081703002924,GBBL,Dipshikha Dhitopatra Karobar Co. Pvt Ltd.,Dynamic Money Managers Securities Pvt. Ltd.,265,435.0,115275.0,2025-08-17 11:56:34.725221
2025-08-17,66311,2025081703003004,GBBL,Indira securities pvt. ltd,Vision Securities Pvt. Ltd,200,436.0,87200.0,2025-08-17 11:57:43.953996
2025-08-17,66219,2025081703003024,GBBL,Naasa Securities Co. Ltd.,Vision Securities Pvt. Ltd,960,436.0,418560.0,2025-08-17 11:57:58.634179
2025-08-17,66201,2025081703003025,GBBL,Swarna Laxmi Securities Pvt. Ltd.,APPLE SECURITIES PRIVATE LIMITED,100,436.2,43620.0,2025-08-17 11:58:00.898381
2025-08-17,66186,2025081703003027,GBBL,Naasa Securities Co. Ltd.,Vision Securities Pvt. Ltd,40,436.0,17440.0,2025-08-17 11:58:04.182656
2025-08-17,65961,2025081703003079,GBBL,Kalika Securities Pvt. Ltd.,Ashutosh Brokerage & Securities (PVT) Ltd.,50,435.9,21795.0,2025-08-17 11:58:41.602013
2025-08-17,65895,2025081703003083,GBBL,Kalika Securities Pvt. Ltd.,Vision Securities Pvt. Ltd,150,436.0,65400.0,2025-08-17 11:58:53.669124
2025-08-17,65836,2025081703003098,GBBL,Kalika Securities Pvt. Ltd.,Vision Securities Pvt. Ltd,30,436.0,13080.0,2025-08-17 11:59:09.288415
2025-08-17,65784,2025081703003112,GBBL,Kalika Securities Pvt. Ltd.,Vision Securities Pvt. Ltd,20,436.0,8720.0,2025-08-17 11:59:24.550371
2025-08-17,65499,2025081703003176,GBBL,Dipshikha Dhitopatra Karobar Co. Pvt Ltd.,Vision Securities Pvt. Ltd,50,436.0,21800.0,2025-08-17 12:00:17.575535
2025-08-17,65415,2025081703003187,GBBL,Kalika Securities Pvt. Ltd.,APPLE SECURITIES PRIVATE LIMITED,40,436.2,17448.0,2025-08-17 12:00:29.525914
2025-08-17,65379,2025081703003193,GBBL,Vision Securities Pvt. Ltd,APPLE SECURITIES PRIVATE LIMITED,300,436.2,130860.0,2025-08-17 12:00:38.824699
2025-08-17,65372,2025081703003194,GBBL,South Asian Bulls Pvt. Ltd.,APPLE SECURITIES PRIVATE LIMITED,780,436.2,340236.0,2025-08-17 12:00:39.997097
2025-08-17,65371,2025081703003195,GBBL,South Asian Bulls Pvt. Ltd.,Sri Hari Securities Pvt. Ltd.,125,436.8,54600.0,2025-08-17 12:00:39.997302
2025-08-17,65370,2025081703003196,GBBL,South Asian Bulls Pvt. Ltd.,Online Securities Pvt. Ltd.,25,437.0,10925.0,2025-08-17 12:00:39.997378
2025-08-17,65369,2025081703003197,GBBL,South Asian Bulls Pvt. Ltd.,APPLE SECURITIES PRIVATE LIMITED,2070,437.0,904590.0,2025-08-17 12:00:39.997452
2025-08-17,65194,2025081703003230,GBBL,Sumeru Securities Pvt. Ltd.,APPLE SECURITIES PRIVATE LIMITED,100,437.0,43700.0,2025-08-17 12:01:03.878572
2025-08-17,65192,2025081703003231,GBBL,Vision Securities Pvt. Ltd,APPLE SECURITIES PRIVATE LIMITED,100,437.0,43700.0,2025-08-17 12:01:03.995135
2025-08-17,65028,2025081703003254,GBBL,Asian Securities Private Ltd.,APPLE SECURITIES PRIVATE LIMITED,250,437.0,109250.0,2025-08-17 12:01:37.723075
2025-08-17,64932,2025081703003274,GBBL,Nagarik Stock Dealer ,APPLE SECURITIES PRIVATE LIMITED,480,437.0,209760.0,2025-08-17 12:01:51.639749
2025-08-17,64931,2025081703003275,GBBL,Nagarik Stock Dealer ,Oxford Securities Pvt. Ltd.,465,437.7,203530.5,2025-08-17 12:01:51.639852
2025-08-17,64930,2025081703003276,GBBL,Nagarik Stock Dealer ,Miyo Securities Pvt Ltd,266,437.8,116454.8,2025-08-17 12:01:51.639934
2025-08-17,64929,2025081703003277,GBBL,Nagarik Stock Dealer ,Oxford Securities Pvt. Ltd.,789,437.9,345503.1,2025-08-17 12:01:51.640011
2025-08-17,64748,2025081703003298,GBBL,Oxford Securities Pvt. Ltd.,Vision Securities Pvt. Ltd,20,436.2,8724.0,2025-08-17 12:02:26.532602
2025-08-17,63656,2025081703003485,GBBL,Kalika Securities Pvt. Ltd.,Malla & Malla Stock Broking Company Pvt. Limited,25,437.0,10925.0,2025-08-17 12:05:45.526556
2025-08-17,63642,2025081703003490,GBBL,Kalika Securities Pvt. Ltd.,Infinity Securities Limited,100,437.0,43700.0,2025-08-17 12:05:49.715979
2025-08-17,63546,2025081703003506,GBBL,Kalika Securities Pvt. Ltd.,Pragyan Securities (PVT) Ltd.,13,437.0,5681.0,2025-08-17 12:06:05.581370
2025-08-17,63467,2025081703003517,GBBL,Kalika Securities Pvt. Ltd.,Oxford Securities Pvt. Ltd.,62,437.9,27149.8,2025-08-17 12:06:24.391448
2025-08-17,63387,2025081703003541,GBBL,Kalika Securities Pvt. Ltd.,Oxford Securities Pvt. Ltd.,20,437.9,8758.0,2025-08-17 12:06:41.724812
2025-08-17,62987,2025081703003592,GBBL,Opal Securities Investment (PVT) Ltd.,Oxford Securities Pvt. Ltd.,10,437.9,4379.0,2025-08-17 12:07:59.221831
2025-08-17,62820,2025081703003618,GBBL,Oxford Securities Pvt. Ltd.,Primo Securities (PVT) Ltd.,1,432.0,432.0,2025-08-17 12:08:31.251342
2025-08-17,62630,2025081703003653,GBBL,Oxford Securities Pvt. Ltd.,Bhrikuti Stock Broking Co. Pvt. Ltd.,1,433.0,433.0,2025-08-17 12:09:03.410132
2025-08-17,62542,2025081703003667,GBBL,Oxford Securities Pvt. Ltd.,Siprabi Securities Pvt. Ltd.,1,434.0,434.0,2025-08-17 12:09:16.485694
2025-08-17,62315,2025081703003706,GBBL,Dynamic Money Managers Securities Pvt. Ltd.,Oxford Securities Pvt. Ltd.,20,437.9,8758.0,2025-08-17 12:10:02.938148
2025-08-17,61991,2025081703003781,GBBL,Naasa Securities Co. Ltd.,Sundhara Securities Limited,20,437.8,8756.0,2025-08-17 12:10:52.954960
2025-08-17,61521,2025081703003854,GBBL,Dipshikha Dhitopatra Karobar Co. Pvt Ltd.,Sri Hari Securities Pvt. Ltd.,50,436.0,21800.0,2025-08-17 12:12:14.288367
2025-08-17,61520,2025081703003855,GBBL,Linch Stock Market Ltd.,Sri Hari Securities Pvt. Ltd.,100,436.0,43600.0,2025-08-17 12:12:14.288570
2025-08-17,61483,2025081703003864,GBBL,Linch Stock Market Ltd.,Ashutosh Brokerage & Securities (PVT) Ltd.,100,436.0,43600.0,2025-08-17 12:12:19.938806
2025-08-17,61482,2025081703003865,GBBL,Sani Securities Company Ltd.,Ashutosh Brokerage & Securities (PVT) Ltd.,200,436.0,87200.0,2025-08-17 12:12:19.939063
2025-08-17,61149,2025081703003927,GBBL,Midas Stock Broking Company Private Limited,Kohinoor Investment & Securities Pvt. Ltd.,50,437.7,21885.0,2025-08-17 12:13:23.639089
2025-08-17,61148,2025081703003928,GBBL,Midas Stock Broking Company Private Limited,Sundhara Securities Limited,230,437.8,100694.0,2025-08-17 12:13:23.639322
2025-08-17,61147,2025081703003929,GBBL,Midas Stock Broking Company Private Limited,Oxford Securities Pvt. Ltd.,99,437.9,43352.1,2025-08-17 12:13:23.639476
2025-08-17,61146,2025081703003930,GBBL,Midas Stock Broking Company Private Limited,Dynamic Money Managers Securities Pvt. Ltd.,121,437.9,52985.9,2025-08-17 12:13:23.639582
2025-08-17,60825,2025081703003981,GBBL,Sani Securities Company Ltd.,Trishakti Securities Public Limited,800,436.0,348800.0,2025-08-17 12:14:13.742341
2025-08-17,60824,2025081703003982,GBBL,South Asian Bulls Pvt. Ltd.,Trishakti Securities Public Limited,200,436.0,87200.0,2025-08-17 12:14:13.742728
2025-08-17,60823,2025081703003983,GBBL,Aryatara Investment & Securities,Trishakti Securities Public Limited,50,436.0,21800.0,2025-08-17 12:14:13.742962
2025-08-17,60822,2025081703003984,GBBL,Aryatara Investment & Securities,Trishakti Securities Public Limited,100,435.2,43520.0,2025-08-17 12:14:13.743205
2025-08-17,60821,2025081703003985,GBBL,Premier Securities Company Ltd.,Trishakti Securities Public Limited,200,435.1,87020.0,2025-08-17 12:14:13.743443
2025-08-17,60820,2025081703003986,GBBL,Opal Securities Investment (PVT) Ltd.,Trishakti Securities Public Limited,10,435.0,4350.0,2025-08-17 12:14:13.743686
2025-08-17,60819,2025081703003987,GBBL,Cristal Kanchanjanga Securites Pvt. Ltd.,Trishakti Securities Public Limited,2000,435.0,870000.0,2025-08-17 12:14:13.743912
2025-08-17,60632,2025081703004012,GBBL,Nepal Investment And Securities Trading Private Limited,Trishakti Securities Public Limited,500,435.0,217500.0,2025-08-17 12:14:42.233122
2025-08-17,60497,2025081703004030,GBBL,Siprabi Securities Pvt. Ltd.,Cristal Kanchanjanga Securites Pvt. Ltd.,20,434.2,8684.0,2025-08-17 12:15:04.133801
2025-08-17,60496,2025081703004031,GBBL,Sani Securities Company Ltd.,Cristal Kanchanjanga Securites Pvt. Ltd.,980,434.2,425516.0,2025-08-17 12:15:04.134002
2025-08-17,59810,2025081703004152,GBBL,Sani Securities Company Ltd.,Trishakti Securities Public Limited,20,434.2,8684.0,2025-08-17 12:17:11.108563
2025-08-17,59809,2025081703004153,GBBL,Vision Securities Pvt. Ltd,Trishakti Securities Public Limited,200,434.2,86840.0,2025-08-17 12:17:11.108945
2025-08-17,59808,2025081703004154,GBBL,Infinity Securities Limited,Trishakti Securities Public Limited,175,434.0,75950.0,2025-08-17 12:17:11.109216
2025-08-17,59807,2025081703004155,GBBL,Kumari Securities Private Limited,Trishakti Securities Public Limited,245,434.0,106330.0,2025-08-17 12:17:11.109461
2025-08-17,59185,2025081703004256,GBBL,Kumari Securities Private Limited,Dipshikha Dhitopatra Karobar Co. Pvt Ltd.,55,434.0,23870.0,2025-08-17 12:19:08.233415
2025-08-17,59184,2025081703004257,GBBL,Pragyan Securities (PVT) Ltd.,Dipshikha Dhitopatra Karobar Co. Pvt Ltd.,50,434.0,21700.0,2025-08-17 12:19:08.233651
2025-08-17,58439,2025081703004340,GBBL,Pragyan Securities (PVT) Ltd.,Opal Securities Investment (PVT) Ltd.,200,434.0,86800.0,2025-08-17 12:21:04.409375
2025-08-17,58397,2025081703004348,GBBL,Oxford Securities Pvt. Ltd.,Linch Stock Market Ltd.,6,432.1,2592.6,2025-08-17 12:21:14.816207
2025-08-17,58300,2025081703004377,GBBL,Oxford Securities Pvt. Ltd.,Aryatara Investment & Securities,7,432.2,3025.4,2025-08-17 12:21:29.886968
2025-08-17,56975,2025081703004640,GBBL,Pragyan Securities (PVT) Ltd.,Sani Securities Company Ltd.,100,434.0,43400.0,2025-08-17 12:25:06.474114
2025-08-17,56217,2025081703004777,GBBL,Pragyan Securities (PVT) Ltd.,Siprabi Securities Pvt. Ltd.,150,434.0,65100.0,2025-08-17 12:27:32.892972
2025-08-17,56216,2025081703004778,GBBL,Nepal Investment And Securities Trading Private Limited,Siprabi Securities Pvt. Ltd.,20,434.0,8680.0,2025-08-17 12:27:32.893277
2025-08-17,56215,2025081703004779,GBBL,Sani Securities Company Ltd.,Siprabi Securities Pvt. Ltd.,320,434.0,138880.0,2025-08-17 12:27:32.893405
2025-08-17,55997,2025081703004800,GBBL,Sani Securities Company Ltd.,Bhrikuti Stock Broking Co. Pvt. Ltd.,80,434.0,34720.0,2025-08-17 12:28:15.835753
2025-08-17,55996,2025081703004801,GBBL,Sani Securities Company Ltd.,Bhrikuti Stock Broking Co. Pvt. Ltd.,620,434.0,269080.0,2025-08-17 12:28:15.835929
2025-08-17,55622,2025081703004873,GBBL,Sani Securities Company Ltd.,Imperial Securities Company Pvt. Ltd.,200,434.0,86800.0,2025-08-17 12:29:43.007149
2025-08-17,55084,2025081703004954,GBBL,Kalika Securities Pvt. Ltd.,Kohinoor Investment & Securities Pvt. Ltd.,10,435.0,4350.0,2025-08-17 12:31:34.713961
2025-08-17,54273,2025081703005052,GBBL,Indira securities pvt. ltd,Kohinoor Investment & Securities Pvt. Ltd.,101,435.0,43935.0,2025-08-17 12:34:15.474487
2025-08-17,54272,2025081703005053,GBBL,Indira securities pvt. ltd,Opal Securities Investment (PVT) Ltd.,15,435.0,6525.0,2025-08-17 12:34:15.474741
2025-08-17,53901,2025081703005122,GBBL,Kohinoor Investment & Securities Pvt. Ltd.,Imperial Securities Company Pvt. Ltd.,55,435.0,23925.0,2025-08-17 12:35:48.314298
2025-08-17,53900,2025081703005123,GBBL,Vision Securities Pvt. Ltd,Imperial Securities Company Pvt. Ltd.,135,435.0,58725.0,2025-08-17 12:35:48.314712
2025-08-17,53663,2025081703005168,GBBL,Indira securities pvt. ltd,Imperial Securities Company Pvt. Ltd.,10,435.0,4350.0,2025-08-17 12:36:35.823698
2025-08-17,53629,2025081703005173,GBBL,Indira securities pvt. ltd,Nepal Stock House (PVT) Ltd.,374,435.0,162690.0,2025-08-17 12:36:41.825973
2025-08-17,53145,2025081703005244,GBBL,Naasa Securities Co. Ltd.,Nepal Stock House (PVT) Ltd.,13,434.9,5653.7,2025-08-17 12:38:27.818545
2025-08-17,52854,2025081703005295,GBBL,Dipshikha Dhitopatra Karobar Co. Pvt Ltd.,Nepal Stock House (PVT) Ltd.,50,434.9,21745.0,2025-08-17 12:39:26.363180
2025-08-17,51944,2025081703005424,GBBL,Dipshikha Dhitopatra Karobar Co. Pvt Ltd.,Malla & Malla Stock Broking Company Pvt. Limited,15,436.0,6540.0,2025-08-17 12:43:21.856849
2025-08-17,51943,2025081703005425,GBBL,Dipshikha Dhitopatra Karobar Co. Pvt Ltd.,Imperial Securities Company Pvt. Ltd.,100,436.0,43600.0,2025-08-17 12:43:21.857153
2025-08-17,51942,2025081703005426,GBBL,Dipshikha Dhitopatra Karobar Co. Pvt Ltd.,J.F. Securites (PVT) Ltd.,25,436.0,10900.0,2025-08-17 12:43:21.857247
2025-08-17,51792,2025081703005444,GBBL,Thrive Brokerage House Pvt. Ltd,Aryatara Investment & Securities,12,436.9,5242.8,2025-08-17 12:44:02.026356
2025-08-17,51032,2025081703005588,GBBL,Oxford Securities Pvt. Ltd.,Nepal Stock House (PVT) Ltd.,3,434.9,1304.7,2025-08-17 12:47:13.627823
2025-08-17,50879,2025081703005607,GBBL,Sewa Securities Pvt. Ltd.,Linch Stock Market Ltd.,50,436.0,21800.0,2025-08-17 12:47:44.176696
2025-08-17,50750,2025081703005642,GBBL,Dipshikha Dhitopatra Karobar Co. Pvt Ltd.,Linch Stock Market Ltd.,20,436.0,8720.0,2025-08-17 12:48:12.780094
2025-08-17,50568,2025081703005669,GBBL,Sewa Securities Pvt. Ltd.,Linch Stock Market Ltd.,50,436.0,21800.0,2025-08-17 12:48:49.491699
2025-08-17,50339,2025081703005707,GBBL,Premier Securities Company Ltd.,Linch Stock Market Ltd.,80,436.0,34880.0,2025-08-17 12:49:53.823395
2025-08-17,50338,2025081703005708,GBBL,Premier Securities Company Ltd.,Nepal Stock House (PVT) Ltd.,20,436.0,8720.0,2025-08-17 12:49:53.823853
2025-08-17,50051,2025081703005739,GBBL,Premier Securities Company Ltd.,Nepal Stock House (PVT) Ltd.,10,436.0,4360.0,2025-08-17 12:50:53.089155
2025-08-17,49855,2025081703005771,GBBL,South Asian Bulls Pvt. Ltd.,Sri Hari Securities Pvt. Ltd.,275,435.3,119707.5,2025-08-17 12:51:36.881956
2025-08-17,48975,2025081703005907,GBBL,Neev Securities Pvt. Ltd.,Aryatara Investment & Securities,100,436.9,43690.0,2025-08-17 12:54:48.510478
2025-08-17,48110,2025081703006019,GBBL,Online Securities Pvt. Ltd.,Aryatara Investment & Securities,18,436.7,7860.6,2025-08-17 12:58:14.348470
2025-08-17,48075,2025081703006026,GBBL,Sani Securities Company Ltd.,Cristal Kanchanjanga Securites Pvt. Ltd.,50,436.8,21840.0,2025-08-17 12:58:22.920617
2025-08-17,47899,2025081703006068,GBBL,APPLE SECURITIES PRIVATE LIMITED,Cristal Kanchanjanga Securites Pvt. Ltd.,50,436.8,21840.0,2025-08-17 12:59:00.179346
2025-08-17,47736,2025081703006091,GBBL,APPLE SECURITIES PRIVATE LIMITED,Agrawal Securities (PVT) Ltd.,10,436.9,4369.0,2025-08-17 12:59:41.283540
2025-08-17,47735,2025081703006092,GBBL,APPLE SECURITIES PRIVATE LIMITED,Creative Securities Pvt Ltd,1000,436.9,436900.0,2025-08-17 12:59:41.283790
2025-08-17,47734,2025081703006093,GBBL,APPLE SECURITIES PRIVATE LIMITED,Malla & Malla Stock Broking Company Pvt. Limited,50,437.0,21850.0,2025-08-17 12:59:41.283889
2025-08-17,47733,2025081703006094,GBBL,APPLE SECURITIES PRIVATE LIMITED,Vision Securities Pvt. Ltd,940,437.0,410780.0,2025-08-17 12:59:41.283981
2025-08-17,47631,2025081703006104,GBBL,APPLE SECURITIES PRIVATE LIMITED,Naasa Securities Co. Ltd.,28,436.8,12230.4,2025-08-17 13:00:09.180107
2025-08-17,47573,2025081703006114,GBBL,Sani Securities Company Ltd.,Vision Securities Pvt. Ltd,50,437.0,21850.0,2025-08-17 13:00:23.558477
2025-08-17,46959,2025081703006196,GBBL,APPLE SECURITIES PRIVATE LIMITED,Nepal Investment And Securities Trading Private Limited,200,436.8,87360.0,2025-08-17 13:02:23.201858
2025-08-17,46623,2025081703006255,GBBL,Online Securities Pvt. Ltd.,Dynamic Money Managers Securities Pvt. Ltd.,240,436.9,104856.0,2025-08-17 13:03:28.456104
2025-08-17,46221,2025081703006306,GBBL,Online Securities Pvt. Ltd.,Arun Securities (PVT) Ltd.,260,436.9,113594.0,2025-08-17 13:04:32.632534
2025-08-17,46220,2025081703006307,GBBL,APPLE SECURITIES PRIVATE LIMITED,Arun Securities (PVT) Ltd.,1722,436.8,752169.6,2025-08-17 13:04:32.632984
2025-08-17,46219,2025081703006308,GBBL,South Asian Bulls Pvt. Ltd.,Arun Securities (PVT) Ltd.,18,436.8,7862.4,2025-08-17 13:04:32.633295
2025-08-17,45857,2025081703006361,GBBL,South Asian Bulls Pvt. Ltd.,Siprabi Securities Pvt. Ltd.,80,436.8,34944.0,2025-08-17 13:05:14.101899
2025-08-17,45690,2025081703006396,GBBL,Capital Max Securities Ltd,Naasa Securities Co. Ltd.,37,436.8,16161.6,2025-08-17 13:05:47.147778
2025-08-17,45346,2025081703006434,GBBL,Capital Max Securities Ltd,Dipshikha Dhitopatra Karobar Co. Pvt Ltd.,63,436.8,27518.4,2025-08-17 13:06:27.100697
2025-08-17,45345,2025081703006435,GBBL,Deevyaa Securities & Stock House Pvt. Ltd,Dipshikha Dhitopatra Karobar Co. Pvt Ltd.,200,436.4,87280.0,2025-08-17 13:06:27.101234
2025-08-17,45344,2025081703006436,GBBL,South Asian Bulls Pvt. Ltd.,Dipshikha Dhitopatra Karobar Co. Pvt Ltd.,37,436.2,16139.4,2025-08-17 13:06:27.101601
2025-08-17,45316,2025081703006441,GBBL,South Asian Bulls Pvt. Ltd.,Himalayan Brokerage Company Limited,287,436.2,125189.4,2025-08-17 13:06:35.288333
2025-08-17,45261,2025081703006452,GBBL,South Asian Bulls Pvt. Ltd.,Hatemalo Financial Services Private Limited,176,436.2,76771.2,2025-08-17 13:06:49.098136
2025-08-17,45260,2025081703006453,GBBL,South Asian Bulls Pvt. Ltd.,Hatemalo Financial Services Private Limited,624,436.1,272126.4,2025-08-17 13:06:49.098180
2025-08-17,44555,2025081703006571,GBBL,South Asian Bulls Pvt. Ltd.,KALASH STOCK MARKET PVT. LTD.,101,436.1,44046.1,2025-08-17 13:09:01.130719
2025-08-17,44554,2025081703006572,GBBL,ABC Securities Private Limited,KALASH STOCK MARKET PVT. LTD.,49,436.0,21364.0,2025-08-17 13:09:01.130955
2025-08-17,44497,2025081703006573,GBBL,ABC Securities Private Limited,Swarna Laxmi Securities Pvt. Ltd.,1500,436.0,654000.0,2025-08-17 13:09:10.311583
2025-08-17,44463,2025081703006587,GBBL,Kumari Securities Private Limited,Vision Securities Pvt. Ltd,500,436.6,218300.0,2025-08-17 13:09:16.615163
2025-08-17,44462,2025081703006588,GBBL,ABC Securities Private Limited,Vision Securities Pvt. Ltd,451,436.0,196636.0,2025-08-17 13:09:16.615609
2025-08-17,44461,2025081703006589,GBBL,Investment Management Nepal Pvt. Ltd.,Vision Securities Pvt. Ltd,50,436.0,21800.0,2025-08-17 13:09:16.615893
2025-08-17,44325,2025081703006605,GBBL,South Asian Bulls Pvt. Ltd.,Agrawal Securities (PVT) Ltd.,2,436.8,873.6,2025-08-17 13:09:37.436262
2025-08-17,43438,2025081703006765,GBBL,J.F. Securites (PVT) Ltd.,Market Securities & Exchange (PVT) Ltd.,50,435.0,21750.0,2025-08-17 13:12:02.442712
2025-08-17,43437,2025081703006766,GBBL,Sani Securities Company Ltd.,Market Securities & Exchange (PVT) Ltd.,400,435.0,174000.0,2025-08-17 13:12:02.442938
2025-08-17,43436,2025081703006767,GBBL,Oxford Securities Pvt. Ltd.,Market Securities & Exchange (PVT) Ltd.,50,435.0,21750.0,2025-08-17 13:12:02.443040
2025-08-17,43254,2025081703006809,GBBL,Oxford Securities Pvt. Ltd.,Sweta Securities Private Limited,50,435.0,21750.0,2025-08-17 13:12:23.202738
2025-08-17,43253,2025081703006810,GBBL,Dipshikha Dhitopatra Karobar Co. Pvt Ltd.,Sweta Securities Private Limited,50,434.5,21725.0,2025-08-17 13:12:23.202840
2025-08-17,43252,2025081703006811,GBBL,Nagarik Stock Dealer ,Sweta Securities Private Limited,900,434.5,391050.0,2025-08-17 13:12:23.202945
2025-08-17,42693,2025081703006865,GBBL,Nagarik Stock Dealer ,Online Securities Pvt. Ltd.,100,434.5,43450.0,2025-08-17 13:13:51.206617
2025-08-17,42416,2025081703006898,GBBL,Bhrikuti Stock Broking Co. Pvt. Ltd.,Sri Hari Securities Pvt. Ltd.,66,434.2,28657.2,2025-08-17 13:14:55.653609
2025-08-17,42415,2025081703006899,GBBL,Dynamic Money Managers Securities Pvt. Ltd.,Sri Hari Securities Pvt. Ltd.,25,434.1,10852.5,2025-08-17 13:14:55.653900
2025-08-17,42414,2025081703006900,GBBL,KALASH STOCK MARKET PVT. LTD.,Sri Hari Securities Pvt. Ltd.,1000,434.1,434100.0,2025-08-17 13:14:55.653995
2025-08-17,42413,2025081703006901,GBBL,Sani Securities Company Ltd.,Sri Hari Securities Pvt. Ltd.,909,434.0,394506.0,2025-08-17 13:14:55.654094
2025-08-17,42093,2025081703006929,GBBL,Imperial Securities Company Pvt. Ltd.,Vision Securities Pvt. Ltd,10,435.0,4350.0,2025-08-17 13:15:52.640700
2025-08-17,41774,2025081703006998,GBBL,Imperial Securities Company Pvt. Ltd.,Vision Securities Pvt. Ltd,490,435.0,213150.0,2025-08-17 13:17:01.951603
2025-08-17,41481,2025081703007027,GBBL,Sani Securities Company Ltd.,Neev Securities Pvt. Ltd.,271,434.0,117614.0,2025-08-17 13:17:44.343475
2025-08-17,41480,2025081703007028,GBBL,Vision Securities Pvt. Ltd,Neev Securities Pvt. Ltd.,110,434.0,47740.0,2025-08-17 13:17:44.343740
2025-08-17,41479,2025081703007029,GBBL,Imperial Securities Company Pvt. Ltd.,Neev Securities Pvt. Ltd.,200,434.0,86800.0,2025-08-17 13:17:44.343836
2025-08-17,40955,2025081703007101,GBBL,South Asian Bulls Pvt. Ltd.,Nepal Stock House (PVT) Ltd.,200,433.1,86620.0,2025-08-17 13:19:06.414425
2025-08-17,40503,2025081703007178,GBBL,South Asian Bulls Pvt. Ltd.,Naasa Securities Co. Ltd.,320,433.1,138592.0,2025-08-17 13:20:30.125659
2025-08-17,40356,2025081703007205,GBBL,South Asian Bulls Pvt. Ltd.,Naasa Securities Co. Ltd.,10,433.1,4331.0,2025-08-17 13:20:55.364111
2025-08-17,40183,2025081703007239,GBBL,Kumari Securities Private Limited,Neev Securities Pvt. Ltd.,200,434.0,86800.0,2025-08-17 13:21:18.950253
2025-08-17,39717,2025081703007360,GBBL,South Asian Bulls Pvt. Ltd.,Vision Securities Pvt. Ltd,470,433.1,203557.0,2025-08-17 13:22:40.951830
2025-08-17,39716,2025081703007361,GBBL,Bhrikuti Stock Broking Co. Pvt. Ltd.,Vision Securities Pvt. Ltd,90,433.0,38970.0,2025-08-17 13:22:40.952064
2025-08-17,39715,2025081703007362,GBBL,APPLE SECURITIES PRIVATE LIMITED,Vision Securities Pvt. Ltd,514,433.0,222562.0,2025-08-17 13:22:40.952159
2025-08-17,39446,2025081703007392,GBBL,APPLE SECURITIES PRIVATE LIMITED,Dipshikha Dhitopatra Karobar Co. Pvt Ltd.,16,433.0,6928.0,2025-08-17 13:23:33.452709
2025-08-17,39361,2025081703007406,GBBL,Kohinoor Investment & Securities Pvt. Ltd.,Sri Hari Securities Pvt. Ltd.,50,433.1,21655.0,2025-08-17 13:23:56.022707
2025-08-17,39360,2025081703007407,GBBL,APPLE SECURITIES PRIVATE LIMITED,Sri Hari Securities Pvt. Ltd.,950,433.0,411350.0,2025-08-17 13:23:56.023209
2025-08-17,38907,2025081703007504,GBBL,Kohinoor Investment & Securities Pvt. Ltd.,Aryatara Investment & Securities,50,433.2,21660.0,2025-08-17 13:25:13.312331
2025-08-17,38906,2025081703007505,GBBL,Online Securities Pvt. Ltd.,Aryatara Investment & Securities,900,433.1,389790.0,2025-08-17 13:25:13.312562
2025-08-17,38069,2025081703007601,GBBL,Online Securities Pvt. Ltd.,Sani Securities Company Ltd.,20,433.1,8662.0,2025-08-17 13:27:55.372000
2025-08-17,37260,2025081703007739,GBBL,Sewa Securities Pvt. Ltd.,Neev Securities Pvt. Ltd.,19,434.0,8246.0,2025-08-17 13:30:54.489214
2025-08-17,36661,2025081703007854,GBBL,Thrive Brokerage House Pvt. Ltd,Vision Securities Pvt. Ltd,400,433.2,173280.0,2025-08-17 13:32:52.254936
2025-08-17,36660,2025081703007855,GBBL,Online Securities Pvt. Ltd.,Vision Securities Pvt. Ltd,80,433.2,34656.0,2025-08-17 13:32:52.255207
2025-08-17,36659,2025081703007856,GBBL,Naasa Securities Co. Ltd.,Vision Securities Pvt. Ltd,30,433.2,12996.0,2025-08-17 13:32:52.255308
2025-08-17,36658,2025081703007857,GBBL,APPLE SECURITIES PRIVATE LIMITED,Vision Securities Pvt. Ltd,520,433.0,225160.0,2025-08-17 13:32:52.255399
2025-08-17,36657,2025081703007858,GBBL,Agrawal Securities (PVT) Ltd.,Vision Securities Pvt. Ltd,20,433.0,8660.0,2025-08-17 13:32:52.255490
2025-08-17,36656,2025081703007859,GBBL,Dipshikha Dhitopatra Karobar Co. Pvt Ltd.,Vision Securities Pvt. Ltd,1000,433.0,433000.0,2025-08-17 13:32:52.255580
2025-08-17,36655,2025081703007860,GBBL,Neev Securities Pvt. Ltd.,Vision Securities Pvt. Ltd,625,432.1,270062.5,2025-08-17 13:32:52.255679
2025-08-17,36654,2025081703007861,GBBL,Dynamic Money Managers Securities Pvt. Ltd.,Vision Securities Pvt. Ltd,1200,432.1,518520.0,2025-08-17 13:32:52.255776
2025-08-17,36653,2025081703007862,GBBL,Aryatara Investment & Securities,Vision Securities Pvt. Ltd,1125,432.0,486000.0,2025-08-17 13:32:52.255875
2025-08-17,36206,2025081703007971,GBBL,Agrawal Securities (PVT) Ltd.,Dipshikha Dhitopatra Karobar Co. Pvt Ltd.,50,435.5,21775.0,2025-08-17 13:34:20.179524
2025-08-17,33534,2025081703008390,GBBL,Naasa Securities Co. Ltd.,Bhrikuti Stock Broking Co. Pvt. Ltd.,100,434.8,43480.0,2025-08-17 13:43:28.297505
2025-08-17,33424,2025081703008416,GBBL,Vision Securities Pvt. Ltd,Dipshikha Dhitopatra Karobar Co. Pvt Ltd.,440,434.9,191356.0,2025-08-17 13:43:47.413053
2025-08-17,32662,2025081703008528,GBBL,Creative Securities Pvt Ltd,Nepal Stock House (PVT) Ltd.,13,433.1,5630.3,2025-08-17 13:46:36.944597
2025-08-17,32555,2025081703008537,GBBL,Midas Stock Broking Company Private Limited,Dipshikha Dhitopatra Karobar Co. Pvt Ltd.,100,434.9,43490.0,2025-08-17 13:47:05.492385
2025-08-17,32330,2025081703008561,GBBL,Creative Securities Pvt Ltd,Infinity Securities Limited,37,433.1,16024.7,2025-08-17 13:47:55.403795
2025-08-17,32329,2025081703008562,GBBL,Premier Securities Company Ltd.,Infinity Securities Limited,200,432.1,86420.0,2025-08-17 13:47:55.403904
2025-08-17,32328,2025081703008563,GBBL,Aryatara Investment & Securities,Infinity Securities Limited,13,432.0,5616.0,2025-08-17 13:47:55.403983
2025-08-17,32179,2025081703008589,GBBL,Aryatara Investment & Securities,Premier Securities Company Ltd.,50,432.0,21600.0,2025-08-17 13:48:28.712033
2025-08-17,32131,2025081703008595,GBBL,Aryatara Investment & Securities,Investment Management Nepal Pvt. Ltd.,10,432.0,4320.0,2025-08-17 13:48:39.131486
2025-08-17,31821,2025081703008641,GBBL,Aryatara Investment & Securities,Trademow Securities Private Limited,200,432.0,86400.0,2025-08-17 13:49:37.182483
2025-08-17,31442,2025081703008713,GBBL,Cristal Kanchanjanga Securites Pvt. Ltd.,Naasa Securities Co. Ltd.,20,434.0,8680.0,2025-08-17 13:50:56.611798
2025-08-17,31200,2025081703008772,GBBL,Vision Securities Pvt. Ltd,Naasa Securities Co. Ltd.,80,434.0,34720.0,2025-08-17 13:51:51.044689
2025-08-17,31199,2025081703008773,GBBL,Vision Securities Pvt. Ltd,Trademow Securities Private Limited,20,434.0,8680.0,2025-08-17 13:51:51.044911
2025-08-17,31009,2025081703008806,GBBL,Sani Securities Company Ltd.,Naasa Securities Co. Ltd.,50,434.0,21700.0,2025-08-17 13:52:33.348813
2025-08-17,28336,2025081703009289,GBBL,Sani Securities Company Ltd.,Vision Securities Pvt. Ltd,150,434.0,65100.0,2025-08-17 14:01:43.809786
2025-08-17,28335,2025081703009290,GBBL,Sani Securities Company Ltd.,Vision Securities Pvt. Ltd,493,434.0,213962.0,2025-08-17 14:01:43.810274
2025-08-17,28154,2025081703009328,GBBL,Sani Securities Company Ltd.,Capital Max Securities Ltd,290,434.0,125860.0,2025-08-17 14:02:41.100486
2025-08-17,28143,2025081703009330,GBBL,Sani Securities Company Ltd.,Aryatara Investment & Securities,150,434.0,65100.0,2025-08-17 14:02:42.810355
2025-08-17,28034,2025081703009342,GBBL,Sani Securities Company Ltd.,Dipshikha Dhitopatra Karobar Co. Pvt Ltd.,50,434.0,21700.0,2025-08-17 14:03:18.439499
2025-08-17,28033,2025081703009343,GBBL,Sani Securities Company Ltd.,Dipshikha Dhitopatra Karobar Co. Pvt Ltd.,1460,434.0,633640.0,2025-08-17 14:03:18.441663
2025-08-17,27904,2025081703009368,GBBL,Sani Securities Company Ltd.,Kumari Securities Private Limited,900,434.0,390600.0,2025-08-17 14:03:49.949076
2025-08-17,27828,2025081703009377,GBBL,Sani Securities Company Ltd.,Sani Securities Company Ltd.,300,434.0,130200.0,2025-08-17 14:04:11.845695
2025-08-17,27627,2025081703009408,GBBL,Sani Securities Company Ltd.,Imperial Securities Company Pvt. Ltd.,233,434.0,101122.0,2025-08-17 14:04:56.705966
2025-08-17,27424,2025081703009438,GBBL,Sani Securities Company Ltd.,Vision Securities Pvt. Ltd,100,434.0,43400.0,2025-08-17 14:05:22.870562
2025-08-17,27353,2025081703009444,GBBL,Aryatara Investment & Securities,Sani Securities Company Ltd.,6,427.0,2562.0,2025-08-17 14:05:31.948749
2025-08-17,26982,2025081703009506,GBBL,Aryatara Investment & Securities,Secured Securities Ltd.,3,425.4,1276.2,2025-08-17 14:06:41.194164
2025-08-17,26826,2025081703009519,GBBL,Creative Securities Pvt Ltd,Sri Hari Securities Pvt. Ltd.,50,434.5,21725.0,2025-08-17 14:07:02.198450
2025-08-17,26778,2025081703009528,GBBL,Sani Securities Company Ltd.,Dynamic Money Managers Securities Pvt. Ltd.,300,434.1,130230.0,2025-08-17 14:07:13.222611
2025-08-17,26776,2025081703009529,GBBL,Linch Stock Market Ltd.,Sri Hari Securities Pvt. Ltd.,50,434.5,21725.0,2025-08-17 14:07:13.647988
2025-08-17,26775,2025081703009530,GBBL,Linch Stock Market Ltd.,Sani Securities Company Ltd.,55,434.8,23914.0,2025-08-17 14:07:13.648470
2025-08-17,26774,2025081703009531,GBBL,Linch Stock Market Ltd.,Vision Securities Pvt. Ltd,446,435.0,194010.0,2025-08-17 14:07:13.648753
2025-08-17,26761,2025081703009536,GBBL,Capital Max Securities Ltd,Vision Securities Pvt. Ltd,554,435.0,240990.0,2025-08-17 14:07:16.480326
2025-08-17,26578,2025081703009557,GBBL,Sewa Securities Pvt. Ltd.,Ashutosh Brokerage & Securities (PVT) Ltd.,20,435.5,8710.0,2025-08-17 14:07:46.171033
2025-08-17,26448,2025081703009591,GBBL,Capital Max Securities Ltd,Ashutosh Brokerage & Securities (PVT) Ltd.,180,435.5,78390.0,2025-08-17 14:08:10.824641
2025-08-17,26447,2025081703009592,GBBL,Capital Max Securities Ltd,Online Securities Pvt. Ltd.,100,435.7,43570.0,2025-08-17 14:08:10.825104
2025-08-17,26446,2025081703009593,GBBL,Capital Max Securities Ltd,Vision Securities Pvt. Ltd,166,436.0,72376.0,2025-08-17 14:08:10.825397
2025-08-17,26370,2025081703009599,GBBL,Imperial Securities Company Pvt. Ltd.,Vision Securities Pvt. Ltd,40,436.0,17440.0,2025-08-17 14:08:23.182752
2025-08-17,26278,2025081703009611,GBBL,Aryatara Investment & Securities,Vision Securities Pvt. Ltd,793,436.0,345748.0,2025-08-17 14:08:37.459136
2025-08-17,26277,2025081703009612,GBBL,Aryatara Investment & Securities,Malla & Malla Stock Broking Company Pvt. Limited,99,436.0,43164.0,2025-08-17 14:08:37.459582
2025-08-17,25897,2025081703009668,GBBL,Ashutosh Brokerage & Securities (PVT) Ltd.,Trisul Securities & Invt. Ltd.,100,434.0,43400.0,2025-08-17 14:09:56.737677
2025-08-17,25896,2025081703009669,GBBL,Kumari Securities Private Limited,Trisul Securities & Invt. Ltd.,65,434.0,28210.0,2025-08-17 14:09:56.737915
2025-08-17,25895,2025081703009670,GBBL,Sani Securities Company Ltd.,Trisul Securities & Invt. Ltd.,35,434.0,15190.0,2025-08-17 14:09:56.738011
2025-08-17,25513,2025081703009726,GBBL,Sundhara Securities Limited,Agrawal Securities (PVT) Ltd.,100,436.0,43600.0,2025-08-17 14:11:16.494292
2025-08-17,25512,2025081703009727,GBBL,Sundhara Securities Limited,MILKY WAY SHARE BROKER COMPANY LTD ,100,436.0,43600.0,2025-08-17 14:11:16.494716
2025-08-17,25511,2025081703009728,GBBL,Sundhara Securities Limited,Himalayan Brokerage Company Limited,100,436.0,43600.0,2025-08-17 14:11:16.494988
2025-08-17,25320,2025081703009758,GBBL,Nepal Investment And Securities Trading Private Limited,Himalayan Brokerage Company Limited,51,436.0,22236.0,2025-08-17 14:11:45.301305
2025-08-17,24927,2025081703009846,GBBL,Nepal Investment And Securities Trading Private Limited,Capital Max Securities Ltd,49,436.0,21364.0,2025-08-17 14:13:03.341364
2025-08-17,24820,2025081703009869,GBBL,Creative Securities Pvt Ltd,Capital Max Securities Ltd,51,435.0,22185.0,2025-08-17 14:13:25.463930
2025-08-17,24646,2025081703009896,GBBL,Creative Securities Pvt Ltd,Sani Securities Company Ltd.,449,435.0,195315.0,2025-08-17 14:14:01.825636
2025-08-17,24645,2025081703009897,GBBL,Dynamic Money Managers Securities Pvt. Ltd.,Sani Securities Company Ltd.,41,435.0,17835.0,2025-08-17 14:14:01.825871
2025-08-17,23553,2025081703010096,GBBL,Dynamic Money Managers Securities Pvt. Ltd.,Nepal Investment And Securities Trading Private Limited,459,435.0,199665.0,2025-08-17 14:16:43.810992
2025-08-17,23552,2025081703010097,GBBL,Imperial Securities Company Pvt. Ltd.,Nepal Investment And Securities Trading Private Limited,41,435.0,17835.0,2025-08-17 14:16:43.811240
2025-08-17,23118,2025081703010170,GBBL,Imperial Securities Company Pvt. Ltd.,Imperial Securities Company Pvt. Ltd.,34,435.0,14790.0,2025-08-17 14:17:39.848006
2025-08-17,23117,2025081703010171,GBBL,Nepal Stock House (PVT) Ltd.,Imperial Securities Company Pvt. Ltd.,15,434.1,6511.5,2025-08-17 14:17:39.848257
2025-08-17,23116,2025081703010172,GBBL,Sani Securities Company Ltd.,Imperial Securities Company Pvt. Ltd.,668,434.0,289912.0,2025-08-17 14:17:39.848364
2025-08-17,22915,2025081703010230,GBBL,Sani Securities Company Ltd.,Trishakti Securities Public Limited,297,434.0,128898.0,2025-08-17 14:18:04.268502
2025-08-17,22914,2025081703010231,GBBL,Nepal Investment And Securities Trading Private Limited,Trishakti Securities Public Limited,173,434.0,75082.0,2025-08-17 14:18:04.268776
2025-08-17,22135,2025081703010367,GBBL,Nepal Investment And Securities Trading Private Limited,Market Securities & Exchange (PVT) Ltd.,177,434.0,76818.0,2025-08-17 14:19:52.760694
2025-08-17,21828,2025081703010394,GBBL,Creative Securities Pvt Ltd,Dynamic Money Managers Securities Pvt. Ltd.,500,433.0,216500.0,2025-08-17 14:20:32.357210
2025-08-17,21199,2025081703010500,GBBL,Nepal Investment And Securities Trading Private Limited,Trishakti Securities Public Limited,350,432.1,151235.0,2025-08-17 14:22:07.265094
2025-08-17,20878,2025081703010549,GBBL,Nepal Investment And Securities Trading Private Limited,Online Securities Pvt. Ltd.,150,432.1,64815.0,2025-08-17 14:22:48.839915
2025-08-17,20877,2025081703010550,GBBL,Oxford Securities Pvt. Ltd.,Online Securities Pvt. Ltd.,50,432.0,21600.0,2025-08-17 14:22:48.840419
2025-08-17,20744,2025081703010567,GBBL,Sewa Securities Pvt. Ltd.,Naasa Securities Co. Ltd.,10,433.0,4330.0,2025-08-17 14:23:07.545035
2025-08-17,20632,2025081703010581,GBBL,Oxford Securities Pvt. Ltd.,Sumeru Securities Pvt. Ltd.,100,432.0,43200.0,2025-08-17 14:23:32.283101
2025-08-17,20128,2025081703010673,GBBL,Oxford Securities Pvt. Ltd.,Naasa Securities Co. Ltd.,50,432.0,21600.0,2025-08-17 14:24:55.541089
2025-08-17,20127,2025081703010674,GBBL,Malla & Malla Stock Broking Company Pvt. Limited,Naasa Securities Co. Ltd.,20,432.0,8640.0,2025-08-17 14:24:55.541343
2025-08-17,20096,2025081703010681,GBBL,Creative Securities Pvt Ltd,Naasa Securities Co. Ltd.,30,432.0,12960.0,2025-08-17 14:25:00.552333
2025-08-17,19625,2025081703010762,GBBL,Creative Securities Pvt Ltd,Trisul Securities & Invt. Ltd.,20,432.0,8640.0,2025-08-17 14:26:24.397831
2025-08-17,19624,2025081703010763,GBBL,Dipshikha Dhitopatra Karobar Co. Pvt Ltd.,Trisul Securities & Invt. Ltd.,100,432.0,43200.0,2025-08-17 14:26:24.398082
2025-08-17,19620,2025081703010764,GBBL,Sani Securities Company Ltd.,K.B.L. Securities Limited ,100,433.0,43300.0,2025-08-17 14:26:25.309230
2025-08-17,19567,2025081703010782,GBBL,Aryatara Investment & Securities,Sani Securities Company Ltd.,4,427.0,1708.0,2025-08-17 14:26:36.482671
2025-08-17,19387,2025081703010805,GBBL,Kumari Securities Private Limited,Dynamic Money Managers Securities Pvt. Ltd.,21,431.1,9053.1,2025-08-17 14:27:04.097164
2025-08-17,18708,2025081703010916,GBBL,Kumari Securities Private Limited,Thrive Brokerage House Pvt. Ltd,11,431.1,4742.1,2025-08-17 14:29:12.402546
2025-08-17,17275,2025081703011076,GBBL,Arun Securities (PVT) Ltd.,Vision Securities Pvt. Ltd,30,432.0,12960.0,2025-08-17 14:33:37.773201
2025-08-17,16981,2025081703011135,GBBL,Capital Max Securities Ltd,Vision Securities Pvt. Ltd,810,432.0,349920.0,2025-08-17 14:34:31.946582
2025-08-17,16980,2025081703011136,GBBL,Capital Max Securities Ltd,K.B.L. Securities Limited ,190,433.0,82270.0,2025-08-17 14:34:31.946813
2025-08-17,16233,2025081703011261,GBBL,Siprabi Securities Pvt. Ltd.,ABC Securities Private Limited,26,432.5,11245.0,2025-08-17 14:36:37.211413
2025-08-17,16232,2025081703011262,GBBL,Siprabi Securities Pvt. Ltd.,K.B.L. Securities Limited ,174,433.0,75342.0,2025-08-17 14:36:37.211868
2025-08-17,16228,2025081703011263,GBBL,Blue Chip Securities Ltd,Trishakti Securities Public Limited,350,431.4,150990.0,2025-08-17 14:36:38.529244
2025-08-17,15393,2025081703011393,GBBL,Oxford Securities Pvt. Ltd.,Kohinoor Investment & Securities Pvt. Ltd.,32,431.5,13808.0,2025-08-17 14:38:34.923899
2025-08-17,15342,2025081703011402,GBBL,Oxford Securities Pvt. Ltd.,Sani Securities Company Ltd.,2,425.0,850.0,2025-08-17 14:38:44.237336
2025-08-17,14698,2025081703011527,GBBL,Oxford Securities Pvt. Ltd.,Trishakti Securities Public Limited,28,431.5,12082.0,2025-08-17 14:40:01.888245
2025-08-17,14697,2025081703011528,GBBL,Cristal Kanchanjanga Securites Pvt. Ltd.,Trishakti Securities Public Limited,300,431.5,129450.0,2025-08-17 14:40:01.888284
2025-08-17,14696,2025081703011529,GBBL,Blue Chip Securities Ltd,Trishakti Securities Public Limited,670,431.4,289038.0,2025-08-17 14:40:01.888312
2025-08-17,14695,2025081703011530,GBBL,Creative Securities Pvt Ltd,Trishakti Securities Public Limited,12,431.4,5176.8,2025-08-17 14:40:01.888335
2025-08-17,14181,2025081703011643,GBBL,Cristal Kanchanjanga Securites Pvt. Ltd.,Deevyaa Securities & Stock House Pvt. Ltd,100,431.3,43130.0,2025-08-17 14:40:55.641003
2025-08-17,13513,2025081703011778,GBBL,Creative Securities Pvt Ltd,Online Securities Pvt. Ltd.,20,431.3,8626.0,2025-08-17 14:42:12.664036
2025-08-17,13512,2025081703011779,GBBL,Dipshikha Dhitopatra Karobar Co. Pvt Ltd.,Online Securities Pvt. Ltd.,1000,431.2,431200.0,2025-08-17 14:42:12.664290
2025-08-17,13511,2025081703011780,GBBL,Kumari Securities Private Limited,Online Securities Pvt. Ltd.,70,431.1,30177.0,2025-08-17 14:42:12.664387
2025-08-17,13283,2025081703011827,GBBL,Agrawal Securities (PVT) Ltd.,Primo Securities (PVT) Ltd.,216,431.4,93182.4,2025-08-17 14:42:37.213065
2025-08-17,12548,2025081703011951,GBBL,Kumari Securities Private Limited,Asian Securities Private Ltd.,22,431.1,9484.2,2025-08-17 14:43:50.394989
2025-08-17,12309,2025081703011975,GBBL,Global IME Securities Limited,Opal Securities Investment (PVT) Ltd.,10,431.0,4310.0,2025-08-17 14:44:20.310208
2025-08-17,12308,2025081703011976,GBBL,Naasa Securities Co. Ltd.,Opal Securities Investment (PVT) Ltd.,50,431.0,21550.0,2025-08-17 14:44:20.310516
2025-08-17,12307,2025081703011977,GBBL,Imperial Securities Company Pvt. Ltd.,Opal Securities Investment (PVT) Ltd.,40,431.0,17240.0,2025-08-17 14:44:20.310611
2025-08-17,12240,2025081703011996,GBBL,Imperial Securities Company Pvt. Ltd.,Market Securities & Exchange (PVT) Ltd.,823,431.0,354713.0,2025-08-17 14:44:28.509649
2025-08-17,12163,2025081703012011,GBBL,Capital Max Securities Ltd,Primo Securities (PVT) Ltd.,500,431.4,215700.0,2025-08-17 14:44:40.351688
2025-08-17,11701,2025081703012066,GBBL,Dynamic Money Managers Securities Pvt. Ltd.,Primo Securities (PVT) Ltd.,500,431.4,215700.0,2025-08-17 14:45:17.312842
2025-08-17,11277,2025081703012143,GBBL,Imperial Securities Company Pvt. Ltd.,Online Securities Pvt. Ltd.,100,431.0,43100.0,2025-08-17 14:46:11.955386
2025-08-17,11083,2025081703012201,GBBL,Imperial Securities Company Pvt. Ltd.,K.B.L. Securities Limited ,36,431.0,15516.0,2025-08-17 14:46:25.369953
2025-08-17,11082,2025081703012202,GBBL,Midas Stock Broking Company Private Limited,Naasa Securities Co. Ltd.,160,431.0,68960.0,2025-08-17 14:46:25.462959
2025-08-17,10835,2025081703012241,GBBL,Cristal Kanchanjanga Securites Pvt. Ltd.,Primo Securities (PVT) Ltd.,84,431.4,36237.6,2025-08-17 14:46:58.512296
2025-08-17,9911,2025081703012372,GBBL,Linch Stock Market Ltd.,Kohinoor Investment & Securities Pvt. Ltd.,10,431.1,4311.0,2025-08-17 14:48:36.422287
2025-08-17,9910,2025081703012373,GBBL,Creative Securities Pvt Ltd,Kohinoor Investment & Securities Pvt. Ltd.,10,431.0,4310.0,2025-08-17 14:48:36.423060
2025-08-17,9749,2025081703012398,GBBL,Vision Securities Pvt. Ltd,Imperial Securities Company Pvt. Ltd.,500,431.0,215500.0,2025-08-17 14:48:55.244904
2025-08-17,9656,2025081703012425,GBBL,Vision Securities Pvt. Ltd,Kohinoor Investment & Securities Pvt. Ltd.,20,431.0,8620.0,2025-08-17 14:49:06.622341
2025-08-17,9120,2025081703012512,GBBL,Vision Securities Pvt. Ltd,Stoxkarts Securities Limited,140,431.0,60340.0,2025-08-17 14:49:48.459247
2025-08-17,9119,2025081703012513,GBBL,Vision Securities Pvt. Ltd,Stoxkarts Securities Limited,810,431.0,349110.0,2025-08-17 14:49:48.459471
2025-08-17,9118,2025081703012514,GBBL,Vision Securities Pvt. Ltd,Stoxkarts Securities Limited,40,431.0,17240.0,2025-08-17 14:49:48.459574
2025-08-17,8450,2025081703012642,GBBL,Vision Securities Pvt. Ltd,Kohinoor Investment & Securities Pvt. Ltd.,134,431.0,57754.0,2025-08-17 14:50:58.438795
2025-08-17,8356,2025081703012657,GBBL,Vision Securities Pvt. Ltd,Kohinoor Investment & Securities Pvt. Ltd.,300,431.0,129300.0,2025-08-17 14:51:06.501836
2025-08-17,8255,2025081703012681,GBBL,Vision Securities Pvt. Ltd,Shree Krishna Securities Ltd.,10,431.4,4314.0,2025-08-17 14:51:17.823586
2025-08-17,7610,2025081703012792,GBBL,Vision Securities Pvt. Ltd,Shree Krishna Securities Ltd.,65,431.0,28015.0,2025-08-17 14:52:14.524134
2025-08-17,7422,2025081703012822,GBBL,Vision Securities Pvt. Ltd,Aryatara Investment & Securities,348,431.0,149988.0,2025-08-17 14:52:25.842719
2025-08-17,7242,2025081703012844,GBBL,Vision Securities Pvt. Ltd,Cristal Kanchanjanga Securites Pvt. Ltd.,73,431.0,31463.0,2025-08-17 14:52:36.615446
2025-08-17,6535,2025081703012971,GBBL,Naasa Securities Co. Ltd.,Sani Securities Company Ltd.,219,430.7,94323.3,2025-08-17 14:53:35.633084
2025-08-17,6520,2025081703012977,GBBL,Naasa Securities Co. Ltd.,Dipshikha Dhitopatra Karobar Co. Pvt Ltd.,21,430.7,9044.7,2025-08-17 14:53:36.973677
2025-08-17,6393,2025081703013021,GBBL,Cristal Kanchanjanga Securites Pvt. Ltd.,Sundhara Securities Limited,2000,430.6,861200.0,2025-08-17 14:53:48.839384
2025-08-17,6374,2025081703013025,GBBL,Trishakti Securities Public Limited,Dipshikha Dhitopatra Karobar Co. Pvt Ltd.,79,430.7,34025.3,2025-08-17 14:53:50.550438
2025-08-17,6369,2025081703013027,GBBL,Trishakti Securities Public Limited,Arun Securities (PVT) Ltd.,10,430.8,4308.0,2025-08-17 14:53:51.424361
2025-08-17,5855,2025081703013145,GBBL,Oxford Securities Pvt. Ltd.,Cristal Kanchanjanga Securites Pvt. Ltd.,50,431.0,21550.0,2025-08-17 14:54:37.672323
2025-08-17,5795,2025081703013165,GBBL,Trishakti Securities Public Limited,Aryatara Investment & Securities,20,430.8,8616.0,2025-08-17 14:54:44.032815
2025-08-17,5551,2025081703013198,GBBL,Premier Securities Company Ltd.,Cristal Kanchanjanga Securites Pvt. Ltd.,30,431.0,12930.0,2025-08-17 14:55:08.576559
2025-08-17,4663,2025081703013352,GBBL,Aryatara Investment & Securities,Cristal Kanchanjanga Securites Pvt. Ltd.,30,431.0,12930.0,2025-08-17 14:56:22.574278
2025-08-17,4185,2025081703013457,GBBL,Indira securities pvt. ltd,KALASH STOCK MARKET PVT. LTD.,100,430.9,43090.0,2025-08-17 14:56:58.572398
2025-08-17,4184,2025081703013458,GBBL,Cristal Kanchanjanga Securites Pvt. Ltd.,Cristal Kanchanjanga Securites Pvt. Ltd.,217,431.0,93527.0,2025-08-17 14:56:58.585319
2025-08-17,4183,2025081703013459,GBBL,Cristal Kanchanjanga Securites Pvt. Ltd.,Shree Krishna Securities Ltd.,80,431.0,34480.0,2025-08-17 14:56:58.585634
2025-08-17,3443,2025081703013594,GBBL,Thrive Brokerage House Pvt. Ltd,Cristal Kanchanjanga Securites Pvt. Ltd.,271,431.0,116801.0,2025-08-17 14:57:45.563120
2025-08-17,3442,2025081703013595,GBBL,Thrive Brokerage House Pvt. Ltd,Naasa Securities Co. Ltd.,12,431.0,5172.0,2025-08-17 14:57:45.563349
2025-08-17,3441,2025081703013596,GBBL,Thrive Brokerage House Pvt. Ltd,Sumeru Securities Pvt. Ltd.,117,431.0,50427.0,2025-08-17 14:57:45.563444
2025-08-17,3344,2025081703013620,GBBL,Premier Securities Company Ltd.,Sumeru Securities Pvt. Ltd.,20,431.0,8620.0,2025-08-17 14:57:51.035227
2025-08-17,3228,2025081703013643,GBBL,Trishakti Securities Public Limited,Sumeru Securities Pvt. Ltd.,70,431.0,30170.0,2025-08-17 14:57:58.111991
2025-08-17,3076,2025081703013670,GBBL,Premier Securities Company Ltd.,Imperial Securities Company Pvt. Ltd.,43,431.4,18550.2,2025-08-17 14:58:05.178622
2025-08-17,2959,2025081703013699,GBBL,Trishakti Securities Public Limited,Market Securities & Exchange (PVT) Ltd.,141,431.0,60771.0,2025-08-17 14:58:11.586294
2025-08-17,2958,2025081703013700,GBBL,Naasa Securities Co. Ltd.,Market Securities & Exchange (PVT) Ltd.,49,431.0,21119.0,2025-08-17 14:58:11.586519
2025-08-17,2906,2025081703013724,GBBL,Creative Securities Pvt Ltd,Siprabi Securities Pvt. Ltd.,2,431.0,862.0,2025-08-17 14:58:14.652756
2025-08-17,2726,2025081703013762,GBBL,Aryatara Investment & Securities,Market Securities & Exchange (PVT) Ltd.,810,431.0,349110.0,2025-08-17 14:58:25.023205
2025-08-17,2725,2025081703013763,GBBL,Aryatara Investment & Securities,Vision Securities Pvt. Ltd,200,431.4,86280.0,2025-08-17 14:58:25.023453
2025-08-17,2724,2025081703013764,GBBL,Aryatara Investment & Securities,Oxford Securities Pvt. Ltd.,1000,431.4,431400.0,2025-08-17 14:58:25.023554
2025-08-17,2723,2025081703013765,GBBL,Aryatara Investment & Securities,Midas Stock Broking Company Private Limited,75,431.4,32355.0,2025-08-17 14:58:25.023644
2025-08-17,2722,2025081703013766,GBBL,Aryatara Investment & Securities,Dipshikha Dhitopatra Karobar Co. Pvt Ltd.,800,431.5,345200.0,2025-08-17 14:58:25.023762
2025-08-17,2721,2025081703013767,GBBL,Aryatara Investment & Securities,Oxford Securities Pvt. Ltd.,915,431.9,395188.5,2025-08-17 14:58:25.023873
2025-08-17,2647,2025081703013792,GBBL,Opal Securities Investment (PVT) Ltd.,Imperial Securities Company Pvt. Ltd.,200,431.0,86200.0,2025-08-17 14:58:29.005147
2025-08-17,2322,2025081703013870,GBBL,Naasa Securities Co. Ltd.,Oxford Securities Pvt. Ltd.,85,431.9,36711.5,2025-08-17 14:58:47.749367
2025-08-17,2321,2025081703013871,GBBL,Naasa Securities Co. Ltd.,Imperial Securities Company Pvt. Ltd.,15,431.9,6478.5,2025-08-17 14:58:47.749604
2025-08-17,1063,2025081703014114,GBBL,Opal Securities Investment (PVT) Ltd.,Oxford Securities Pvt. Ltd.,30,431.0,12930.0,2025-08-17 14:59:34.290094
2025-08-17,1062,2025081703014115,GBBL,Imperial Securities Company Pvt. Ltd.,Oxford Securities Pvt. Ltd.,300,431.0,129300.0,2025-08-17 14:59:34.290337
2025-08-17,1061,2025081703014116,GBBL,Dipshikha Dhitopatra Karobar Co. Pvt Ltd.,Oxford Securities Pvt. Ltd.,10,431.0,4310.0,2025-08-17 14:59:34.290437
2025-08-17,1060,2025081703014117,GBBL,Sundhara Securities Limited,Oxford Securities Pvt. Ltd.,500,431.0,215500.0,2025-08-17 14:59:34.290559
2025-08-17,1059,2025081703014118,GBBL,Swarna Laxmi Securities Pvt. Ltd.,Oxford Securities Pvt. Ltd.,100,431.0,43100.0,2025-08-17 14:59:34.290671
2025-08-17,1058,2025081703014119,GBBL,ABC Securities Private Limited,Oxford Securities Pvt. Ltd.,60,431.0,25860.0,2025-08-17 14:59:34.290761
2025-08-17,918,2025081703014147,GBBL,Imperial Securities Company Pvt. Ltd.,Siprabi Securities Pvt. Ltd.,1,431.0,431.0,2025-08-17 14:59:38.827957
2025-08-17,881,2025081703014150,GBBL,ABC Securities Private Limited,Online Securities Pvt. Ltd.,82,431.0,35342.0,2025-08-17 14:59:39.772447
2025-08-17,781,2025081703014178,GBBL,ABC Securities Private Limited,Market Securities & Exchange (PVT) Ltd.,63,431.0,27153.0,2025-08-17 14:59:42.379089
2025-08-17,391,2025081703014281,GBBL,Elite Stock House Limited,Market Securities & Exchange (PVT) Ltd.,125,431.0,53875.0,2025-08-17 14:59:53.633730
