Date,S.N.,Contract ID,Symbol,Buyer Broker,Seller Broker,volume,rate,amount,transaction_time
2025-08-17,86619,2025081701000012,GBIME,Aryatara Investment & Securities,Nepal Stock House (PVT) Ltd.,10,255.9,2559.0,2025-08-17 10:46:00.039145
2025-08-17,85950,2025081701000315,GBIME,Creative Securities Pvt Ltd,Elite Stock House Limited,2000,252.0,504000.0,2025-08-17 11:02:14.341597
2025-08-17,85813,2025081701000373,GBIME,Asian Securities Private Ltd.,Agrawal Securities (PVT) Ltd.,150,250.9,37635.0,2025-08-17 11:02:40.382854
2025-08-17,85812,2025081701000374,GBIME,Investment Management Nepal Pvt. Ltd.,Agrawal Securities (PVT) Ltd.,50,250.9,12545.0,2025-08-17 11:02:40.382954
2025-08-17,85493,2025081701000479,GBIME,Dynamic Money Managers Securities Pvt. Ltd.,Property Wiard Limited,30,251.9,7557.0,2025-08-17 11:03:40.640504
2025-08-17,84348,2025081701000801,GBIME,Naasa Securities Co. Ltd.,South Asian Bulls Pvt. Ltd.,3,250.0,750.0,2025-08-17 11:07:04.220047
2025-08-17,84119,2025081701000870,GBIME,Siprabi Securities Pvt. Ltd.,NIMB Stock Markets Limited,83,251.0,20833.0,2025-08-17 11:07:41.561429
2025-08-17,83640,2025081701000999,GBIME,Deevyaa Securities & Stock House Pvt. Ltd,Bhrikuti Stock Broking Co. Pvt. Ltd.,150,251.1,37665.0,2025-08-17 11:09:05.912927
2025-08-17,83166,2025081701001133,GBIME,Vision Securities Pvt. Ltd,Agrawal Securities (PVT) Ltd.,100,251.2,25120.0,2025-08-17 11:10:29.155319
2025-08-17,82857,2025081701001217,GBIME,Deevyaa Securities & Stock House Pvt. Ltd,Trisul Securities & Invt. Ltd.,70,251.1,17577.0,2025-08-17 11:11:20.152476
2025-08-17,82856,2025081701001218,GBIME,Imperial Securities Company Pvt. Ltd.,Trisul Securities & Invt. Ltd.,230,251.1,57753.0,2025-08-17 11:11:20.152583
2025-08-17,82575,2025081701001280,GBIME,Imperial Securities Company Pvt. Ltd.,Sewa Securities Pvt. Ltd.,1270,251.9,319913.0,2025-08-17 11:12:12.639224
2025-08-17,82391,2025081701001331,GBIME,Naasa Securities Co. Ltd.,Agrawal Securities (PVT) Ltd.,10,251.9,2519.0,2025-08-17 11:12:43.776241
2025-08-17,82318,2025081701001344,GBIME,Secured Securities Ltd.,Midas Stock Broking Company Private Limited,300,251.2,75360.0,2025-08-17 11:12:51.638137
2025-08-17,82317,2025081701001345,GBIME,Aryatara Investment & Securities,Midas Stock Broking Company Private Limited,10,251.2,2512.0,2025-08-17 11:12:51.638344
2025-08-17,81697,2025081701001492,GBIME,Siprabi Securities Pvt. Ltd.,Sri Hari Securities Pvt. Ltd.,459,251.0,115209.0,2025-08-17 11:14:42.086080
2025-08-17,80014,2025081701001891,GBIME,Dakshinkali Investment & Securities Pvt. Ltd.,Oxford Securities Pvt. Ltd.,124,251.5,31186.0,2025-08-17 11:19:25.445502
2025-08-17,79358,2025081701002076,GBIME,Vision Securities Pvt. Ltd,Property Wiard Limited,30,251.8,7554.0,2025-08-17 11:20:57.110048
2025-08-17,79357,2025081701002077,GBIME,Vision Securities Pvt. Ltd,Agrawal Securities (PVT) Ltd.,170,251.9,42823.0,2025-08-17 11:20:57.110312
2025-08-17,79102,2025081701002130,GBIME,Dakshinkali Investment & Securities Pvt. Ltd.,Agrawal Securities (PVT) Ltd.,20,251.9,5038.0,2025-08-17 11:21:28.892615
2025-08-17,78941,2025081701002169,GBIME,Dakshinkali Investment & Securities Pvt. Ltd.,Imperial Securities Company Pvt. Ltd.,80,252.0,20160.0,2025-08-17 11:21:58.238699
2025-08-17,78940,2025081701002170,GBIME,Dakshinkali Investment & Securities Pvt. Ltd.,Online Securities Pvt. Ltd.,180,252.0,45360.0,2025-08-17 11:21:58.238833
2025-08-17,78939,2025081701002171,GBIME,Dakshinkali Investment & Securities Pvt. Ltd.,Naasa Securities Co. Ltd.,43,252.0,10836.0,2025-08-17 11:21:58.238895
2025-08-17,78728,2025081701002225,GBIME,Sundhara Securities Limited,Online Securities Pvt. Ltd.,20,252.1,5042.0,2025-08-17 11:22:36.956264
2025-08-17,78727,2025081701002226,GBIME,Dakshinkali Investment & Securities Pvt. Ltd.,Online Securities Pvt. Ltd.,918,252.0,231336.0,2025-08-17 11:22:36.956410
2025-08-17,78726,2025081701002227,GBIME,Sajilo Broker Limited,Online Securities Pvt. Ltd.,500,252.0,126000.0,2025-08-17 11:22:36.956469
2025-08-17,78434,2025081701002307,GBIME,Nepal Investment And Securities Trading Private Limited,Naasa Securities Co. Ltd.,82,251.7,20639.4,2025-08-17 11:23:28.951631
2025-08-17,78325,2025081701002350,GBIME,Aryatara Investment & Securities,Property Wiard Limited,15,251.9,3778.5,2025-08-17 11:23:43.154607
2025-08-17,78324,2025081701002351,GBIME,Aryatara Investment & Securities,Online Securities Pvt. Ltd.,485,252.0,122220.0,2025-08-17 11:23:43.154752
2025-08-17,78313,2025081701002355,GBIME,Bhrikuti Stock Broking Co. Pvt. Ltd.,Online Securities Pvt. Ltd.,1000,252.0,252000.0,2025-08-17 11:23:46.977991
2025-08-17,77936,2025081701002482,GBIME,Opal Securities Investment (PVT) Ltd.,Secured Securities Ltd.,40,251.8,10072.0,2025-08-17 11:24:45.814868
2025-08-17,77448,2025081701002632,GBIME,Aryatara Investment & Securities,Online Securities Pvt. Ltd.,50,251.7,12585.0,2025-08-17 11:26:01.075584
2025-08-17,77447,2025081701002633,GBIME,Nepal Investment And Securities Trading Private Limited,Online Securities Pvt. Ltd.,118,251.7,29700.6,2025-08-17 11:26:01.075743
2025-08-17,77446,2025081701002634,GBIME,Kumari Securities Private Limited,Online Securities Pvt. Ltd.,300,251.7,75510.0,2025-08-17 11:26:01.075806
2025-08-17,77434,2025081701002637,GBIME,Kumari Securities Private Limited,Online Securities Pvt. Ltd.,50,251.7,12585.0,2025-08-17 11:26:04.229829
2025-08-17,77315,2025081701002656,GBIME,Vision Securities Pvt. Ltd,Online Securities Pvt. Ltd.,500,251.7,125850.0,2025-08-17 11:26:23.970468
2025-08-17,77310,2025081701002660,GBIME,Dynamic Money Managers Securities Pvt. Ltd.,Online Securities Pvt. Ltd.,982,251.7,247169.4,2025-08-17 11:26:25.982423
2025-08-17,76911,2025081701002756,GBIME,Dynamic Money Managers Securities Pvt. Ltd.,Online Securities Pvt. Ltd.,15,251.8,3777.0,2025-08-17 11:27:22.385037
2025-08-17,76675,2025081701002796,GBIME,Aryatara Investment & Securities,Secured Securities Ltd.,50,251.5,12575.0,2025-08-17 11:28:05.950072
2025-08-17,76378,2025081701002884,GBIME,Aryatara Investment & Securities,Sweta Securities Private Limited,50,251.5,12575.0,2025-08-17 11:28:46.425922
2025-08-17,76377,2025081701002885,GBIME,Deevyaa Securities & Stock House Pvt. Ltd,Sweta Securities Private Limited,100,251.5,25150.0,2025-08-17 11:28:46.426097
2025-08-17,76376,2025081701002886,GBIME,Nepal Investment And Securities Trading Private Limited,Sweta Securities Private Limited,104,251.5,26156.0,2025-08-17 11:28:46.426171
2025-08-17,76184,2025081701002925,GBIME,Nepal Investment And Securities Trading Private Limited,Naasa Securities Co. Ltd.,300,251.5,75450.0,2025-08-17 11:29:16.448735
2025-08-17,76117,2025081701002951,GBIME,Imperial Securities Company Pvt. Ltd.,Online Securities Pvt. Ltd.,77,252.0,19404.0,2025-08-17 11:29:27.640857
2025-08-17,76116,2025081701002952,GBIME,Imperial Securities Company Pvt. Ltd.,KALASH STOCK MARKET PVT. LTD.,20,252.0,5040.0,2025-08-17 11:29:27.641042
2025-08-17,75763,2025081701003056,GBIME,Opal Securities Investment (PVT) Ltd.,Sri Hari Securities Pvt. Ltd.,400,252.0,100800.0,2025-08-17 11:30:14.126866
2025-08-17,75691,2025081701003067,GBIME,Opal Securities Investment (PVT) Ltd.,Property Wiard Limited,25,252.0,6300.0,2025-08-17 11:30:23.791426
2025-08-17,75501,2025081701003115,GBIME,Opal Securities Investment (PVT) Ltd.,Midas Stock Broking Company Private Limited,75,252.0,18900.0,2025-08-17 11:30:46.557226
2025-08-17,74653,2025081701003310,GBIME,Siprabi Securities Pvt. Ltd.,Sundhara Securities Limited,23,251.6,5786.8,2025-08-17 11:32:53.661250
2025-08-17,74652,2025081701003311,GBIME,Nepal Investment And Securities Trading Private Limited,Sundhara Securities Limited,96,251.5,24144.0,2025-08-17 11:32:53.661424
2025-08-17,74651,2025081701003312,GBIME,Sani Securities Company Ltd.,Sundhara Securities Limited,10,251.5,2515.0,2025-08-17 11:32:53.661496
2025-08-17,74650,2025081701003313,GBIME,Trisul Securities & Invt. Ltd.,Sundhara Securities Limited,50,251.5,12575.0,2025-08-17 11:32:53.661564
2025-08-17,74649,2025081701003314,GBIME,Sri Hari Securities Pvt. Ltd.,Sundhara Securities Limited,25,251.5,6287.5,2025-08-17 11:32:53.661634
2025-08-17,74648,2025081701003315,GBIME,Naasa Securities Co. Ltd.,Sundhara Securities Limited,1351,251.4,339641.4,2025-08-17 11:32:53.661701
2025-08-17,74504,2025081701003340,GBIME,South Asian Bulls Pvt. Ltd.,Midas Stock Broking Company Private Limited,24,252.0,6048.0,2025-08-17 11:33:16.523614
2025-08-17,74288,2025081701003397,GBIME,Naasa Securities Co. Ltd.,Siprabi Securities Pvt. Ltd.,216,251.4,54302.4,2025-08-17 11:33:59.942928
2025-08-17,74245,2025081701003408,GBIME,Naasa Securities Co. Ltd.,Online Securities Pvt. Ltd.,1000,251.4,251400.0,2025-08-17 11:34:05.633294
2025-08-17,73747,2025081701003563,GBIME,Oxford Securities Pvt. Ltd.,Himalayan Brokerage Company Limited,12,251.5,3018.0,2025-08-17 11:35:21.622164
2025-08-17,73709,2025081701003575,GBIME,Oxford Securities Pvt. Ltd.,Sani Securities Company Ltd.,132,251.5,33198.0,2025-08-17 11:35:28.557404
2025-08-17,73269,2025081701003643,GBIME,Oxford Securities Pvt. Ltd.,Kumari Securities Private Limited,200,251.5,50300.0,2025-08-17 11:36:29.243712
2025-08-17,73015,2025081701003706,GBIME,Sani Securities Company Ltd.,Property Wiard Limited,50,251.9,12595.0,2025-08-17 11:37:05.898862
2025-08-17,73014,2025081701003707,GBIME,Sani Securities Company Ltd.,Midas Stock Broking Company Private Limited,76,252.0,19152.0,2025-08-17 11:37:05.899220
2025-08-17,73013,2025081701003708,GBIME,Sani Securities Company Ltd.,Online Securities Pvt. Ltd.,54,252.0,13608.0,2025-08-17 11:37:05.899450
2025-08-17,72706,2025081701003764,GBIME,ABC Securities Private Limited,Online Securities Pvt. Ltd.,50,252.0,12600.0,2025-08-17 11:38:02.805759
2025-08-17,72601,2025081701003783,GBIME,Elite Stock House Limited,Online Securities Pvt. Ltd.,50,252.0,12600.0,2025-08-17 11:38:18.175396
2025-08-17,71742,2025081701004033,GBIME,Kumari Securities Private Limited,Opal Securities Investment (PVT) Ltd.,200,251.6,50320.0,2025-08-17 11:40:44.768247
2025-08-17,71685,2025081701004040,GBIME,Premier Securities Company Ltd.,Opal Securities Investment (PVT) Ltd.,200,251.8,50360.0,2025-08-17 11:40:54.890847
2025-08-17,71613,2025081701004059,GBIME,Trisul Securities & Invt. Ltd.,Opal Securities Investment (PVT) Ltd.,300,251.8,75540.0,2025-08-17 11:41:06.544427
2025-08-17,71303,2025081701004121,GBIME,Trisul Securities & Invt. Ltd.,Opal Securities Investment (PVT) Ltd.,100,251.8,25180.0,2025-08-17 11:42:04.215845
2025-08-17,71115,2025081701004163,GBIME,Kumari Securities Private Limited,Linch Stock Market Ltd.,300,251.6,75480.0,2025-08-17 11:42:39.506373
2025-08-17,71114,2025081701004164,GBIME,Oxford Securities Pvt. Ltd.,Linch Stock Market Ltd.,100,251.5,25150.0,2025-08-17 11:42:39.506464
2025-08-17,70962,2025081701004205,GBIME,Oxford Securities Pvt. Ltd.,Online Securities Pvt. Ltd.,556,251.5,139834.0,2025-08-17 11:43:07.188686
2025-08-17,70961,2025081701004206,GBIME,Kohinoor Investment & Securities Pvt. Ltd.,Online Securities Pvt. Ltd.,600,251.5,150900.0,2025-08-17 11:43:07.189109
2025-08-17,70960,2025081701004207,GBIME,Sani Securities Company Ltd.,Online Securities Pvt. Ltd.,10,251.5,2515.0,2025-08-17 11:43:07.189343
2025-08-17,70959,2025081701004208,GBIME,Investment Management Nepal Pvt. Ltd.,Online Securities Pvt. Ltd.,400,251.5,100600.0,2025-08-17 11:43:07.189568
2025-08-17,70840,2025081701004233,GBIME,ABC Securities Private Limited,Online Securities Pvt. Ltd.,50,251.5,12575.0,2025-08-17 11:43:34.385557
2025-08-17,70729,2025081701004259,GBIME,Malla & Malla Stock Broking Company Pvt. Limited,South Asian Bulls Pvt. Ltd.,125,251.4,31425.0,2025-08-17 11:43:52.120754
2025-08-17,70528,2025081701004311,GBIME,Siprabi Securities Pvt. Ltd.,Online Securities Pvt. Ltd.,10,251.5,2515.0,2025-08-17 11:44:31.436885
2025-08-17,70518,2025081701004314,GBIME,Malla & Malla Stock Broking Company Pvt. Limited,Nepal Investment And Securities Trading Private Limited,25,251.4,6285.0,2025-08-17 11:44:33.804209
2025-08-17,70517,2025081701004315,GBIME,Sani Securities Company Ltd.,Nepal Investment And Securities Trading Private Limited,15,251.4,3771.0,2025-08-17 11:44:33.804603
2025-08-17,70418,2025081701004332,GBIME,Nepal Stock House (PVT) Ltd.,Online Securities Pvt. Ltd.,1000,251.5,251500.0,2025-08-17 11:44:51.762771
2025-08-17,70399,2025081701004338,GBIME,Naasa Securities Co. Ltd.,Online Securities Pvt. Ltd.,1374,251.5,345561.0,2025-08-17 11:44:55.905814
2025-08-17,70398,2025081701004339,GBIME,Naasa Securities Co. Ltd.,Arun Securities (PVT) Ltd.,400,251.5,100600.0,2025-08-17 11:44:55.906193
2025-08-17,70234,2025081701004387,GBIME,Naasa Securities Co. Ltd.,Capital Max Securities Ltd,500,251.5,125750.0,2025-08-17 11:45:30.584876
2025-08-17,70166,2025081701004393,GBIME,Kumari Securities Private Limited,Opal Securities Investment (PVT) Ltd.,200,251.8,50360.0,2025-08-17 11:45:47.489581
2025-08-17,70070,2025081701004411,GBIME,Kumari Securities Private Limited,Property Wiard Limited,50,251.9,12595.0,2025-08-17 11:46:08.737196
2025-08-17,69993,2025081701004437,GBIME,Kumari Securities Private Limited,Online Securities Pvt. Ltd.,10,252.0,2520.0,2025-08-17 11:46:27.889458
2025-08-17,69903,2025081701004470,GBIME,Naasa Securities Co. Ltd.,R.B.B. Securities Company Ltd,60,251.6,15096.0,2025-08-17 11:46:44.395298
2025-08-17,69902,2025081701004471,GBIME,Sani Securities Company Ltd.,R.B.B. Securities Company Ltd,12,251.4,3016.8,2025-08-17 11:46:44.395342
2025-08-17,69901,2025081701004472,GBIME,Naasa Securities Co. Ltd.,R.B.B. Securities Company Ltd,28,251.3,7036.4,2025-08-17 11:46:44.395367
2025-08-17,69871,2025081701004491,GBIME,Kumari Securities Private Limited,Online Securities Pvt. Ltd.,50,252.0,12600.0,2025-08-17 11:46:49.127299
2025-08-17,69479,2025081701004571,GBIME,Naasa Securities Co. Ltd.,Opal Securities Investment (PVT) Ltd.,33,251.3,8292.9,2025-08-17 11:48:00.088276
2025-08-17,69402,2025081701004589,GBIME,Naasa Securities Co. Ltd.,Kumari Securities Private Limited,40,251.8,10072.0,2025-08-17 11:48:13.143561
2025-08-17,69095,2025081701004672,GBIME,Kumari Securities Private Limited,Online Securities Pvt. Ltd.,20,251.4,5028.0,2025-08-17 11:49:06.127968
2025-08-17,69094,2025081701004673,GBIME,Naasa Securities Co. Ltd.,Online Securities Pvt. Ltd.,30,251.3,7539.0,2025-08-17 11:49:06.128352
2025-08-17,68946,2025081701004717,GBIME,Naasa Securities Co. Ltd.,Kumari Securities Private Limited,68,251.4,17095.2,2025-08-17 11:49:36.221194
2025-08-17,68822,2025081701004745,GBIME,Imperial Securities Company Pvt. Ltd.,Kumari Securities Private Limited,447,251.4,112375.8,2025-08-17 11:50:03.327733
2025-08-17,68209,2025081701004903,GBIME,Kumari Securities Private Limited,Online Securities Pvt. Ltd.,10,252.0,2520.0,2025-08-17 11:52:00.847065
2025-08-17,68113,2025081701004933,GBIME,Ashutosh Brokerage & Securities (PVT) Ltd.,Arun Securities (PVT) Ltd.,4,247.1,988.4,2025-08-17 11:52:19.951246
2025-08-17,67939,2025081701004977,GBIME,Naasa Securities Co. Ltd.,Online Securities Pvt. Ltd.,25,252.0,6300.0,2025-08-17 11:52:44.861765
2025-08-17,67845,2025081701005000,GBIME,Kumari Securities Private Limited,Vision Securities Pvt. Ltd,20,251.5,5030.0,2025-08-17 11:53:02.764082
2025-08-17,67844,2025081701005001,GBIME,Imperial Securities Company Pvt. Ltd.,Vision Securities Pvt. Ltd,269,251.4,67626.6,2025-08-17 11:53:02.764722
2025-08-17,67649,2025081701005056,GBIME,Imperial Securities Company Pvt. Ltd.,Agrawal Securities (PVT) Ltd.,935,251.4,235059.0,2025-08-17 11:53:33.614096
2025-08-17,67570,2025081701005073,GBIME,Imperial Securities Company Pvt. Ltd.,Creative Securities Pvt Ltd,349,251.4,87738.6,2025-08-17 11:53:48.452658
2025-08-17,67569,2025081701005074,GBIME,Aryatara Investment & Securities,Creative Securities Pvt Ltd,100,251.2,25120.0,2025-08-17 11:53:48.452845
2025-08-17,67568,2025081701005075,GBIME,Naasa Securities Co. Ltd.,Creative Securities Pvt Ltd,100,251.2,25120.0,2025-08-17 11:53:48.452932
2025-08-17,67567,2025081701005076,GBIME,Secured Securities Ltd.,Creative Securities Pvt Ltd,300,251.1,75330.0,2025-08-17 11:53:48.453015
2025-08-17,67566,2025081701005077,GBIME,Nepal Investment And Securities Trading Private Limited,Creative Securities Pvt Ltd,390,251.1,97929.0,2025-08-17 11:53:48.453102
2025-08-17,67414,2025081701005116,GBIME,Kumari Securities Private Limited,Online Securities Pvt. Ltd.,10,252.0,2520.0,2025-08-17 11:54:15.308822
2025-08-17,67325,2025081701005153,GBIME,Neev Securities Pvt. Ltd.,Online Securities Pvt. Ltd.,741,252.0,186732.0,2025-08-17 11:54:34.828555
2025-08-17,67324,2025081701005154,GBIME,Neev Securities Pvt. Ltd.,Online Securities Pvt. Ltd.,50,252.0,12600.0,2025-08-17 11:54:34.828791
2025-08-17,67323,2025081701005155,GBIME,Neev Securities Pvt. Ltd.,Vision Securities Pvt. Ltd,100,252.0,25200.0,2025-08-17 11:54:34.828882
2025-08-17,67322,2025081701005156,GBIME,Neev Securities Pvt. Ltd.,Naasa Securities Co. Ltd.,109,252.0,27468.0,2025-08-17 11:54:34.828964
2025-08-17,66723,2025081701005303,GBIME,Deevyaa Securities & Stock House Pvt. Ltd,Naasa Securities Co. Ltd.,25,251.6,6290.0,2025-08-17 11:56:24.252876
2025-08-17,66545,2025081701005348,GBIME,Siprabi Securities Pvt. Ltd.,Siprabi Securities Pvt. Ltd.,4,249.3,997.2,2025-08-17 11:56:58.347323
2025-08-17,66124,2025081701005414,GBIME,Sri Hari Securities Pvt. Ltd.,Naasa Securities Co. Ltd.,10,252.0,2520.0,2025-08-17 11:58:13.836320
2025-08-17,66065,2025081701005424,GBIME,Opal Securities Investment (PVT) Ltd.,Naasa Securities Co. Ltd.,37,252.0,9324.0,2025-08-17 11:58:23.463666
2025-08-17,66064,2025081701005425,GBIME,Opal Securities Investment (PVT) Ltd.,Premier Securities Company Ltd.,20,252.0,5040.0,2025-08-17 11:58:23.464068
2025-08-17,66063,2025081701005426,GBIME,Opal Securities Investment (PVT) Ltd.,Trisul Securities & Invt. Ltd.,50,252.0,12600.0,2025-08-17 11:58:23.464332
2025-08-17,66062,2025081701005427,GBIME,Opal Securities Investment (PVT) Ltd.,Nepal Investment And Securities Trading Private Limited,393,252.0,99036.0,2025-08-17 11:58:23.464585
2025-08-17,65564,2025081701005524,GBIME,Bhrikuti Stock Broking Co. Pvt. Ltd.,Nepal Investment And Securities Trading Private Limited,20,252.0,5040.0,2025-08-17 12:00:04.847444
2025-08-17,65476,2025081701005540,GBIME,Miyo Securities Pvt Ltd,Nepal Investment And Securities Trading Private Limited,87,252.0,21924.0,2025-08-17 12:00:22.480402
2025-08-17,65475,2025081701005541,GBIME,Miyo Securities Pvt Ltd,Trisul Securities & Invt. Ltd.,167,252.0,42084.0,2025-08-17 12:00:22.480520
2025-08-17,65474,2025081701005542,GBIME,Miyo Securities Pvt Ltd,Online Securities Pvt. Ltd.,3613,252.0,910476.0,2025-08-17 12:00:22.480595
2025-08-17,65473,2025081701005543,GBIME,Miyo Securities Pvt Ltd,Sewa Securities Pvt. Ltd.,3730,252.0,939960.0,2025-08-17 12:00:22.480666
2025-08-17,65472,2025081701005544,GBIME,Miyo Securities Pvt Ltd,Online Securities Pvt. Ltd.,103,252.0,25956.0,2025-08-17 12:00:22.480739
2025-08-17,65324,2025081701005571,GBIME,Deevyaa Securities & Stock House Pvt. Ltd,Nabil Stock Dealer Ltd.,54,251.6,13586.4,2025-08-17 12:00:45.426889
2025-08-17,64845,2025081701005724,GBIME,Naasa Securities Co. Ltd.,Midas Stock Broking Company Private Limited,20,252.1,5042.0,2025-08-17 12:02:07.372879
2025-08-17,64829,2025081701005728,GBIME,Kumari Securities Private Limited,Midas Stock Broking Company Private Limited,20,252.5,5050.0,2025-08-17 12:02:12.701259
2025-08-17,64676,2025081701005773,GBIME,Creative Securities Pvt Ltd,Cristal Kanchanjanga Securites Pvt. Ltd.,50,252.0,12600.0,2025-08-17 12:02:41.968556
2025-08-17,64590,2025081701005799,GBIME,Creative Securities Pvt Ltd,Dipshikha Dhitopatra Karobar Co. Pvt Ltd.,50,252.0,12600.0,2025-08-17 12:03:01.519847
2025-08-17,64039,2025081701005929,GBIME,Creative Securities Pvt Ltd,Imperial Securities Company Pvt. Ltd.,12,252.0,3024.0,2025-08-17 12:04:42.280979
2025-08-17,63812,2025081701005997,GBIME,Creative Securities Pvt Ltd,Dipshikha Dhitopatra Karobar Co. Pvt Ltd.,50,252.0,12600.0,2025-08-17 12:05:15.450704
2025-08-17,63716,2025081701006019,GBIME,Creative Securities Pvt Ltd,N.M.B. SECURITIES LIMITED,238,252.0,59976.0,2025-08-17 12:05:33.687762
2025-08-17,63715,2025081701006020,GBIME,Premier Securities Company Ltd.,N.M.B. SECURITIES LIMITED,50,252.0,12600.0,2025-08-17 12:05:33.688198
2025-08-17,63714,2025081701006021,GBIME,Sani Securities Company Ltd.,N.M.B. SECURITIES LIMITED,650,252.0,163800.0,2025-08-17 12:05:33.688480
2025-08-17,63652,2025081701006033,GBIME,Imperial Securities Company Pvt. Ltd.,N.M.B. SECURITIES LIMITED,200,252.0,50400.0,2025-08-17 12:05:46.863223
2025-08-17,63451,2025081701006079,GBIME,Bhrikuti Stock Broking Co. Pvt. Ltd.,N.M.B. SECURITIES LIMITED,20,252.0,5040.0,2025-08-17 12:06:25.294925
2025-08-17,63325,2025081701006114,GBIME,Deevyaa Securities & Stock House Pvt. Ltd,Thrive Brokerage House Pvt. Ltd,21,251.6,5283.6,2025-08-17 12:06:58.079770
2025-08-17,63324,2025081701006115,GBIME,Nepal Investment And Securities Trading Private Limited,Thrive Brokerage House Pvt. Ltd,110,251.1,27621.0,2025-08-17 12:06:58.080200
2025-08-17,63323,2025081701006116,GBIME,Bhrikuti Stock Broking Co. Pvt. Ltd.,Thrive Brokerage House Pvt. Ltd,158,251.1,39673.8,2025-08-17 12:06:58.080476
2025-08-17,63173,2025081701006160,GBIME,Bhrikuti Stock Broking Co. Pvt. Ltd.,Cristal Kanchanjanga Securites Pvt. Ltd.,300,251.1,75330.0,2025-08-17 12:07:26.104611
2025-08-17,63058,2025081701006177,GBIME,Premier Securities Company Ltd.,N.M.B. SECURITIES LIMITED,32,252.0,8064.0,2025-08-17 12:07:48.616526
2025-08-17,63057,2025081701006178,GBIME,Premier Securities Company Ltd.,Naasa Securities Co. Ltd.,110,252.0,27720.0,2025-08-17 12:07:48.616628
2025-08-17,63056,2025081701006179,GBIME,Premier Securities Company Ltd.,Dipshikha Dhitopatra Karobar Co. Pvt Ltd.,40,252.0,10080.0,2025-08-17 12:07:48.616702
2025-08-17,63055,2025081701006180,GBIME,Premier Securities Company Ltd.,Midas Stock Broking Company Private Limited,480,252.5,121200.0,2025-08-17 12:07:48.616797
2025-08-17,63054,2025081701006181,GBIME,Premier Securities Company Ltd.,Naasa Securities Co. Ltd.,24,252.5,6060.0,2025-08-17 12:07:48.616870
2025-08-17,63053,2025081701006182,GBIME,Premier Securities Company Ltd.,Imperial Securities Company Pvt. Ltd.,20,252.7,5054.0,2025-08-17 12:07:48.616944
2025-08-17,63052,2025081701006183,GBIME,Premier Securities Company Ltd.,Nepal Stock House (PVT) Ltd.,44,252.7,11118.8,2025-08-17 12:07:48.617015
2025-08-17,62733,2025081701006280,GBIME,Bhrikuti Stock Broking Co. Pvt. Ltd.,Siprabi Securities Pvt. Ltd.,20,251.1,5022.0,2025-08-17 12:08:48.158407
2025-08-17,62629,2025081701006318,GBIME,Midas Stock Broking Company Private Limited,Cristal Kanchanjanga Securites Pvt. Ltd.,960,252.0,241920.0,2025-08-17 12:09:03.445513
2025-08-17,62353,2025081701006414,GBIME,Siprabi Securities Pvt. Ltd.,Cristal Kanchanjanga Securites Pvt. Ltd.,100,252.0,25200.0,2025-08-17 12:09:53.275933
2025-08-17,62147,2025081701006442,GBIME,Bhrikuti Stock Broking Co. Pvt. Ltd.,Vision Securities Pvt. Ltd,18,251.1,4519.8,2025-08-17 12:10:29.187560
2025-08-17,62126,2025081701006445,GBIME,K.B.L. Securities Limited ,Online Securities Pvt. Ltd.,5,246.5,1232.5,2025-08-17 12:10:33.257740
2025-08-17,62102,2025081701006447,GBIME,ABC Securities Private Limited,Online Securities Pvt. Ltd.,700,251.1,175770.0,2025-08-17 12:10:34.315317
2025-08-17,62101,2025081701006448,GBIME,Premier Securities Company Ltd.,Online Securities Pvt. Ltd.,350,251.0,87850.0,2025-08-17 12:10:34.315562
2025-08-17,62100,2025081701006449,GBIME,Vision Securities Pvt. Ltd,Online Securities Pvt. Ltd.,2950,251.0,740450.0,2025-08-17 12:10:34.315675
2025-08-17,61809,2025081701006522,GBIME,Vision Securities Pvt. Ltd,Imperial Securities Company Pvt. Ltd.,28,251.0,7028.0,2025-08-17 12:11:31.605205
2025-08-17,61704,2025081701006548,GBIME,Vision Securities Pvt. Ltd,ABC Securities Private Limited,2000,251.0,502000.0,2025-08-17 12:11:50.510605
2025-08-17,60755,2025081701006758,GBIME,Vision Securities Pvt. Ltd,Sri Hari Securities Pvt. Ltd.,22,251.0,5522.0,2025-08-17 12:14:26.091264
2025-08-17,60754,2025081701006759,GBIME,Naasa Securities Co. Ltd.,Sri Hari Securities Pvt. Ltd.,50,251.0,12550.0,2025-08-17 12:14:26.091827
2025-08-17,60753,2025081701006760,GBIME,Global IME Securities Limited,Sri Hari Securities Pvt. Ltd.,20,251.0,5020.0,2025-08-17 12:14:26.092169
2025-08-17,60752,2025081701006761,GBIME,Aryatara Investment & Securities,Sri Hari Securities Pvt. Ltd.,100,251.0,25100.0,2025-08-17 12:14:26.092546
2025-08-17,60751,2025081701006762,GBIME,Imperial Securities Company Pvt. Ltd.,Sri Hari Securities Pvt. Ltd.,60,251.0,15060.0,2025-08-17 12:14:26.092867
2025-08-17,60750,2025081701006763,GBIME,Kohinoor Investment & Securities Pvt. Ltd.,Sri Hari Securities Pvt. Ltd.,30,251.0,7530.0,2025-08-17 12:14:26.093260
2025-08-17,60749,2025081701006764,GBIME,Investment Management Nepal Pvt. Ltd.,Sri Hari Securities Pvt. Ltd.,10,251.0,2510.0,2025-08-17 12:14:26.093638
2025-08-17,60748,2025081701006765,GBIME,Imperial Securities Company Pvt. Ltd.,Sri Hari Securities Pvt. Ltd.,115,251.0,28865.0,2025-08-17 12:14:26.093984
2025-08-17,60747,2025081701006766,GBIME,Aryatara Investment & Securities,Sri Hari Securities Pvt. Ltd.,15,251.0,3765.0,2025-08-17 12:14:26.094356
2025-08-17,60746,2025081701006767,GBIME,Online Securities Pvt. Ltd.,Sri Hari Securities Pvt. Ltd.,40,251.0,10040.0,2025-08-17 12:14:26.094694
2025-08-17,60631,2025081701006818,GBIME,Investment Management Nepal Pvt. Ltd.,Sri Hari Securities Pvt. Ltd.,38,250.9,9534.2,2025-08-17 12:14:42.359939
2025-08-17,60168,2025081701006944,GBIME,Investment Management Nepal Pvt. Ltd.,Miyo Securities Pvt Ltd,11,250.9,2759.9,2025-08-17 12:16:05.301907
2025-08-17,60133,2025081701006952,GBIME,Investment Management Nepal Pvt. Ltd.,Capital Max Securities Ltd,26,250.9,6523.4,2025-08-17 12:16:12.267835
2025-08-17,60132,2025081701006953,GBIME,Kohinoor Investment & Securities Pvt. Ltd.,Capital Max Securities Ltd,10,250.9,2509.0,2025-08-17 12:16:12.268305
2025-08-17,60079,2025081701006973,GBIME,Creative Securities Pvt Ltd,Capital Max Securities Ltd,10,250.9,2509.0,2025-08-17 12:16:21.420423
2025-08-17,59709,2025081701007106,GBIME,Oxford Securities Pvt. Ltd.,Oxford Securities Pvt. Ltd.,10,250.8,2508.0,2025-08-17 12:17:32.381151
2025-08-17,59708,2025081701007107,GBIME,ABC Securities Private Limited,Oxford Securities Pvt. Ltd.,106,250.8,26584.8,2025-08-17 12:17:32.381276
2025-08-17,59387,2025081701007178,GBIME,ABC Securities Private Limited,Capital Max Securities Ltd,76,250.8,19060.8,2025-08-17 12:18:35.911614
2025-08-17,59384,2025081701007179,GBIME,ABC Securities Private Limited,Aryatara Investment & Securities,210,250.8,52668.0,2025-08-17 12:18:36.706003
2025-08-17,59349,2025081701007184,GBIME,Cristal Kanchanjanga Securites Pvt. Ltd.,ABC Securities Private Limited,10,251.8,2518.0,2025-08-17 12:18:45.042010
2025-08-17,58552,2025081701007447,GBIME,ABC Securities Private Limited,Naasa Securities Co. Ltd.,50,250.8,12540.0,2025-08-17 12:20:43.391688
2025-08-17,58431,2025081701007489,GBIME,ABC Securities Private Limited,Cristal Kanchanjanga Securites Pvt. Ltd.,258,250.8,64706.4,2025-08-17 12:21:05.634099
2025-08-17,58430,2025081701007490,GBIME,ABC Securities Private Limited,Cristal Kanchanjanga Securites Pvt. Ltd.,59,250.8,14797.2,2025-08-17 12:21:05.634313
2025-08-17,58113,2025081701007574,GBIME,Imperial Securities Company Pvt. Ltd.,Sani Securities Company Ltd.,3,246.0,738.0,2025-08-17 12:22:05.205258
2025-08-17,57308,2025081701007768,GBIME,Thrive Brokerage House Pvt. Ltd,Arun Securities (PVT) Ltd.,100,250.9,25090.0,2025-08-17 12:24:08.793471
2025-08-17,57200,2025081701007795,GBIME,Thrive Brokerage House Pvt. Ltd,Bhrikuti Stock Broking Co. Pvt. Ltd.,11,250.9,2759.9,2025-08-17 12:24:27.698745
2025-08-17,57078,2025081701007818,GBIME,Thrive Brokerage House Pvt. Ltd,Kohinoor Investment & Securities Pvt. Ltd.,42,250.9,10537.8,2025-08-17 12:24:46.235639
2025-08-17,56881,2025081701007862,GBIME,Thrive Brokerage House Pvt. Ltd,Sumeru Securities Pvt. Ltd.,347,250.9,87062.3,2025-08-17 12:25:25.704718
2025-08-17,56880,2025081701007863,GBIME,ABC Securities Private Limited,Sumeru Securities Pvt. Ltd.,541,250.8,135682.8,2025-08-17 12:25:25.704949
2025-08-17,56879,2025081701007864,GBIME,Nepal Stock House (PVT) Ltd.,Sumeru Securities Pvt. Ltd.,112,250.3,28033.6,2025-08-17 12:25:25.705056
2025-08-17,56177,2025081701008011,GBIME,Nepal Stock House (PVT) Ltd.,Neev Securities Pvt. Ltd.,88,250.3,22026.4,2025-08-17 12:27:44.804358
2025-08-17,56098,2025081701008036,GBIME,Naasa Securities Co. Ltd.,Dynamic Money Managers Securities Pvt. Ltd.,80,250.9,20072.0,2025-08-17 12:28:02.735717
2025-08-17,55669,2025081701008152,GBIME,Sajilo Broker Limited,Naasa Securities Co. Ltd.,220,250.4,55088.0,2025-08-17 12:29:31.434970
2025-08-17,55666,2025081701008153,GBIME,Sajilo Broker Limited,Dipshikha Dhitopatra Karobar Co. Pvt Ltd.,152,250.4,38060.8,2025-08-17 12:29:33.231469
2025-08-17,55601,2025081701008169,GBIME,Sajilo Broker Limited,Sri Hari Securities Pvt. Ltd.,25,250.4,6260.0,2025-08-17 12:29:47.683575
2025-08-17,54877,2025081701008309,GBIME,Sumeru Securities Pvt. Ltd.,J.F. Securites (PVT) Ltd.,170,250.5,42585.0,2025-08-17 12:32:13.975268
2025-08-17,54876,2025081701008310,GBIME,Sajilo Broker Limited,J.F. Securites (PVT) Ltd.,219,250.4,54837.6,2025-08-17 12:32:13.975560
2025-08-17,54821,2025081701008326,GBIME,Thrive Brokerage House Pvt. Ltd,J.F. Securites (PVT) Ltd.,200,250.3,50060.0,2025-08-17 12:32:26.026929
2025-08-17,54820,2025081701008327,GBIME,Neev Securities Pvt. Ltd.,J.F. Securites (PVT) Ltd.,700,250.2,175140.0,2025-08-17 12:32:26.027443
2025-08-17,54819,2025081701008328,GBIME,Nepal Investment And Securities Trading Private Limited,J.F. Securites (PVT) Ltd.,100,250.2,25020.0,2025-08-17 12:32:26.027759
2025-08-17,53945,2025081701008580,GBIME,Nepal Investment And Securities Trading Private Limited,Online Securities Pvt. Ltd.,100,250.2,25020.0,2025-08-17 12:35:32.788403
2025-08-17,53930,2025081701008585,GBIME,Sewa Securities Pvt. Ltd.,J.F. Securites (PVT) Ltd.,400,250.4,100160.0,2025-08-17 12:35:38.540274
2025-08-17,53764,2025081701008615,GBIME,Sundhara Securities Limited,J.F. Securites (PVT) Ltd.,211,250.4,52834.4,2025-08-17 12:36:08.013560
2025-08-17,53763,2025081701008616,GBIME,Sundhara Securities Limited,Dynamic Money Managers Securities Pvt. Ltd.,130,250.9,32617.0,2025-08-17 12:36:08.013827
2025-08-17,53762,2025081701008617,GBIME,Sundhara Securities Limited,Online Securities Pvt. Ltd.,1659,251.0,416409.0,2025-08-17 12:36:08.013948
2025-08-17,53214,2025081701008745,GBIME,Vision Securities Pvt. Ltd,ABC Securities Private Limited,410,250.3,102623.0,2025-08-17 12:38:14.964117
2025-08-17,53213,2025081701008746,GBIME,Nepal Investment And Securities Trading Private Limited,ABC Securities Private Limited,300,250.2,75060.0,2025-08-17 12:38:14.964693
2025-08-17,53212,2025081701008747,GBIME,Naasa Securities Co. Ltd.,ABC Securities Private Limited,50,250.2,12510.0,2025-08-17 12:38:14.965130
2025-08-17,53211,2025081701008748,GBIME,Cristal Kanchanjanga Securites Pvt. Ltd.,ABC Securities Private Limited,250,250.2,62550.0,2025-08-17 12:38:14.965472
2025-08-17,53210,2025081701008749,GBIME,Sri Hari Securities Pvt. Ltd.,ABC Securities Private Limited,990,250.2,247698.0,2025-08-17 12:38:14.965609
2025-08-17,53077,2025081701008770,GBIME,Dynamic Money Managers Securities Pvt. Ltd.,Kalika Securities Pvt. Ltd.,3,251.8,755.4,2025-08-17 12:38:42.095877
2025-08-17,53015,2025081701008780,GBIME,Midas Stock Broking Company Private Limited,Kalika Securities Pvt. Ltd.,2,250.4,500.8,2025-08-17 12:38:55.764855
2025-08-17,52800,2025081701008821,GBIME,Sri Hari Securities Pvt. Ltd.,Kohinoor Investment & Securities Pvt. Ltd.,10,250.2,2502.0,2025-08-17 12:39:37.743724
2025-08-17,52799,2025081701008822,GBIME,Naasa Securities Co. Ltd.,Kohinoor Investment & Securities Pvt. Ltd.,20,250.2,5004.0,2025-08-17 12:39:37.744003
2025-08-17,52798,2025081701008823,GBIME,Thrive Brokerage House Pvt. Ltd,Kohinoor Investment & Securities Pvt. Ltd.,10,250.2,2502.0,2025-08-17 12:39:37.744153
2025-08-17,52797,2025081701008824,GBIME,Investment Management Nepal Pvt. Ltd.,Online Securities Pvt. Ltd.,341,251.0,85591.0,2025-08-17 12:39:37.941811
2025-08-17,52796,2025081701008825,GBIME,Investment Management Nepal Pvt. Ltd.,SUN SECURITIES PVT LTD,64,251.0,16064.0,2025-08-17 12:39:37.942012
2025-08-17,52435,2025081701008947,GBIME,Investment Management Nepal Pvt. Ltd.,SUN SECURITIES PVT LTD,151,251.0,37901.0,2025-08-17 12:41:05.293751
2025-08-17,52434,2025081701008948,GBIME,Investment Management Nepal Pvt. Ltd.,Kalika Securities Pvt. Ltd.,122,251.0,30622.0,2025-08-17 12:41:05.294043
2025-08-17,52182,2025081701009030,GBIME,Machhapuchchhre Securities Limited,ABC Securities Private Limited,10,251.8,2518.0,2025-08-17 12:42:11.805978
2025-08-17,51567,2025081701009192,GBIME,Investment Management Nepal Pvt. Ltd.,Pragyan Securities (PVT) Ltd.,110,251.0,27610.0,2025-08-17 12:44:55.483662
2025-08-17,51524,2025081701009202,GBIME,Machhapuchchhre Securities Limited,ABC Securities Private Limited,10,251.8,2518.0,2025-08-17 12:45:08.242545
2025-08-17,50730,2025081701009368,GBIME,Kohinoor Investment & Securities Pvt. Ltd.,Aryatara Investment & Securities,94,251.5,23641.0,2025-08-17 12:48:16.140514
2025-08-17,49797,2025081701009638,GBIME,Investment Management Nepal Pvt. Ltd.,Agrawal Securities (PVT) Ltd.,14,251.0,3514.0,2025-08-17 12:51:48.496213
2025-08-17,49642,2025081701009696,GBIME,Machhapuchchhre Securities Limited,Online Securities Pvt. Ltd.,10,251.5,2515.0,2025-08-17 12:52:21.793686
2025-08-17,49527,2025081701009728,GBIME,Elite Stock House Limited,Primo Securities (PVT) Ltd.,10,251.0,2510.0,2025-08-17 12:52:53.417439
2025-08-17,49526,2025081701009729,GBIME,Opal Securities Investment (PVT) Ltd.,Primo Securities (PVT) Ltd.,50,251.0,12550.0,2025-08-17 12:52:53.417719
2025-08-17,49409,2025081701009750,GBIME,Capital Max Securities Ltd,Siprabi Securities Pvt. Ltd.,20,250.3,5006.0,2025-08-17 12:53:15.057375
2025-08-17,49408,2025081701009751,GBIME,Thrive Brokerage House Pvt. Ltd,Siprabi Securities Pvt. Ltd.,109,250.2,27271.8,2025-08-17 12:53:15.057462
2025-08-17,48861,2025081701009852,GBIME,Machhapuchchhre Securities Limited,Online Securities Pvt. Ltd.,10,251.5,2515.0,2025-08-17 12:55:18.208146
2025-08-17,48691,2025081701009891,GBIME,Thrive Brokerage House Pvt. Ltd,Kohinoor Investment & Securities Pvt. Ltd.,181,250.2,45286.2,2025-08-17 12:56:03.560165
2025-08-17,48690,2025081701009892,GBIME,Sewa Securities Pvt. Ltd.,Kohinoor Investment & Securities Pvt. Ltd.,20,250.2,5004.0,2025-08-17 12:56:03.560428
2025-08-17,48689,2025081701009893,GBIME,Vision Securities Pvt. Ltd,Kohinoor Investment & Securities Pvt. Ltd.,1000,250.2,250200.0,2025-08-17 12:56:03.560543
2025-08-17,48688,2025081701009894,GBIME,ABC Securities Private Limited,Kohinoor Investment & Securities Pvt. Ltd.,1000,250.2,250200.0,2025-08-17 12:56:03.560662
2025-08-17,48687,2025081701009895,GBIME,Naasa Securities Co. Ltd.,Kohinoor Investment & Securities Pvt. Ltd.,100,250.2,25020.0,2025-08-17 12:56:03.560775
2025-08-17,48686,2025081701009896,GBIME,Sani Securities Company Ltd.,Kohinoor Investment & Securities Pvt. Ltd.,1592,250.2,398318.4,2025-08-17 12:56:03.560893
2025-08-17,48685,2025081701009897,GBIME,Sani Securities Company Ltd.,Kohinoor Investment & Securities Pvt. Ltd.,1991,250.2,498148.2,2025-08-17 12:56:03.561006
2025-08-17,48684,2025081701009898,GBIME,Sani Securities Company Ltd.,Kohinoor Investment & Securities Pvt. Ltd.,1991,250.2,498148.2,2025-08-17 12:56:03.561147
2025-08-17,48683,2025081701009899,GBIME,Dakshinkali Investment & Securities Pvt. Ltd.,Kohinoor Investment & Securities Pvt. Ltd.,200,250.1,50020.0,2025-08-17 12:56:03.561270
2025-08-17,48682,2025081701009900,GBIME,South Asian Bulls Pvt. Ltd.,Kohinoor Investment & Securities Pvt. Ltd.,500,250.1,125050.0,2025-08-17 12:56:03.561390
2025-08-17,48681,2025081701009901,GBIME,Nepal Investment And Securities Trading Private Limited,Kohinoor Investment & Securities Pvt. Ltd.,500,250.1,125050.0,2025-08-17 12:56:03.561514
2025-08-17,48680,2025081701009902,GBIME,Shree Krishna Securities Ltd.,Kohinoor Investment & Securities Pvt. Ltd.,2000,250.1,500200.0,2025-08-17 12:56:03.561624
2025-08-17,48679,2025081701009903,GBIME,Himalayan Securities Limited,Kohinoor Investment & Securities Pvt. Ltd.,657,250.1,164315.7,2025-08-17 12:56:03.561732
2025-08-17,48678,2025081701009904,GBIME,Shree Krishna Securities Ltd.,Kohinoor Investment & Securities Pvt. Ltd.,200,250.1,50020.0,2025-08-17 12:56:03.561843
2025-08-17,48677,2025081701009905,GBIME,Naasa Securities Co. Ltd.,Kohinoor Investment & Securities Pvt. Ltd.,50,250.0,12500.0,2025-08-17 12:56:03.561979
2025-08-17,48676,2025081701009906,GBIME,J.F. Securites (PVT) Ltd.,Kohinoor Investment & Securities Pvt. Ltd.,50,250.0,12500.0,2025-08-17 12:56:03.562099
2025-08-17,48675,2025081701009907,GBIME,Aryatara Investment & Securities,Kohinoor Investment & Securities Pvt. Ltd.,500,250.0,125000.0,2025-08-17 12:56:03.562213
2025-08-17,48674,2025081701009908,GBIME,Dipshikha Dhitopatra Karobar Co. Pvt Ltd.,Kohinoor Investment & Securities Pvt. Ltd.,60,250.0,15000.0,2025-08-17 12:56:03.562323
2025-08-17,48673,2025081701009909,GBIME,Vision Securities Pvt. Ltd,Kohinoor Investment & Securities Pvt. Ltd.,132,250.0,33000.0,2025-08-17 12:56:03.562439
2025-08-17,48672,2025081701009910,GBIME,Naasa Securities Co. Ltd.,Kohinoor Investment & Securities Pvt. Ltd.,430,250.0,107500.0,2025-08-17 12:56:03.562547
2025-08-17,48671,2025081701009911,GBIME,Primo Securities (PVT) Ltd.,Kohinoor Investment & Securities Pvt. Ltd.,300,250.0,75000.0,2025-08-17 12:56:03.562653
2025-08-17,48670,2025081701009912,GBIME,Sani Securities Company Ltd.,Kohinoor Investment & Securities Pvt. Ltd.,2000,250.0,500000.0,2025-08-17 12:56:03.562758
2025-08-17,48669,2025081701009913,GBIME,Malla & Malla Stock Broking Company Pvt. Limited,Kohinoor Investment & Securities Pvt. Ltd.,39,250.0,9750.0,2025-08-17 12:56:03.562861
2025-08-17,48668,2025081701009914,GBIME,Cristal Kanchanjanga Securites Pvt. Ltd.,Kohinoor Investment & Securities Pvt. Ltd.,50,250.0,12500.0,2025-08-17 12:56:03.562962
2025-08-17,48667,2025081701009915,GBIME,Aryatara Investment & Securities,Kohinoor Investment & Securities Pvt. Ltd.,55,250.0,13750.0,2025-08-17 12:56:03.563071
2025-08-17,48666,2025081701009916,GBIME,Aryatara Investment & Securities,Kohinoor Investment & Securities Pvt. Ltd.,20,250.0,5000.0,2025-08-17 12:56:03.563179
2025-08-17,48665,2025081701009917,GBIME,Imperial Securities Company Pvt. Ltd.,Kohinoor Investment & Securities Pvt. Ltd.,15,250.0,3750.0,2025-08-17 12:56:03.563309
2025-08-17,48664,2025081701009918,GBIME,Naasa Securities Co. Ltd.,Kohinoor Investment & Securities Pvt. Ltd.,800,250.0,200000.0,2025-08-17 12:56:03.563418
2025-08-17,48663,2025081701009919,GBIME,Elite Stock House Limited,Kohinoor Investment & Securities Pvt. Ltd.,50,250.0,12500.0,2025-08-17 12:56:03.563522
2025-08-17,48662,2025081701009920,GBIME,Creative Securities Pvt Ltd,Kohinoor Investment & Securities Pvt. Ltd.,1000,250.0,250000.0,2025-08-17 12:56:03.563624
2025-08-17,48661,2025081701009921,GBIME,Opal Securities Investment (PVT) Ltd.,Kohinoor Investment & Securities Pvt. Ltd.,45,250.0,11250.0,2025-08-17 12:56:03.563726
2025-08-17,48660,2025081701009922,GBIME,Naasa Securities Co. Ltd.,Kohinoor Investment & Securities Pvt. Ltd.,45,250.0,11250.0,2025-08-17 12:56:03.563833
2025-08-17,48659,2025081701009923,GBIME,Trisul Securities & Invt. Ltd.,Kohinoor Investment & Securities Pvt. Ltd.,4000,250.0,1000000.0,2025-08-17 12:56:03.563938
2025-08-17,48658,2025081701009924,GBIME,Sani Securities Company Ltd.,Kohinoor Investment & Securities Pvt. Ltd.,30,250.0,7500.0,2025-08-17 12:56:03.564042
2025-08-17,48657,2025081701009925,GBIME,Sani Securities Company Ltd.,Kohinoor Investment & Securities Pvt. Ltd.,1000,250.0,250000.0,2025-08-17 12:56:03.564142
2025-08-17,48656,2025081701009926,GBIME,Sani Securities Company Ltd.,Kohinoor Investment & Securities Pvt. Ltd.,18,250.0,4500.0,2025-08-17 12:56:03.564242
2025-08-17,48655,2025081701009927,GBIME,Linch Stock Market Ltd.,Kohinoor Investment & Securities Pvt. Ltd.,100,250.0,25000.0,2025-08-17 12:56:03.564343
2025-08-17,48654,2025081701009928,GBIME,Bhrikuti Stock Broking Co. Pvt. Ltd.,Kohinoor Investment & Securities Pvt. Ltd.,10,250.0,2500.0,2025-08-17 12:56:03.564444
2025-08-17,48653,2025081701009929,GBIME,Thrive Brokerage House Pvt. Ltd,Kohinoor Investment & Securities Pvt. Ltd.,40,250.0,10000.0,2025-08-17 12:56:03.564547
2025-08-17,48652,2025081701009930,GBIME,Aryatara Investment & Securities,Kohinoor Investment & Securities Pvt. Ltd.,949,250.0,237250.0,2025-08-17 12:56:03.564645
2025-08-17,48651,2025081701009931,GBIME,Kumari Securities Private Limited,Kohinoor Investment & Securities Pvt. Ltd.,750,250.0,187500.0,2025-08-17 12:56:03.564747
2025-08-17,48650,2025081701009932,GBIME,Secured Securities Ltd.,Kohinoor Investment & Securities Pvt. Ltd.,530,250.0,132500.0,2025-08-17 12:56:03.564848
2025-08-17,48584,2025081701009946,GBIME,Machhapuchchhre Securities Limited,Neev Securities Pvt. Ltd.,10,251.0,2510.0,2025-08-17 12:56:17.357406
2025-08-17,47942,2025081701010119,GBIME,Secured Securities Ltd.,Oxford Securities Pvt. Ltd.,122,250.0,30500.0,2025-08-17 12:58:54.370521
2025-08-17,47769,2025081701010156,GBIME,Secured Securities Ltd.,Kohinoor Investment & Securities Pvt. Ltd.,348,250.0,87000.0,2025-08-17 12:59:31.553081
2025-08-17,47768,2025081701010157,GBIME,Secured Securities Ltd.,Kohinoor Investment & Securities Pvt. Ltd.,50,250.0,12500.0,2025-08-17 12:59:31.553136
2025-08-17,47767,2025081701010158,GBIME,Naasa Securities Co. Ltd.,Kohinoor Investment & Securities Pvt. Ltd.,15,250.0,3750.0,2025-08-17 12:59:31.553160
2025-08-17,47766,2025081701010159,GBIME,Vision Securities Pvt. Ltd,Kohinoor Investment & Securities Pvt. Ltd.,14,250.0,3500.0,2025-08-17 12:59:31.553184
2025-08-17,47585,2025081701010211,GBIME,Vision Securities Pvt. Ltd,Naasa Securities Co. Ltd.,39,250.0,9750.0,2025-08-17 13:00:21.246496
2025-08-17,47397,2025081701010251,GBIME,Vision Securities Pvt. Ltd,Naasa Securities Co. Ltd.,10,250.0,2500.0,2025-08-17 13:01:03.176818
2025-08-17,47098,2025081701010301,GBIME,Primo Securities (PVT) Ltd.,Neev Securities Pvt. Ltd.,50,251.0,12550.0,2025-08-17 13:01:52.804805
2025-08-17,47023,2025081701010332,GBIME,Vision Securities Pvt. Ltd,Naasa Securities Co. Ltd.,119,250.0,29750.0,2025-08-17 13:02:04.108275
2025-08-17,46804,2025081701010382,GBIME,Linch Stock Market Ltd.,Neev Securities Pvt. Ltd.,10,251.0,2510.0,2025-08-17 13:02:52.595391
2025-08-17,46558,2025081701010445,GBIME,Vision Securities Pvt. Ltd,Nepal Investment And Securities Trading Private Limited,207,250.0,51750.0,2025-08-17 13:03:40.541178
2025-08-17,45936,2025081701010695,GBIME,Naasa Securities Co. Ltd.,Neev Securities Pvt. Ltd.,10,251.0,2510.0,2025-08-17 13:05:01.774950
2025-08-17,43898,2025081701011241,GBIME,Vision Securities Pvt. Ltd,Sri Hari Securities Pvt. Ltd.,55,250.0,13750.0,2025-08-17 13:10:57.784984
2025-08-17,43744,2025081701011276,GBIME,Vision Securities Pvt. Ltd,Naasa Securities Co. Ltd.,50,250.0,12500.0,2025-08-17 13:11:19.818519
2025-08-17,43473,2025081701011314,GBIME,Trishakti Securities Public Limited,Sani Securities Company Ltd.,20,250.0,5000.0,2025-08-17 13:11:59.882996
2025-08-17,43472,2025081701011315,GBIME,Neev Securities Pvt. Ltd.,Sani Securities Company Ltd.,10,250.0,2500.0,2025-08-17 13:11:59.883275
2025-08-17,43471,2025081701011316,GBIME,Cristal Kanchanjanga Securites Pvt. Ltd.,Sani Securities Company Ltd.,36,250.0,9000.0,2025-08-17 13:11:59.883387
2025-08-17,42827,2025081701011374,GBIME,Cristal Kanchanjanga Securites Pvt. Ltd.,Nepal Investment And Securities Trading Private Limited,20,250.0,5000.0,2025-08-17 13:13:18.347423
2025-08-17,42776,2025081701011386,GBIME,Cristal Kanchanjanga Securites Pvt. Ltd.,Naasa Securities Co. Ltd.,44,250.0,11000.0,2025-08-17 13:13:32.269145
2025-08-17,42775,2025081701011387,GBIME,Vision Securities Pvt. Ltd,Naasa Securities Co. Ltd.,6,250.0,1500.0,2025-08-17 13:13:32.269328
2025-08-17,42652,2025081701011421,GBIME,Sani Securities Company Ltd.,Naasa Securities Co. Ltd.,22,250.0,5500.0,2025-08-17 13:13:59.457740
2025-08-17,42651,2025081701011422,GBIME,Aryatara Investment & Securities,Naasa Securities Co. Ltd.,18,250.0,4500.0,2025-08-17 13:13:59.458253
2025-08-17,42444,2025081701011451,GBIME,Kumari Securities Private Limited,Kohinoor Investment & Securities Pvt. Ltd.,29,250.0,7250.0,2025-08-17 13:14:46.687519
2025-08-17,42030,2025081701011564,GBIME,Kumari Securities Private Limited,Miyo Securities Pvt Ltd,18,250.0,4500.0,2025-08-17 13:16:00.921642
2025-08-17,41860,2025081701011592,GBIME,Kumari Securities Private Limited,Primo Securities (PVT) Ltd.,53,250.0,13250.0,2025-08-17 13:16:39.546853
2025-08-17,41859,2025081701011593,GBIME,Vision Securities Pvt. Ltd,Primo Securities (PVT) Ltd.,210,250.0,52500.0,2025-08-17 13:16:39.547130
2025-08-17,41561,2025081701011628,GBIME,Machhapuchchhre Securities Limited,Siprabi Securities Pvt. Ltd.,10,250.6,2506.0,2025-08-17 13:17:28.369763
2025-08-17,41531,2025081701011638,GBIME,Sundhara Securities Limited,Cristal Kanchanjanga Securites Pvt. Ltd.,400,250.0,100000.0,2025-08-17 13:17:35.041407
2025-08-17,41227,2025081701011709,GBIME,Sundhara Securities Limited,Siprabi Securities Pvt. Ltd.,40,250.0,10000.0,2025-08-17 13:18:23.533727
2025-08-17,40828,2025081701011820,GBIME,Kumari Securities Private Limited,Siprabi Securities Pvt. Ltd.,200,250.6,50120.0,2025-08-17 13:19:36.029848
2025-08-17,40688,2025081701011850,GBIME,Sundhara Securities Limited,Dynamic Money Managers Securities Pvt. Ltd.,60,250.0,15000.0,2025-08-17 13:20:04.912874
2025-08-17,40687,2025081701011851,GBIME,Infinity Securities Limited,Dynamic Money Managers Securities Pvt. Ltd.,40,250.0,10000.0,2025-08-17 13:20:04.913214
2025-08-17,40686,2025081701011852,GBIME,Nagarik Stock Dealer ,Dynamic Money Managers Securities Pvt. Ltd.,391,250.0,97750.0,2025-08-17 13:20:04.913610
2025-08-17,40581,2025081701011882,GBIME,Nagarik Stock Dealer ,Kohinoor Investment & Securities Pvt. Ltd.,100,250.0,25000.0,2025-08-17 13:20:21.530663
2025-08-17,39866,2025081701011976,GBIME,Nagarik Stock Dealer ,Siprabi Securities Pvt. Ltd.,184,250.0,46000.0,2025-08-17 13:22:08.481182
2025-08-17,39693,2025081701012024,GBIME,Machhapuchchhre Securities Limited,J.F. Securites (PVT) Ltd.,10,250.6,2506.0,2025-08-17 13:22:44.150264
2025-08-17,39507,2025081701012086,GBIME,Thrive Brokerage House Pvt. Ltd,Online Securities Pvt. Ltd.,355,250.5,88927.5,2025-08-17 13:23:17.160358
2025-08-17,39322,2025081701012131,GBIME,Kalika Securities Pvt. Ltd.,J.F. Securites (PVT) Ltd.,30,250.6,7518.0,2025-08-17 13:24:03.654415
2025-08-17,39274,2025081701012161,GBIME,Thrive Brokerage House Pvt. Ltd,Opal Securities Investment (PVT) Ltd.,145,250.5,36322.5,2025-08-17 13:24:09.008901
2025-08-17,39033,2025081701012237,GBIME,Sani Securities Company Ltd.,Opal Securities Investment (PVT) Ltd.,80,250.5,20040.0,2025-08-17 13:24:48.410144
2025-08-17,38694,2025081701012284,GBIME,Nagarik Stock Dealer ,Primo Securities (PVT) Ltd.,60,250.0,15000.0,2025-08-17 13:25:55.246972
2025-08-17,38471,2025081701012331,GBIME,Nagarik Stock Dealer ,Midas Stock Broking Company Private Limited,3000,250.0,750000.0,2025-08-17 13:26:35.000140
2025-08-17,38030,2025081701012537,GBIME,Machhapuchchhre Securities Limited,Opal Securities Investment (PVT) Ltd.,10,250.5,2505.0,2025-08-17 13:28:04.958152
2025-08-17,37956,2025081701012556,GBIME,Nagarik Stock Dealer ,Online Securities Pvt. Ltd.,17,250.0,4250.0,2025-08-17 13:28:22.523704
2025-08-17,37904,2025081701012573,GBIME,Nagarik Stock Dealer ,ABC Securities Private Limited,1000,250.0,250000.0,2025-08-17 13:28:33.961866
2025-08-17,37864,2025081701012584,GBIME,Machhapuchchhre Securities Limited,Opal Securities Investment (PVT) Ltd.,10,250.5,2505.0,2025-08-17 13:28:42.054451
2025-08-17,37592,2025081701012651,GBIME,Dynamic Money Managers Securities Pvt. Ltd.,Opal Securities Investment (PVT) Ltd.,40,250.5,10020.0,2025-08-17 13:29:47.789351
2025-08-17,37317,2025081701012693,GBIME,ABC Securities Private Limited,J.F. Securites (PVT) Ltd.,900,250.6,225540.0,2025-08-17 13:30:37.271831
2025-08-17,37045,2025081701012757,GBIME,Dynamic Money Managers Securities Pvt. Ltd.,Kumari Securities Private Limited,200,250.5,50100.0,2025-08-17 13:31:36.130805
2025-08-17,37009,2025081701012766,GBIME,Dynamic Money Managers Securities Pvt. Ltd.,Sani Securities Company Ltd.,190,250.5,47595.0,2025-08-17 13:31:39.569514
2025-08-17,36934,2025081701012790,GBIME,Dynamic Money Managers Securities Pvt. Ltd.,KALASH STOCK MARKET PVT. LTD.,500,250.5,125250.0,2025-08-17 13:31:56.433819
2025-08-17,36649,2025081701012855,GBIME,Dynamic Money Managers Securities Pvt. Ltd.,Midas Stock Broking Company Private Limited,70,250.5,17535.0,2025-08-17 13:32:53.828448
2025-08-17,36648,2025081701012856,GBIME,Naasa Securities Co. Ltd.,Midas Stock Broking Company Private Limited,20,250.5,5010.0,2025-08-17 13:32:53.828739
2025-08-17,36362,2025081701012929,GBIME,Nepal Investment And Securities Trading Private Limited,Sumeru Securities Pvt. Ltd.,241,250.1,60274.1,2025-08-17 13:33:53.901115
2025-08-17,35968,2025081701013045,GBIME,Nepal Investment And Securities Trading Private Limited,Sumeru Securities Pvt. Ltd.,100,250.1,25010.0,2025-08-17 13:35:22.278169
2025-08-17,35888,2025081701013074,GBIME,Nabil Stock Dealer Ltd.,Midas Stock Broking Company Private Limited,10,250.5,2505.0,2025-08-17 13:35:32.414243
2025-08-17,35657,2025081701013142,GBIME,Nepal Investment And Securities Trading Private Limited,Kohinoor Investment & Securities Pvt. Ltd.,159,250.1,39765.9,2025-08-17 13:36:04.526296
2025-08-17,35656,2025081701013143,GBIME,Bhrikuti Stock Broking Co. Pvt. Ltd.,Kohinoor Investment & Securities Pvt. Ltd.,13,250.1,3251.3,2025-08-17 13:36:04.526624
2025-08-17,35655,2025081701013144,GBIME,Nagarik Stock Dealer ,Kohinoor Investment & Securities Pvt. Ltd.,14828,250.0,3707000.0,2025-08-17 13:36:04.526766
2025-08-17,35479,2025081701013183,GBIME,Nagarik Stock Dealer ,Kumari Securities Private Limited,400,250.0,100000.0,2025-08-17 13:36:41.456107
2025-08-17,35325,2025081701013222,GBIME,Nagarik Stock Dealer ,Asian Securities Private Ltd.,20,250.0,5000.0,2025-08-17 13:37:15.247281
2025-08-17,35324,2025081701013223,GBIME,Miyo Securities Pvt Ltd,Asian Securities Private Ltd.,12,250.0,3000.0,2025-08-17 13:37:15.247599
2025-08-17,35323,2025081701013224,GBIME,Primo Securities (PVT) Ltd.,Asian Securities Private Ltd.,968,250.0,242000.0,2025-08-17 13:37:15.247733
2025-08-17,35256,2025081701013235,GBIME,Primo Securities (PVT) Ltd.,Asian Securities Private Ltd.,32,250.0,8000.0,2025-08-17 13:37:31.625890
2025-08-17,34677,2025081701013364,GBIME,Kohinoor Investment & Securities Pvt. Ltd.,Asian Securities Private Ltd.,500,249.9,124950.0,2025-08-17 13:39:31.286084
2025-08-17,34676,2025081701013365,GBIME,Siprabi Securities Pvt. Ltd.,Asian Securities Private Ltd.,18,249.9,4498.2,2025-08-17 13:39:31.286397
2025-08-17,34675,2025081701013366,GBIME,Linch Stock Market Ltd.,Asian Securities Private Ltd.,450,249.8,112410.0,2025-08-17 13:39:31.286530
2025-08-17,34397,2025081701013437,GBIME,Linch Stock Market Ltd.,Naasa Securities Co. Ltd.,10,249.8,2498.0,2025-08-17 13:40:24.054129
2025-08-17,34307,2025081701013457,GBIME,Naasa Securities Co. Ltd.,Nepal Investment And Securities Trading Private Limited,45,250.0,11250.0,2025-08-17 13:40:44.989906
2025-08-17,33752,2025081701013567,GBIME,Nepal Stock House (PVT) Ltd.,Nepal Investment And Securities Trading Private Limited,10,250.0,2500.0,2025-08-17 13:42:45.472629
2025-08-17,33646,2025081701013589,GBIME,Sani Securities Company Ltd.,Nepal Investment And Securities Trading Private Limited,45,250.0,11250.0,2025-08-17 13:43:11.318129
2025-08-17,33645,2025081701013590,GBIME,Sani Securities Company Ltd.,Naasa Securities Co. Ltd.,130,250.0,32500.0,2025-08-17 13:43:11.318724
2025-08-17,33644,2025081701013591,GBIME,Sani Securities Company Ltd.,Dipshikha Dhitopatra Karobar Co. Pvt Ltd.,72,250.0,18000.0,2025-08-17 13:43:11.319199
2025-08-17,33643,2025081701013592,GBIME,Sani Securities Company Ltd.,Kohinoor Investment & Securities Pvt. Ltd.,25,250.0,6250.0,2025-08-17 13:43:11.319580
2025-08-17,33538,2025081701013603,GBIME,Sani Securities Company Ltd.,Online Securities Pvt. Ltd.,728,250.0,182000.0,2025-08-17 13:43:27.786397
2025-08-17,33365,2025081701013649,GBIME,Sani Securities Company Ltd.,Online Securities Pvt. Ltd.,1000,250.0,250000.0,2025-08-17 13:44:04.155636
2025-08-17,33304,2025081701013657,GBIME,Sani Securities Company Ltd.,Online Securities Pvt. Ltd.,1000,250.0,250000.0,2025-08-17 13:44:20.320299
2025-08-17,33086,2025081701013714,GBIME,Arun Securities (PVT) Ltd.,Online Securities Pvt. Ltd.,11,250.0,2750.0,2025-08-17 13:45:11.104258
2025-08-17,32924,2025081701013736,GBIME,Linch Stock Market Ltd.,Imperial Securities Company Pvt. Ltd.,40,249.8,9992.0,2025-08-17 13:45:48.850468
2025-08-17,32923,2025081701013737,GBIME,Nepal Investment And Securities Trading Private Limited,Imperial Securities Company Pvt. Ltd.,200,249.8,49960.0,2025-08-17 13:45:48.850511
2025-08-17,32922,2025081701013738,GBIME,Opal Securities Investment (PVT) Ltd.,Imperial Securities Company Pvt. Ltd.,200,249.8,49960.0,2025-08-17 13:45:48.850539
2025-08-17,32921,2025081701013739,GBIME,Shree Krishna Securities Ltd.,Imperial Securities Company Pvt. Ltd.,1000,249.7,249700.0,2025-08-17 13:45:48.850569
2025-08-17,32920,2025081701013740,GBIME,Premier Securities Company Ltd.,Imperial Securities Company Pvt. Ltd.,50,249.7,12485.0,2025-08-17 13:45:48.850606
2025-08-17,32919,2025081701013741,GBIME,Nepal Stock House (PVT) Ltd.,Imperial Securities Company Pvt. Ltd.,1000,249.5,249500.0,2025-08-17 13:45:48.850629
2025-08-17,32918,2025081701013742,GBIME,Shree Krishna Securities Ltd.,Imperial Securities Company Pvt. Ltd.,1000,249.5,249500.0,2025-08-17 13:45:48.850654
2025-08-17,32917,2025081701013743,GBIME,Naasa Securities Co. Ltd.,Imperial Securities Company Pvt. Ltd.,290,249.5,72355.0,2025-08-17 13:45:48.850678
2025-08-17,32916,2025081701013744,GBIME,Sani Securities Company Ltd.,Imperial Securities Company Pvt. Ltd.,10,249.5,2495.0,2025-08-17 13:45:48.850699
2025-08-17,32915,2025081701013745,GBIME,Shree Krishna Securities Ltd.,Imperial Securities Company Pvt. Ltd.,162,249.4,40402.8,2025-08-17 13:45:48.850719
2025-08-17,32414,2025081701013898,GBIME,Sani Securities Company Ltd.,Sumeru Securities Pvt. Ltd.,50,249.5,12475.0,2025-08-17 13:47:37.877244
2025-08-17,32349,2025081701013909,GBIME,Sani Securities Company Ltd.,Ashutosh Brokerage & Securities (PVT) Ltd.,27,249.5,6736.5,2025-08-17 13:47:50.467494
2025-08-17,31481,2025081701014159,GBIME,Siprabi Securities Pvt. Ltd.,Capital Max Securities Ltd,10,249.5,2495.0,2025-08-17 13:50:45.490826
2025-08-17,31437,2025081701014163,GBIME,Secured Securities Ltd.,Capital Max Securities Ltd,33,250.0,8250.0,2025-08-17 13:50:58.351085
2025-08-17,31436,2025081701014164,GBIME,Secured Securities Ltd.,Naasa Securities Co. Ltd.,15,250.0,3750.0,2025-08-17 13:50:58.351712
2025-08-17,31435,2025081701014165,GBIME,Secured Securities Ltd.,Global IME Securities Limited,482,250.0,120500.0,2025-08-17 13:50:58.352139
2025-08-17,31148,2025081701014215,GBIME,Imperial Securities Company Pvt. Ltd.,Global IME Securities Limited,148,250.0,37000.0,2025-08-17 13:52:00.404755
2025-08-17,31147,2025081701014216,GBIME,Imperial Securities Company Pvt. Ltd.,Naasa Securities Co. Ltd.,52,250.0,13000.0,2025-08-17 13:52:00.405350
2025-08-17,30974,2025081701014267,GBIME,J.F. Securites (PVT) Ltd.,Naasa Securities Co. Ltd.,9,246.0,2214.0,2025-08-17 13:52:39.962995
2025-08-17,30793,2025081701014295,GBIME,J.F. Securites (PVT) Ltd.,Cristal Kanchanjanga Securites Pvt. Ltd.,2,246.0,492.0,2025-08-17 13:53:18.344325
2025-08-17,30769,2025081701014302,GBIME,Property Wiard Limited,Naasa Securities Co. Ltd.,16,250.0,4000.0,2025-08-17 13:53:25.708201
2025-08-17,30768,2025081701014303,GBIME,Property Wiard Limited,Sumeru Securities Pvt. Ltd.,50,250.0,12500.0,2025-08-17 13:53:25.708490
2025-08-17,30767,2025081701014304,GBIME,Property Wiard Limited,Dipshikha Dhitopatra Karobar Co. Pvt Ltd.,23,250.0,5750.0,2025-08-17 13:53:25.708618
2025-08-17,30710,2025081701014314,GBIME,J.F. Securites (PVT) Ltd.,Vision Securities Pvt. Ltd,1,246.0,246.0,2025-08-17 13:53:39.458465
2025-08-17,30407,2025081701014373,GBIME,Primo Securities (PVT) Ltd.,Dipshikha Dhitopatra Karobar Co. Pvt Ltd.,300,250.0,75000.0,2025-08-17 13:54:42.030239
2025-08-17,29956,2025081701014457,GBIME,Secured Securities Ltd.,Dipshikha Dhitopatra Karobar Co. Pvt Ltd.,30,250.0,7500.0,2025-08-17 13:56:02.591002
2025-08-17,29614,2025081701014500,GBIME,Naasa Securities Co. Ltd.,Secured Securities Ltd.,10,249.6,2496.0,2025-08-17 13:57:02.853256
2025-08-17,28957,2025081701014620,GBIME,Naasa Securities Co. Ltd.,Secured Securities Ltd.,10,249.6,2496.0,2025-08-17 13:59:14.440147
2025-08-17,28798,2025081701014658,GBIME,Siprabi Securities Pvt. Ltd.,Deevyaa Securities & Stock House Pvt. Ltd,10,249.5,2495.0,2025-08-17 13:59:51.449314
2025-08-17,28797,2025081701014659,GBIME,Linch Stock Market Ltd.,Deevyaa Securities & Stock House Pvt. Ltd,400,249.5,99800.0,2025-08-17 13:59:51.449453
2025-08-17,28796,2025081701014660,GBIME,Asian Securities Private Ltd.,Deevyaa Securities & Stock House Pvt. Ltd,87,249.5,21706.5,2025-08-17 13:59:51.449522
2025-08-17,28795,2025081701014661,GBIME,Shree Krishna Securities Ltd.,Deevyaa Securities & Stock House Pvt. Ltd,838,249.4,208997.2,2025-08-17 13:59:51.449593
2025-08-17,28794,2025081701014662,GBIME,Shree Krishna Securities Ltd.,Deevyaa Securities & Stock House Pvt. Ltd,665,249.3,165784.5,2025-08-17 13:59:51.449679
2025-08-17,28783,2025081701014666,GBIME,Kumari Securities Private Limited,Dipshikha Dhitopatra Karobar Co. Pvt Ltd.,47,250.0,11750.0,2025-08-17 13:59:55.064506
2025-08-17,28782,2025081701014667,GBIME,Kumari Securities Private Limited,Sani Securities Company Ltd.,50,250.0,12500.0,2025-08-17 13:59:55.065083
2025-08-17,28588,2025081701014716,GBIME,Imperial Securities Company Pvt. Ltd.,Trishakti Securities Public Limited,397,250.0,99250.0,2025-08-17 14:00:46.075486
2025-08-17,28566,2025081701014722,GBIME,Kumari Securities Private Limited,Trishakti Securities Public Limited,50,250.0,12500.0,2025-08-17 14:00:56.718873
2025-08-17,28211,2025081701014785,GBIME,Primo Securities (PVT) Ltd.,Cristal Kanchanjanga Securites Pvt. Ltd.,40,249.5,9980.0,2025-08-17 14:02:23.351302
2025-08-17,28210,2025081701014786,GBIME,Shree Krishna Securities Ltd.,Cristal Kanchanjanga Securites Pvt. Ltd.,335,249.3,83515.5,2025-08-17 14:02:23.351864
2025-08-17,28209,2025081701014787,GBIME,Shree Krishna Securities Ltd.,Cristal Kanchanjanga Securites Pvt. Ltd.,625,249.2,155750.0,2025-08-17 14:02:23.352278
2025-08-17,27839,2025081701014862,GBIME,Thrive Brokerage House Pvt. Ltd,Pragyan Securities (PVT) Ltd.,230,249.5,57385.0,2025-08-17 14:04:08.221046
2025-08-17,27838,2025081701014863,GBIME,Thrive Brokerage House Pvt. Ltd,Trishakti Securities Public Limited,298,250.0,74500.0,2025-08-17 14:04:08.221401
2025-08-17,27050,2025081701015028,GBIME,Secured Securities Ltd.,Trishakti Securities Public Limited,255,250.0,63750.0,2025-08-17 14:06:30.397434
2025-08-17,27049,2025081701015029,GBIME,Secured Securities Ltd.,Trishakti Securities Public Limited,45,250.0,11250.0,2025-08-17 14:06:30.397723
2025-08-17,26476,2025081701015193,GBIME,J.F. Securites (PVT) Ltd.,Deevyaa Securities & Stock House Pvt. Ltd,2,245.0,490.0,2025-08-17 14:08:04.455503
2025-08-17,26474,2025081701015194,GBIME,Midas Stock Broking Company Private Limited,Trishakti Securities Public Limited,180,250.0,45000.0,2025-08-17 14:08:05.498644
2025-08-17,26379,2025081701015245,GBIME,Dipshikha Dhitopatra Karobar Co. Pvt Ltd.,Trishakti Securities Public Limited,500,250.0,125000.0,2025-08-17 14:08:20.718153
2025-08-17,25877,2025081701015336,GBIME,Vision Securities Pvt. Ltd,Trishakti Securities Public Limited,395,250.0,98750.0,2025-08-17 14:10:01.629546
2025-08-17,25876,2025081701015337,GBIME,Vision Securities Pvt. Ltd,Oxford Securities Pvt. Ltd.,20,250.0,5000.0,2025-08-17 14:10:01.630059
2025-08-17,25875,2025081701015338,GBIME,Vision Securities Pvt. Ltd,Asian Securities Private Ltd.,800,250.0,200000.0,2025-08-17 14:10:01.630512
2025-08-17,25874,2025081701015339,GBIME,Vision Securities Pvt. Ltd,Online Securities Pvt. Ltd.,241,250.0,60250.0,2025-08-17 14:10:01.630908
2025-08-17,25873,2025081701015340,GBIME,Vision Securities Pvt. Ltd,Sumeru Securities Pvt. Ltd.,50,250.0,12500.0,2025-08-17 14:10:01.631383
2025-08-17,25872,2025081701015341,GBIME,Vision Securities Pvt. Ltd,Sumeru Securities Pvt. Ltd.,33,250.0,8250.0,2025-08-17 14:10:01.631943
2025-08-17,25871,2025081701015342,GBIME,Vision Securities Pvt. Ltd,Asian Securities Private Ltd.,100,250.0,25000.0,2025-08-17 14:10:01.632514
2025-08-17,25870,2025081701015343,GBIME,Vision Securities Pvt. Ltd,Sewa Securities Pvt. Ltd.,200,250.0,50000.0,2025-08-17 14:10:01.632914
2025-08-17,25869,2025081701015344,GBIME,Vision Securities Pvt. Ltd,Online Securities Pvt. Ltd.,161,250.0,40250.0,2025-08-17 14:10:01.633365
2025-08-17,25496,2025081701015430,GBIME,Dynamic Money Managers Securities Pvt. Ltd.,Online Securities Pvt. Ltd.,88,250.0,22000.0,2025-08-17 14:11:21.393827
2025-08-17,25355,2025081701015444,GBIME,Naasa Securities Co. Ltd.,Secured Securities Ltd.,11,249.7,2746.7,2025-08-17 14:11:36.845999
2025-08-17,25354,2025081701015445,GBIME,Siprabi Securities Pvt. Ltd.,Secured Securities Ltd.,500,249.7,124850.0,2025-08-17 14:11:36.846289
2025-08-17,25279,2025081701015466,GBIME,Imperial Securities Company Pvt. Ltd.,Secured Securities Ltd.,489,249.7,122103.3,2025-08-17 14:11:56.273392
2025-08-17,24543,2025081701015624,GBIME,Online Securities Pvt. Ltd.,Sani Securities Company Ltd.,25,249.8,6245.0,2025-08-17 14:14:25.123841
2025-08-17,24542,2025081701015625,GBIME,Imperial Securities Company Pvt. Ltd.,Sani Securities Company Ltd.,375,249.7,93637.5,2025-08-17 14:14:25.124179
2025-08-17,24210,2025081701015679,GBIME,Vision Securities Pvt. Ltd,Online Securities Pvt. Ltd.,51,250.0,12750.0,2025-08-17 14:15:16.291200
2025-08-17,24209,2025081701015680,GBIME,Vision Securities Pvt. Ltd,Thrive Brokerage House Pvt. Ltd,1267,250.0,316750.0,2025-08-17 14:15:16.291516
2025-08-17,24208,2025081701015681,GBIME,Vision Securities Pvt. Ltd,Opal Securities Investment (PVT) Ltd.,100,250.0,25000.0,2025-08-17 14:15:16.291649
2025-08-17,24207,2025081701015682,GBIME,Vision Securities Pvt. Ltd,Midas Stock Broking Company Private Limited,50,250.0,12500.0,2025-08-17 14:15:16.291781
2025-08-17,24206,2025081701015683,GBIME,Vision Securities Pvt. Ltd,Asian Securities Private Ltd.,500,250.0,125000.0,2025-08-17 14:15:16.291917
2025-08-17,24205,2025081701015684,GBIME,Vision Securities Pvt. Ltd,Sumeru Securities Pvt. Ltd.,32,250.0,8000.0,2025-08-17 14:15:16.292054
2025-08-17,24114,2025081701015692,GBIME,Midas Stock Broking Company Private Limited,Sumeru Securities Pvt. Ltd.,18,250.0,4500.0,2025-08-17 14:15:26.581805
2025-08-17,23923,2025081701015760,GBIME,Midas Stock Broking Company Private Limited,Trademow Securities Private Limited,32,250.0,8000.0,2025-08-17 14:15:59.473363
2025-08-17,23922,2025081701015761,GBIME,Naasa Securities Co. Ltd.,Trademow Securities Private Limited,40,250.0,10000.0,2025-08-17 14:15:59.473968
2025-08-17,23921,2025081701015762,GBIME,Imperial Securities Company Pvt. Ltd.,Trademow Securities Private Limited,136,249.7,33959.2,2025-08-17 14:15:59.474412
2025-08-17,23920,2025081701015763,GBIME,Nagarik Stock Dealer ,Trademow Securities Private Limited,1292,249.6,322483.2,2025-08-17 14:15:59.474828
2025-08-17,23830,2025081701015773,GBIME,Naasa Securities Co. Ltd.,Linch Stock Market Ltd.,20,250.0,5000.0,2025-08-17 14:16:11.583801
2025-08-17,23744,2025081701015780,GBIME,Dynamic Money Managers Securities Pvt. Ltd.,Linch Stock Market Ltd.,80,249.7,19976.0,2025-08-17 14:16:24.668249
2025-08-17,23633,2025081701015792,GBIME,Vision Securities Pvt. Ltd,J.F. Securites (PVT) Ltd.,1000,250.4,250400.0,2025-08-17 14:16:35.281522
2025-08-17,23632,2025081701015793,GBIME,Vision Securities Pvt. Ltd,J.F. Securites (PVT) Ltd.,60,250.4,15024.0,2025-08-17 14:16:35.281596
2025-08-17,23631,2025081701015794,GBIME,Vision Securities Pvt. Ltd,Midas Stock Broking Company Private Limited,581,250.5,145540.5,2025-08-17 14:16:35.281622
2025-08-17,23630,2025081701015795,GBIME,Vision Securities Pvt. Ltd,Swarna Laxmi Securities Pvt. Ltd.,619,250.5,155059.5,2025-08-17 14:16:35.281644
2025-08-17,23629,2025081701015796,GBIME,Vision Securities Pvt. Ltd,Sewa Securities Pvt. Ltd.,100,250.5,25050.0,2025-08-17 14:16:35.281684
2025-08-17,23628,2025081701015797,GBIME,Vision Securities Pvt. Ltd,Naasa Securities Co. Ltd.,226,250.5,56613.0,2025-08-17 14:16:35.281709
2025-08-17,23627,2025081701015798,GBIME,Vision Securities Pvt. Ltd,Dipshikha Dhitopatra Karobar Co. Pvt Ltd.,100,250.7,25070.0,2025-08-17 14:16:35.281731
2025-08-17,23626,2025081701015799,GBIME,Vision Securities Pvt. Ltd,ABC Securities Private Limited,1000,250.9,250900.0,2025-08-17 14:16:35.281772
2025-08-17,23625,2025081701015800,GBIME,Vision Securities Pvt. Ltd,Nepal Stock House (PVT) Ltd.,400,250.9,100360.0,2025-08-17 14:16:35.281793
2025-08-17,23624,2025081701015801,GBIME,Vision Securities Pvt. Ltd,Sewa Securities Pvt. Ltd.,100,250.9,25090.0,2025-08-17 14:16:35.281815
2025-08-17,23623,2025081701015802,GBIME,Vision Securities Pvt. Ltd,Sewa Securities Pvt. Ltd.,100,250.9,25090.0,2025-08-17 14:16:35.281834
2025-08-17,23622,2025081701015803,GBIME,Vision Securities Pvt. Ltd,ABC Securities Private Limited,200,250.9,50180.0,2025-08-17 14:16:35.281856
2025-08-17,23621,2025081701015804,GBIME,Vision Securities Pvt. Ltd,Neev Securities Pvt. Ltd.,20,251.0,5020.0,2025-08-17 14:16:35.281895
2025-08-17,23620,2025081701015805,GBIME,Vision Securities Pvt. Ltd,Sani Securities Company Ltd.,45,251.0,11295.0,2025-08-17 14:16:35.281918
2025-08-17,23619,2025081701015806,GBIME,Vision Securities Pvt. Ltd,Primo Securities (PVT) Ltd.,290,251.0,72790.0,2025-08-17 14:16:35.281940
2025-08-17,23618,2025081701015807,GBIME,Vision Securities Pvt. Ltd,Premier Securities Company Ltd.,20,251.0,5020.0,2025-08-17 14:16:35.281960
2025-08-17,23617,2025081701015808,GBIME,Vision Securities Pvt. Ltd,Siprabi Securities Pvt. Ltd.,139,251.0,34889.0,2025-08-17 14:16:35.281980
2025-08-17,22309,2025081701016050,GBIME,Thrive Brokerage House Pvt. Ltd,Siprabi Securities Pvt. Ltd.,100,251.0,25100.0,2025-08-17 14:19:31.158905
2025-08-17,21933,2025081701016141,GBIME,Deevyaa Securities & Stock House Pvt. Ltd,Vision Securities Pvt. Ltd,1071,249.8,267535.8,2025-08-17 14:20:16.875111
2025-08-17,20798,2025081701016368,GBIME,Imperial Securities Company Pvt. Ltd.,Sumeru Securities Pvt. Ltd.,50,250.0,12500.0,2025-08-17 14:22:59.285182
2025-08-17,20776,2025081701016371,GBIME,Vision Securities Pvt. Ltd,ABC Securities Private Limited,2000,249.9,499800.0,2025-08-17 14:23:03.619572
2025-08-17,19906,2025081701016583,GBIME,Vision Securities Pvt. Ltd,Linch Stock Market Ltd.,500,249.9,124950.0,2025-08-17 14:25:34.994387
2025-08-17,19887,2025081701016584,GBIME,Aryatara Investment & Securities,Sri Hari Securities Pvt. Ltd.,92,250.0,23000.0,2025-08-17 14:25:38.509760
2025-08-17,19847,2025081701016597,GBIME,Deevyaa Securities & Stock House Pvt. Ltd,Vision Securities Pvt. Ltd,929,249.8,232064.2,2025-08-17 14:25:47.488808
2025-08-17,19812,2025081701016604,GBIME,Kalika Securities Pvt. Ltd.,Vision Securities Pvt. Ltd,71,249.8,17735.8,2025-08-17 14:25:51.643843
2025-08-17,19811,2025081701016605,GBIME,Kalika Securities Pvt. Ltd.,Sri Hari Securities Pvt. Ltd.,174,250.0,43500.0,2025-08-17 14:25:51.644190
2025-08-17,19810,2025081701016606,GBIME,Kalika Securities Pvt. Ltd.,J.F. Securites (PVT) Ltd.,200,250.0,50000.0,2025-08-17 14:25:51.644373
2025-08-17,19770,2025081701016627,GBIME,Kalika Securities Pvt. Ltd.,Aryatara Investment & Securities,40,250.0,10000.0,2025-08-17 14:26:00.726897
2025-08-17,19251,2025081701016709,GBIME,Machhapuchchhre Securities Limited,Nepal Stock House (PVT) Ltd.,10,250.9,2509.0,2025-08-17 14:27:32.116322
2025-08-17,19004,2025081701016793,GBIME,Kalika Securities Pvt. Ltd.,Capital Max Securities Ltd,15,250.0,3750.0,2025-08-17 14:28:12.913427
2025-08-17,19003,2025081701016794,GBIME,Aryatara Investment & Securities,Capital Max Securities Ltd,1800,250.0,450000.0,2025-08-17 14:28:12.914056
2025-08-17,18732,2025081701016857,GBIME,Machhapuchchhre Securities Limited,Sewa Securities Pvt. Ltd.,10,250.8,2508.0,2025-08-17 14:29:07.382295
2025-08-17,17675,2025081701017148,GBIME,Sani Securities Company Ltd.,Sundhara Securities Limited,22,250.1,5502.2,2025-08-17 14:32:29.964130
2025-08-17,17515,2025081701017179,GBIME,Sani Securities Company Ltd.,Agrawal Securities (PVT) Ltd.,28,250.1,7002.8,2025-08-17 14:32:59.479148
2025-08-17,17514,2025081701017180,GBIME,Naasa Securities Co. Ltd.,Agrawal Securities (PVT) Ltd.,68,250.0,17000.0,2025-08-17 14:32:59.479461
2025-08-17,17486,2025081701017185,GBIME,Naasa Securities Co. Ltd.,Siprabi Securities Pvt. Ltd.,1300,250.0,325000.0,2025-08-17 14:33:08.050166
2025-08-17,17313,2025081701017203,GBIME,Naasa Securities Co. Ltd.,Online Securities Pvt. Ltd.,200,250.0,50000.0,2025-08-17 14:33:33.233299
2025-08-17,17265,2025081701017206,GBIME,Naasa Securities Co. Ltd.,Sri Hari Securities Pvt. Ltd.,500,250.0,125000.0,2025-08-17 14:33:40.645934
2025-08-17,16890,2025081701017264,GBIME,Dipshikha Dhitopatra Karobar Co. Pvt Ltd.,Naasa Securities Co. Ltd.,20,250.0,5000.0,2025-08-17 14:34:53.069774
2025-08-17,16834,2025081701017275,GBIME,Dynamic Money Managers Securities Pvt. Ltd.,Imperial Securities Company Pvt. Ltd.,320,249.7,79904.0,2025-08-17 14:35:03.052255
2025-08-17,16833,2025081701017276,GBIME,Nagarik Stock Dealer ,Imperial Securities Company Pvt. Ltd.,240,249.6,59904.0,2025-08-17 14:35:03.052575
2025-08-17,16681,2025081701017305,GBIME,Nagarik Stock Dealer ,Sri Hari Securities Pvt. Ltd.,25,249.6,6240.0,2025-08-17 14:35:20.623206
2025-08-17,16341,2025081701017382,GBIME,Machhapuchchhre Securities Limited,Naasa Securities Co. Ltd.,10,250.0,2500.0,2025-08-17 14:36:21.732491
2025-08-17,16315,2025081701017386,GBIME,Nagarik Stock Dealer ,Creative Securities Pvt Ltd,50,249.6,12480.0,2025-08-17 14:36:25.413199
2025-08-17,14857,2025081701017726,GBIME,Nagarik Stock Dealer ,Linch Stock Market Ltd.,393,249.6,98092.8,2025-08-17 14:39:37.848467
2025-08-17,14856,2025081701017727,GBIME,Aryatara Investment & Securities,Linch Stock Market Ltd.,50,249.6,12480.0,2025-08-17 14:39:37.848779
2025-08-17,14855,2025081701017728,GBIME,Online Securities Pvt. Ltd.,Linch Stock Market Ltd.,150,249.6,37440.0,2025-08-17 14:39:37.848914
2025-08-17,14760,2025081701017748,GBIME,Malla & Malla Stock Broking Company Pvt. Limited,ABC Securities Private Limited,59,249.6,14726.4,2025-08-17 14:39:50.364264
2025-08-17,13969,2025081701017925,GBIME,Malla & Malla Stock Broking Company Pvt. Limited,Sani Securities Company Ltd.,10,249.6,2496.0,2025-08-17 14:41:19.896608
2025-08-17,12837,2025081701018147,GBIME,Malla & Malla Stock Broking Company Pvt. Limited,Dipshikha Dhitopatra Karobar Co. Pvt Ltd.,21,249.6,5241.6,2025-08-17 14:43:23.642401
2025-08-17,12495,2025081701018187,GBIME,Malla & Malla Stock Broking Company Pvt. Limited,Vision Securities Pvt. Ltd,150,249.6,37440.0,2025-08-17 14:43:55.516426
2025-08-17,12409,2025081701018198,GBIME,Kohinoor Investment & Securities Pvt. Ltd.,Agrawal Securities (PVT) Ltd.,15,249.5,3742.5,2025-08-17 14:44:01.229901
2025-08-17,11475,2025081701018324,GBIME,Vision Securities Pvt. Ltd,Vision Securities Pvt. Ltd,3,244.6,733.8,2025-08-17 14:45:41.785129
2025-08-17,11278,2025081701018366,GBIME,Kohinoor Investment & Securities Pvt. Ltd.,Sri Hari Securities Pvt. Ltd.,500,249.5,124750.0,2025-08-17 14:46:11.657654
2025-08-17,10744,2025081701018469,GBIME,Nepal Stock House (PVT) Ltd.,Dipshikha Dhitopatra Karobar Co. Pvt Ltd.,100,249.6,24960.0,2025-08-17 14:47:13.004443
2025-08-17,10721,2025081701018472,GBIME,Kalika Securities Pvt. Ltd.,Dipshikha Dhitopatra Karobar Co. Pvt Ltd.,400,249.6,99840.0,2025-08-17 14:47:14.930790
2025-08-17,10720,2025081701018473,GBIME,Kalika Securities Pvt. Ltd.,Sumeru Securities Pvt. Ltd.,100,249.9,24990.0,2025-08-17 14:47:14.931101
2025-08-17,10667,2025081701018481,GBIME,Sani Securities Company Ltd.,Sumeru Securities Pvt. Ltd.,18,249.9,4498.2,2025-08-17 14:47:20.909041
2025-08-17,9678,2025081701018649,GBIME,Sumeru Securities Pvt. Ltd.,Trisul Securities & Invt. Ltd.,60,249.6,14976.0,2025-08-17 14:49:03.627550
2025-08-17,9464,2025081701018679,GBIME,Kohinoor Investment & Securities Pvt. Ltd.,Machhapuchchhre Securities Limited,285,249.5,71107.5,2025-08-17 14:49:19.569545
2025-08-17,9463,2025081701018680,GBIME,Oxford Securities Pvt. Ltd.,Machhapuchchhre Securities Limited,200,249.5,49900.0,2025-08-17 14:49:19.569860
2025-08-17,9462,2025081701018681,GBIME,Linch Stock Market Ltd.,Machhapuchchhre Securities Limited,45,249.5,11227.5,2025-08-17 14:49:19.570000
2025-08-17,9321,2025081701018705,GBIME,Kumari Securities Private Limited,Online Securities Pvt. Ltd.,15,249.5,3742.5,2025-08-17 14:49:33.515482
2025-08-17,9320,2025081701018706,GBIME,Vision Securities Pvt. Ltd,Online Securities Pvt. Ltd.,35,249.5,8732.5,2025-08-17 14:49:33.515813
2025-08-17,9127,2025081701018753,GBIME,Sani Securities Company Ltd.,Sani Securities Company Ltd.,10,249.6,2496.0,2025-08-17 14:49:47.725263
2025-08-17,9126,2025081701018754,GBIME,Vision Securities Pvt. Ltd,Sani Securities Company Ltd.,165,249.5,41167.5,2025-08-17 14:49:47.725560
2025-08-17,9125,2025081701018755,GBIME,Secured Securities Ltd.,Sani Securities Company Ltd.,175,249.5,43662.5,2025-08-17 14:49:47.725725
2025-08-17,8229,2025081701018936,GBIME,Kumari Securities Private Limited,Malla & Malla Stock Broking Company Pvt. Limited,10,249.8,2498.0,2025-08-17 14:51:21.695346
2025-08-17,7987,2025081701018995,GBIME,Sewa Securities Pvt. Ltd.,Malla & Malla Stock Broking Company Pvt. Limited,50,249.8,12490.0,2025-08-17 14:51:38.008100
2025-08-17,7621,2025081701019094,GBIME,Nepal Investment And Securities Trading Private Limited,Naasa Securities Co. Ltd.,100,249.6,24960.0,2025-08-17 14:52:12.135050
2025-08-17,6664,2025081701019393,GBIME,Trishakti Securities Public Limited,Dakshinkali Investment & Securities Pvt. Ltd.,20,249.6,4992.0,2025-08-17 14:53:25.352956
2025-08-17,6663,2025081701019394,GBIME,Secured Securities Ltd.,Dakshinkali Investment & Securities Pvt. Ltd.,25,249.5,6237.5,2025-08-17 14:53:25.353603
2025-08-17,6662,2025081701019395,GBIME,Online Securities Pvt. Ltd.,Dakshinkali Investment & Securities Pvt. Ltd.,78,249.5,19461.0,2025-08-17 14:53:25.354101
2025-08-17,6661,2025081701019396,GBIME,Online Securities Pvt. Ltd.,Dakshinkali Investment & Securities Pvt. Ltd.,50,249.5,12475.0,2025-08-17 14:53:25.354536
2025-08-17,6660,2025081701019397,GBIME,Dynamic Money Managers Securities Pvt. Ltd.,Dakshinkali Investment & Securities Pvt. Ltd.,1000,249.5,249500.0,2025-08-17 14:53:25.355083
2025-08-17,6659,2025081701019398,GBIME,Asian Securities Private Ltd.,Dakshinkali Investment & Securities Pvt. Ltd.,100,249.4,24940.0,2025-08-17 14:53:25.355572
2025-08-17,6658,2025081701019399,GBIME,Deevyaa Securities & Stock House Pvt. Ltd,Dakshinkali Investment & Securities Pvt. Ltd.,100,249.3,24930.0,2025-08-17 14:53:25.356167
2025-08-17,6657,2025081701019400,GBIME,Dakshinkali Investment & Securities Pvt. Ltd.,Dakshinkali Investment & Securities Pvt. Ltd.,134,249.3,33406.2,2025-08-17 14:53:25.356763
2025-08-17,6656,2025081701019401,GBIME,Imperial Securities Company Pvt. Ltd.,Dakshinkali Investment & Securities Pvt. Ltd.,160,249.3,39888.0,2025-08-17 14:53:25.357380
2025-08-17,6655,2025081701019402,GBIME,Shree Krishna Securities Ltd.,Dakshinkali Investment & Securities Pvt. Ltd.,333,249.2,82983.6,2025-08-17 14:53:25.357981
2025-08-17,6594,2025081701019439,GBIME,Sani Securities Company Ltd.,Creative Securities Pvt Ltd,30,249.7,7491.0,2025-08-17 14:53:29.526714
2025-08-17,6593,2025081701019440,GBIME,Sani Securities Company Ltd.,Malla & Malla Stock Broking Company Pvt. Limited,240,249.8,59952.0,2025-08-17 14:53:29.526982
2025-08-17,5924,2025081701019619,GBIME,Sani Securities Company Ltd.,Sani Securities Company Ltd.,330,249.8,82434.0,2025-08-17 14:54:31.906306
2025-08-17,5918,2025081701019621,GBIME,Trishakti Securities Public Limited,Sani Securities Company Ltd.,170,249.5,42415.0,2025-08-17 14:54:32.861814
2025-08-17,5917,2025081701019622,GBIME,Trishakti Securities Public Limited,Sumeru Securities Pvt. Ltd.,330,249.9,82467.0,2025-08-17 14:54:32.862167
2025-08-17,4868,2025081701019875,GBIME,Nepal Investment And Securities Trading Private Limited,Investment Management Nepal Pvt. Ltd.,15,249.6,3744.0,2025-08-17 14:56:06.045465
2025-08-17,4427,2025081701020006,GBIME,Nepal Investment And Securities Trading Private Limited,Trisul Securities & Invt. Ltd.,18,249.6,4492.8,2025-08-17 14:56:44.292897
2025-08-17,4205,2025081701020065,GBIME,Nepal Investment And Securities Trading Private Limited,Sagarmatha Securities Private Limited,67,249.6,16723.2,2025-08-17 14:56:57.817901
2025-08-17,4204,2025081701020066,GBIME,Nepal Stock House (PVT) Ltd.,Sagarmatha Securities Private Limited,1000,249.5,249500.0,2025-08-17 14:56:57.818528
2025-08-17,4203,2025081701020067,GBIME,Kumari Securities Private Limited,Sagarmatha Securities Private Limited,300,249.4,74820.0,2025-08-17 14:56:57.818926
2025-08-17,4202,2025081701020068,GBIME,Shree Krishna Securities Ltd.,Sagarmatha Securities Private Limited,42,249.2,10466.4,2025-08-17 14:56:57.819334
2025-08-17,4201,2025081701020069,GBIME,Online Securities Pvt. Ltd.,Sagarmatha Securities Private Limited,396,249.2,98683.2,2025-08-17 14:56:57.819722
2025-08-17,3472,2025081701020226,GBIME,Dipshikha Dhitopatra Karobar Co. Pvt Ltd.,Sri Hari Securities Pvt. Ltd.,50,249.7,12485.0,2025-08-17 14:57:42.920003
2025-08-17,3471,2025081701020227,GBIME,Vision Securities Pvt. Ltd,Sri Hari Securities Pvt. Ltd.,35,249.3,8725.5,2025-08-17 14:57:42.920312
2025-08-17,3188,2025081701020303,GBIME,Vision Securities Pvt. Ltd,Linch Stock Market Ltd.,10,249.3,2493.0,2025-08-17 14:57:59.182342
2025-08-17,2884,2025081701020346,GBIME,Machhapuchchhre Securities Limited,Kalika Securities Pvt. Ltd.,10,249.8,2498.0,2025-08-17 14:58:16.050221
2025-08-17,2313,2025081701020453,GBIME,Linch Stock Market Ltd.,Sumeru Securities Pvt. Ltd.,50,249.5,12475.0,2025-08-17 14:58:48.280221
2025-08-17,2312,2025081701020454,GBIME,Nepal Stock House (PVT) Ltd.,Sumeru Securities Pvt. Ltd.,100,249.4,24940.0,2025-08-17 14:58:48.280547
2025-08-17,1878,2025081701020539,GBIME,South Asian Bulls Pvt. Ltd.,Sumeru Securities Pvt. Ltd.,100,249.4,24940.0,2025-08-17 14:59:10.225571
2025-08-17,1321,2025081701020610,GBIME,Vision Securities Pvt. Ltd,Secured Securities Ltd.,355,249.3,88501.5,2025-08-17 14:59:27.120749
2025-08-17,949,2025081701020718,GBIME,Online Securities Pvt. Ltd.,Naasa Securities Co. Ltd.,400,249.2,99680.0,2025-08-17 14:59:37.233470
2025-08-17,854,2025081701020725,GBIME,Online Securities Pvt. Ltd.,Global IME Securities Limited,204,249.2,50836.8,2025-08-17 14:59:40.651430
2025-08-17,853,2025081701020726,GBIME,Online Securities Pvt. Ltd.,Global IME Securities Limited,1000,249.2,249200.0,2025-08-17 14:59:40.651743
2025-08-17,852,2025081701020727,GBIME,Online Securities Pvt. Ltd.,Global IME Securities Limited,1000,249.2,249200.0,2025-08-17 14:59:40.651877
2025-08-17,851,2025081701020728,GBIME,Nepal Stock House (PVT) Ltd.,Global IME Securities Limited,296,249.2,73763.2,2025-08-17 14:59:40.652011
2025-08-17,664,2025081701020792,GBIME,Ashutosh Brokerage & Securities (PVT) Ltd.,Secured Securities Ltd.,600,249.3,149580.0,2025-08-17 14:59:44.845000
2025-08-17,552,2025081701020807,GBIME,Nepal Stock House (PVT) Ltd.,Elite Stock House Limited,32,249.2,7974.4,2025-08-17 14:59:49.608376
