Date,S.N.,contract_id,symbol,buyer_broker,seller_broker,volume,price,amount,transaction_time
2025-08-17,86662,2025081704000006,NHPC,J.F. Securites (PVT) Ltd.,Bhrikuti Stock Broking Co. Pvt. Ltd.,10,214.0,2140.0,2025-08-17 10:46:00.007321
2025-08-17,86661,2025081704000007,NHPC,J.F. Securites (PVT) Ltd.,Bhrikuti Stock Broking Co. Pvt. Ltd.,10,214.0,2140.0,2025-08-17 10:46:00.007354
2025-08-17,86660,2025081704000008,NHPC,J.F. Securites (PVT) Ltd.,Bhrikuti Stock Broking Co. Pvt. Ltd.,25,214.0,5350.0,2025-08-17 10:46:00.007376
2025-08-17,86222,2025081704000080,NHPC,Asian Securities Private Ltd.,Bhrikuti Stock Broking Co. Pvt. Ltd.,233,214.0,49862.0,2025-08-17 11:01:37.094723
2025-08-17,86124,2025081704000084,NHPC,Trisul Securities & Invt. Ltd.,Bhrikuti Stock Broking Co. Pvt. Ltd.,22,214.0,4708.0,2025-08-17 11:01:50.569393
2025-08-17,86123,2025081704000085,NHPC,Trisul Securities & Invt. Ltd.,Bhrikuti Stock Broking Co. Pvt. Ltd.,10,215.0,2150.0,2025-08-17 11:01:50.569426
2025-08-17,85484,2025081704000171,NHPC,J.F. Securites (PVT) Ltd.,Creative Securities Pvt Ltd,25,214.8,5370.0,2025-08-17 11:03:42.949952
2025-08-17,84708,2025081704000300,NHPC,J.F. Securites (PVT) Ltd.,MILKY WAY SHARE BROKER COMPANY LTD ,155,214.7,33278.5,2025-08-17 11:06:08.857907
2025-08-17,84276,2025081704000382,NHPC,Kumari Securities Private Limited,Hatemalo Financial Services Private Limited,200,212.0,42400.0,2025-08-17 11:07:15.574429
2025-08-17,84073,2025081704000423,NHPC,Kumari Securities Private Limited,Hatemalo Financial Services Private Limited,200,212.0,42400.0,2025-08-17 11:07:48.653098
2025-08-17,83085,2025081704000584,NHPC,Trishakti Securities Public Limited,Naasa Securities Co. Ltd.,1000,212.1,212100.0,2025-08-17 11:10:42.466778
2025-08-17,83044,2025081704000595,NHPC,Deevyaa Securities & Stock House Pvt. Ltd,MILKY WAY SHARE BROKER COMPANY LTD ,1000,212.1,212100.0,2025-08-17 11:10:52.546192
2025-08-17,82797,2025081704000646,NHPC,Kumari Securities Private Limited,Creative Securities Pvt Ltd,100,212.0,21200.0,2025-08-17 11:11:33.497375
2025-08-17,82478,2025081704000699,NHPC,Naasa Securities Co. Ltd.,Kohinoor Investment & Securities Pvt. Ltd.,59,210.7,12431.3,2025-08-17 11:12:28.219664
2025-08-17,82363,2025081704000728,NHPC,ABC Securities Private Limited,MILKY WAY SHARE BROKER COMPANY LTD ,200,212.1,42420.0,2025-08-17 11:12:46.608210
2025-08-17,81612,2025081704000867,NHPC,South Asian Bulls Pvt. Ltd.,Investment Management Nepal Pvt. Ltd.,31,212.0,6572.0,2025-08-17 11:14:57.285767
2025-08-17,79574,2025081704001267,NHPC,Kohinoor Investment & Securities Pvt. Ltd.,MILKY WAY SHARE BROKER COMPANY LTD ,300,212.1,63630.0,2025-08-17 11:20:22.676820
2025-08-17,79106,2025081704001334,NHPC,South Asian Bulls Pvt. Ltd.,Investment Management Nepal Pvt. Ltd.,69,212.0,14628.0,2025-08-17 11:21:28.088057
2025-08-17,79105,2025081704001335,NHPC,Siprabi Securities Pvt. Ltd.,Investment Management Nepal Pvt. Ltd.,66,212.0,13992.0,2025-08-17 11:21:28.088162
2025-08-17,78950,2025081704001363,NHPC,Online Securities Pvt. Ltd.,Investment Management Nepal Pvt. Ltd.,93,212.0,19716.0,2025-08-17 11:21:57.669125
2025-08-17,78872,2025081704001373,NHPC,Cristal Kanchanjanga Securites Pvt. Ltd.,Investment Management Nepal Pvt. Ltd.,30,212.0,6360.0,2025-08-17 11:22:06.241048
2025-08-17,78795,2025081704001387,NHPC,Thrive Brokerage House Pvt. Ltd,Investment Management Nepal Pvt. Ltd.,92,212.0,19504.0,2025-08-17 11:22:24.624161
2025-08-17,78794,2025081704001388,NHPC,Thrive Brokerage House Pvt. Ltd,MILKY WAY SHARE BROKER COMPANY LTD ,408,212.1,86536.8,2025-08-17 11:22:24.624252
2025-08-17,78498,2025081704001443,NHPC,Imperial Securities Company Pvt. Ltd.,Sani Securities Company Ltd.,500,212.0,106000.0,2025-08-17 11:23:20.546240
2025-08-17,78428,2025081704001471,NHPC,Imperial Securities Company Pvt. Ltd.,Online Securities Pvt. Ltd.,500,211.5,105750.0,2025-08-17 11:23:29.566055
2025-08-17,78137,2025081704001526,NHPC,Blue Chip Securities Ltd,Aryatara Investment & Securities,100,211.5,21150.0,2025-08-17 11:24:19.528557
2025-08-17,76915,2025081704001722,NHPC,Trisul Securities & Invt. Ltd.,Opal Securities Investment (PVT) Ltd.,10,212.0,2120.0,2025-08-17 11:27:21.763721
2025-08-17,76701,2025081704001757,NHPC,Imperial Securities Company Pvt. Ltd.,Imperial Securities Company Pvt. Ltd.,10,211.6,2116.0,2025-08-17 11:27:58.838306
2025-08-17,76204,2025081704001876,NHPC,Malla & Malla Stock Broking Company Pvt. Limited,Opal Securities Investment (PVT) Ltd.,20,212.0,4240.0,2025-08-17 11:29:12.997333
2025-08-17,76203,2025081704001877,NHPC,Malla & Malla Stock Broking Company Pvt. Limited,Kohinoor Investment & Securities Pvt. Ltd.,30,212.0,6360.0,2025-08-17 11:29:12.997418
2025-08-17,76119,2025081704001892,NHPC,Imperial Securities Company Pvt. Ltd.,Vision Securities Pvt. Ltd,100,211.6,21160.0,2025-08-17 11:29:26.576065
2025-08-17,75872,2025081704001932,NHPC,Imperial Securities Company Pvt. Ltd.,Vision Securities Pvt. Ltd,200,211.6,42320.0,2025-08-17 11:30:01.815994
2025-08-17,75346,2025081704002006,NHPC,J.F. Securites (PVT) Ltd.,Kohinoor Investment & Securities Pvt. Ltd.,45,212.0,9540.0,2025-08-17 11:31:10.291765
2025-08-17,74980,2025081704002073,NHPC,Siprabi Securities Pvt. Ltd.,Malla & Malla Stock Broking Company Pvt. Limited,104,211.7,22016.8,2025-08-17 11:31:59.781380
2025-08-17,74979,2025081704002074,NHPC,Imperial Securities Company Pvt. Ltd.,Malla & Malla Stock Broking Company Pvt. Limited,190,211.6,40204.0,2025-08-17 11:31:59.781589
2025-08-17,74978,2025081704002075,NHPC,Kalika Securities Pvt. Ltd.,Malla & Malla Stock Broking Company Pvt. Limited,115,211.6,24334.0,2025-08-17 11:31:59.781725
2025-08-17,74977,2025081704002076,NHPC,ABC Securities Private Limited,Malla & Malla Stock Broking Company Pvt. Limited,95,211.1,20054.5,2025-08-17 11:31:59.781853
2025-08-17,74976,2025081704002077,NHPC,Imperial Securities Company Pvt. Ltd.,Malla & Malla Stock Broking Company Pvt. Limited,500,211.1,105550.0,2025-08-17 11:31:59.781977
2025-08-17,74975,2025081704002078,NHPC,Premier Securities Company Ltd.,Malla & Malla Stock Broking Company Pvt. Limited,496,211.1,104705.6,2025-08-17 11:31:59.782096
2025-08-17,74654,2025081704002131,NHPC,Thrive Brokerage House Pvt. Ltd,Vision Securities Pvt. Ltd,200,211.9,42380.0,2025-08-17 11:32:53.362663
2025-08-17,74560,2025081704002150,NHPC,Sumeru Securities Pvt. Ltd.,Kohinoor Investment & Securities Pvt. Ltd.,1000,211.0,211000.0,2025-08-17 11:33:08.082060
2025-08-17,74559,2025081704002151,NHPC,Trishakti Securities Public Limited,Kohinoor Investment & Securities Pvt. Ltd.,600,211.0,126600.0,2025-08-17 11:33:08.082212
2025-08-17,74558,2025081704002152,NHPC,Ashutosh Brokerage & Securities (PVT) Ltd.,Kohinoor Investment & Securities Pvt. Ltd.,18,211.0,3798.0,2025-08-17 11:33:08.082261
2025-08-17,74557,2025081704002153,NHPC,Nagarik Stock Dealer ,Kohinoor Investment & Securities Pvt. Ltd.,187,211.0,39457.0,2025-08-17 11:33:08.082299
2025-08-17,74015,2025081704002267,NHPC,Nagarik Stock Dealer ,Vision Securities Pvt. Ltd,400,211.0,84400.0,2025-08-17 11:34:37.424026
2025-08-17,72552,2025081704002550,NHPC,Nagarik Stock Dealer ,Dipshikha Dhitopatra Karobar Co. Pvt Ltd.,413,211.0,87143.0,2025-08-17 11:38:27.263895
2025-08-17,72551,2025081704002551,NHPC,Aryatara Investment & Securities,Dipshikha Dhitopatra Karobar Co. Pvt Ltd.,425,211.0,89675.0,2025-08-17 11:38:27.264034
2025-08-17,72550,2025081704002552,NHPC,Sundhara Securities Limited,Dipshikha Dhitopatra Karobar Co. Pvt Ltd.,195,211.0,41145.0,2025-08-17 11:38:27.264086
2025-08-17,72503,2025081704002561,NHPC,Investment Management Nepal Pvt. Ltd.,MILKY WAY SHARE BROKER COMPANY LTD ,92,212.1,19513.2,2025-08-17 11:38:39.618949
2025-08-17,72502,2025081704002562,NHPC,Investment Management Nepal Pvt. Ltd.,Vision Securities Pvt. Ltd,100,212.4,21240.0,2025-08-17 11:38:39.619026
2025-08-17,72501,2025081704002563,NHPC,Investment Management Nepal Pvt. Ltd.,Creative Securities Pvt Ltd,319,213.8,68202.2,2025-08-17 11:38:39.619082
2025-08-17,72500,2025081704002564,NHPC,Investment Management Nepal Pvt. Ltd.,Kumari Securities Private Limited,268,213.9,57325.2,2025-08-17 11:38:39.619110
2025-08-17,72499,2025081704002565,NHPC,Investment Management Nepal Pvt. Ltd.,MILKY WAY SHARE BROKER COMPANY LTD ,221,213.9,47271.9,2025-08-17 11:38:39.619132
2025-08-17,70939,2025081704002894,NHPC,Siprabi Securities Pvt. Ltd.,Premier Securities Company Ltd.,30,212.2,6366.0,2025-08-17 11:43:13.240031
2025-08-17,70593,2025081704002957,NHPC,J.F. Securites (PVT) Ltd.,Premier Securities Company Ltd.,28,212.0,5936.0,2025-08-17 11:44:18.500259
2025-08-17,70445,2025081704002992,NHPC,J.F. Securites (PVT) Ltd.,MILKY WAY SHARE BROKER COMPANY LTD ,472,212.0,100064.0,2025-08-17 11:44:43.868726
2025-08-17,69010,2025081704003185,NHPC,Online Securities Pvt. Ltd.,Sri Hari Securities Pvt. Ltd.,80,212.1,16968.0,2025-08-17 11:49:23.251580
2025-08-17,67244,2025081704003480,NHPC,Sagarmatha Securities Private Limited,Thrive Brokerage House Pvt. Ltd,600,211.5,126900.0,2025-08-17 11:54:50.207507
2025-08-17,67046,2025081704003536,NHPC,Online Securities Pvt. Ltd.,J.F. Securites (PVT) Ltd.,100,211.1,21110.0,2025-08-17 11:55:31.568181
2025-08-17,66934,2025081704003553,NHPC,Sagarmatha Securities Private Limited,Thrive Brokerage House Pvt. Ltd,75,211.5,15862.5,2025-08-17 11:55:46.258013
2025-08-17,66821,2025081704003571,NHPC,Sagarmatha Securities Private Limited,Sri Hari Securities Pvt. Ltd.,30,212.0,6360.0,2025-08-17 11:56:08.662386
2025-08-17,65040,2025081704003859,NHPC,Trisul Securities & Invt. Ltd.,Online Securities Pvt. Ltd.,15,212.5,3187.5,2025-08-17 12:01:36.830414
2025-08-17,65039,2025081704003860,NHPC,Trisul Securities & Invt. Ltd.,Sumeru Securities Pvt. Ltd.,10,213.0,2130.0,2025-08-17 12:01:36.830515
2025-08-17,64740,2025081704003892,NHPC,Imperial Securities Company Pvt. Ltd.,Sani Securities Company Ltd.,200,211.2,42240.0,2025-08-17 12:02:29.028920
2025-08-17,64739,2025081704003893,NHPC,Online Securities Pvt. Ltd.,Sani Securities Company Ltd.,400,211.1,84440.0,2025-08-17 12:02:29.029118
2025-08-17,64738,2025081704003894,NHPC,Online Securities Pvt. Ltd.,Sani Securities Company Ltd.,500,211.1,105550.0,2025-08-17 12:02:29.029175
2025-08-17,64737,2025081704003895,NHPC,South Asian Bulls Pvt. Ltd.,Sani Securities Company Ltd.,20,211.1,4222.0,2025-08-17 12:02:29.029248
2025-08-17,64736,2025081704003896,NHPC,Naasa Securities Co. Ltd.,Sani Securities Company Ltd.,500,211.1,105550.0,2025-08-17 12:02:29.029299
2025-08-17,64735,2025081704003897,NHPC,Sundhara Securities Limited,Sani Securities Company Ltd.,805,211.0,169855.0,2025-08-17 12:02:29.029362
2025-08-17,64734,2025081704003898,NHPC,Aryatara Investment & Securities,Sani Securities Company Ltd.,100,211.0,21100.0,2025-08-17 12:02:29.029414
2025-08-17,64733,2025081704003899,NHPC,Kohinoor Investment & Securities Pvt. Ltd.,Sani Securities Company Ltd.,1000,211.0,211000.0,2025-08-17 12:02:29.029464
2025-08-17,64732,2025081704003900,NHPC,Sundhara Securities Limited,Sani Securities Company Ltd.,75,211.0,15825.0,2025-08-17 12:02:29.029515
2025-08-17,64631,2025081704003922,NHPC,Trisul Securities & Invt. Ltd.,Sumeru Securities Pvt. Ltd.,40,213.0,8520.0,2025-08-17 12:02:51.310278
2025-08-17,63364,2025081704004108,NHPC,Sundhara Securities Limited,Opal Securities Investment (PVT) Ltd.,500,211.0,105500.0,2025-08-17 12:06:46.884109
2025-08-17,63321,2025081704004119,NHPC,Sundhara Securities Limited,Kohinoor Investment & Securities Pvt. Ltd.,425,211.0,89675.0,2025-08-17 12:06:59.044850
2025-08-17,63320,2025081704004120,NHPC,Vision Securities Pvt. Ltd,Kohinoor Investment & Securities Pvt. Ltd.,1775,211.0,374525.0,2025-08-17 12:06:59.045111
2025-08-17,63114,2025081704004179,NHPC,NIMB Stock Markets Limited,Investment Management Nepal Pvt. Ltd.,10,212.9,2129.0,2025-08-17 12:07:37.972088
2025-08-17,61590,2025081704004444,NHPC,Vision Securities Pvt. Ltd,Sani Securities Company Ltd.,425,211.0,89675.0,2025-08-17 12:12:09.814711
2025-08-17,61589,2025081704004445,NHPC,Trisul Securities & Invt. Ltd.,Sani Securities Company Ltd.,500,211.0,105500.0,2025-08-17 12:12:09.814891
2025-08-17,61588,2025081704004446,NHPC,Kohinoor Investment & Securities Pvt. Ltd.,Sani Securities Company Ltd.,500,211.0,105500.0,2025-08-17 12:12:09.814949
2025-08-17,61587,2025081704004447,NHPC,Imperial Securities Company Pvt. Ltd.,Sani Securities Company Ltd.,435,210.8,91698.0,2025-08-17 12:12:09.815022
2025-08-17,58186,2025081704005095,NHPC,Online Securities Pvt. Ltd.,Imperial Securities Company Pvt. Ltd.,198,210.9,41758.2,2025-08-17 12:21:49.053960
2025-08-17,57673,2025081704005175,NHPC,Online Securities Pvt. Ltd.,ABC Securities Private Limited,52,210.9,10966.8,2025-08-17 12:23:11.307914
2025-08-17,57672,2025081704005176,NHPC,Imperial Securities Company Pvt. Ltd.,ABC Securities Private Limited,65,210.8,13702.0,2025-08-17 12:23:11.308196
2025-08-17,57671,2025081704005177,NHPC,Sumeru Securities Pvt. Ltd.,ABC Securities Private Limited,50,210.8,10540.0,2025-08-17 12:23:11.308393
2025-08-17,57670,2025081704005178,NHPC,Premier Securities Company Ltd.,ABC Securities Private Limited,33,210.8,6956.4,2025-08-17 12:23:11.308588
2025-08-17,56634,2025081704005356,NHPC,Kohinoor Investment & Securities Pvt. Ltd.,Opal Securities Investment (PVT) Ltd.,11,212.0,2332.0,2025-08-17 12:26:07.757804
2025-08-17,54654,2025081704005740,NHPC,Sundhara Securities Limited,Kalika Securities Pvt. Ltd.,10,211.0,2110.0,2025-08-17 12:32:59.224413
2025-08-17,54653,2025081704005741,NHPC,Sundhara Securities Limited,Kalika Securities Pvt. Ltd.,490,211.0,103390.0,2025-08-17 12:32:59.224710
2025-08-17,54471,2025081704005762,NHPC,Sundhara Securities Limited,Asian Securities Private Ltd.,250,211.0,52750.0,2025-08-17 12:33:29.415815
2025-08-17,52820,2025081704006110,NHPC,Sundhara Securities Limited,Vision Securities Pvt. Ltd,260,211.0,54860.0,2025-08-17 12:39:33.511571
2025-08-17,52819,2025081704006111,NHPC,Naasa Securities Co. Ltd.,Vision Securities Pvt. Ltd,240,211.0,50640.0,2025-08-17 12:39:33.511851
2025-08-17,52437,2025081704006171,NHPC,Naasa Securities Co. Ltd.,Sweta Securities Private Limited,260,211.0,54860.0,2025-08-17 12:41:05.110727
2025-08-17,51573,2025081704006382,NHPC,Premier Securities Company Ltd.,Opal Securities Investment (PVT) Ltd.,271,210.8,57126.8,2025-08-17 12:44:52.558493
2025-08-17,51572,2025081704006383,NHPC,Nepal Investment And Securities Trading Private Limited,Opal Securities Investment (PVT) Ltd.,229,210.8,48273.2,2025-08-17 12:44:52.558644
2025-08-17,50960,2025081704006504,NHPC,Nepal Investment And Securities Trading Private Limited,Siprabi Securities Pvt. Ltd.,71,210.8,14966.8,2025-08-17 12:47:26.871936
2025-08-17,50959,2025081704006505,NHPC,Vision Securities Pvt. Ltd,Siprabi Securities Pvt. Ltd.,50,210.8,10540.0,2025-08-17 12:47:26.872272
2025-08-17,50704,2025081704006558,NHPC,Imperial Securities Company Pvt. Ltd.,Siprabi Securities Pvt. Ltd.,229,210.8,48273.2,2025-08-17 12:48:21.525192
2025-08-17,50483,2025081704006604,NHPC,Vision Securities Pvt. Ltd,Sweta Securities Private Limited,240,211.0,50640.0,2025-08-17 12:49:15.072929
2025-08-17,49973,2025081704006713,NHPC,Imperial Securities Company Pvt. Ltd.,Online Securities Pvt. Ltd.,412,210.8,86849.6,2025-08-17 12:51:11.522395
2025-08-17,47545,2025081704007204,NHPC,Kohinoor Investment & Securities Pvt. Ltd.,Imperial Securities Company Pvt. Ltd.,11,211.0,2321.0,2025-08-17 13:00:34.817559
2025-08-17,45680,2025081704007590,NHPC,Siprabi Securities Pvt. Ltd.,Imperial Securities Company Pvt. Ltd.,33,211.0,6963.0,2025-08-17 13:05:48.655240
2025-08-17,44991,2025081704007742,NHPC,Naasa Securities Co. Ltd.,Imperial Securities Company Pvt. Ltd.,50,211.0,10550.0,2025-08-17 13:07:37.249067
2025-08-17,44868,2025081704007796,NHPC,Dynamic Money Managers Securities Pvt. Ltd.,Vision Securities Pvt. Ltd,100,210.8,21080.0,2025-08-17 13:08:06.790041
2025-08-17,43768,2025081704008069,NHPC,Naasa Securities Co. Ltd.,Nepal Stock House (PVT) Ltd.,11,210.7,2317.7,2025-08-17 13:11:16.942983
2025-08-17,43767,2025081704008070,NHPC,Naasa Securities Co. Ltd.,Nepal Stock House (PVT) Ltd.,46,210.7,9692.2,2025-08-17 13:11:16.943087
2025-08-17,43766,2025081704008071,NHPC,South Asian Bulls Pvt. Ltd.,Nepal Stock House (PVT) Ltd.,250,210.7,52675.0,2025-08-17 13:11:16.943165
2025-08-17,43765,2025081704008072,NHPC,Bhrikuti Stock Broking Co. Pvt. Ltd.,Nepal Stock House (PVT) Ltd.,500,210.6,105300.0,2025-08-17 13:11:16.943228
2025-08-17,43764,2025081704008073,NHPC,South Asian Bulls Pvt. Ltd.,Nepal Stock House (PVT) Ltd.,100,210.6,21060.0,2025-08-17 13:11:16.943294
2025-08-17,43763,2025081704008074,NHPC,Naasa Securities Co. Ltd.,Nepal Stock House (PVT) Ltd.,251,210.5,52835.5,2025-08-17 13:11:16.943384
2025-08-17,43762,2025081704008075,NHPC,Imperial Securities Company Pvt. Ltd.,Nepal Stock House (PVT) Ltd.,350,210.5,73675.0,2025-08-17 13:11:16.943462
2025-08-17,43761,2025081704008076,NHPC,Linch Stock Market Ltd.,Nepal Stock House (PVT) Ltd.,1100,210.5,231550.0,2025-08-17 13:11:16.943597
2025-08-17,43760,2025081704008077,NHPC,Primo Securities (PVT) Ltd.,Nepal Stock House (PVT) Ltd.,47,210.3,9884.1,2025-08-17 13:11:16.943680
2025-08-17,43759,2025081704008078,NHPC,Nagarik Stock Dealer ,Nepal Stock House (PVT) Ltd.,500,210.3,105150.0,2025-08-17 13:11:16.943788
2025-08-17,43758,2025081704008079,NHPC,Nagarik Stock Dealer ,Nepal Stock House (PVT) Ltd.,500,210.3,105150.0,2025-08-17 13:11:16.943880
2025-08-17,43757,2025081704008080,NHPC,Linch Stock Market Ltd.,Nepal Stock House (PVT) Ltd.,45,210.3,9463.5,2025-08-17 13:11:16.943995
2025-08-17,43756,2025081704008081,NHPC,South Asian Bulls Pvt. Ltd.,Nepal Stock House (PVT) Ltd.,50,210.1,10505.0,2025-08-17 13:11:16.944087
2025-08-17,43755,2025081704008082,NHPC,Online Securities Pvt. Ltd.,Nepal Stock House (PVT) Ltd.,100,210.1,21010.0,2025-08-17 13:11:16.944218
2025-08-17,43754,2025081704008083,NHPC,MILKY WAY SHARE BROKER COMPANY LTD ,Nepal Stock House (PVT) Ltd.,350,210.1,73535.0,2025-08-17 13:11:16.944359
2025-08-17,43661,2025081704008106,NHPC,MILKY WAY SHARE BROKER COMPANY LTD ,Agrawal Securities (PVT) Ltd.,650,210.1,136565.0,2025-08-17 13:11:36.602087
2025-08-17,43290,2025081704008217,NHPC,Dakshinkali Investment & Securities Pvt. Ltd.,Agrawal Securities (PVT) Ltd.,70,210.0,14700.0,2025-08-17 13:12:14.957257
2025-08-17,43239,2025081704008230,NHPC,Dakshinkali Investment & Securities Pvt. Ltd.,Agrawal Securities (PVT) Ltd.,200,210.0,42000.0,2025-08-17 13:12:27.053053
2025-08-17,43119,2025081704008255,NHPC,Dakshinkali Investment & Securities Pvt. Ltd.,Online Securities Pvt. Ltd.,30,210.0,6300.0,2025-08-17 13:12:43.940269
2025-08-17,42604,2025081704008361,NHPC,Naasa Securities Co. Ltd.,MILKY WAY SHARE BROKER COMPANY LTD ,251,210.0,52710.0,2025-08-17 13:14:11.819343
2025-08-17,42603,2025081704008362,NHPC,Dipshikha Dhitopatra Karobar Co. Pvt Ltd.,MILKY WAY SHARE BROKER COMPANY LTD ,470,210.0,98700.0,2025-08-17 13:14:11.819502
2025-08-17,42602,2025081704008363,NHPC,Asian Securities Private Ltd.,MILKY WAY SHARE BROKER COMPANY LTD ,279,210.0,58590.0,2025-08-17 13:14:11.819568
2025-08-17,41180,2025081704008628,NHPC,Nepal Stock House (PVT) Ltd.,Imperial Securities Company Pvt. Ltd.,1000,210.1,210100.0,2025-08-17 13:18:31.854249
2025-08-17,41177,2025081704008629,NHPC,Asian Securities Private Ltd.,Linch Stock Market Ltd.,1000,210.0,210000.0,2025-08-17 13:18:32.692338
2025-08-17,40978,2025081704008661,NHPC,Asian Securities Private Ltd.,Imperial Securities Company Pvt. Ltd.,721,210.0,151410.0,2025-08-17 13:19:03.201025
2025-08-17,40977,2025081704008662,NHPC,Capital Max Securities Ltd,Imperial Securities Company Pvt. Ltd.,95,210.0,19950.0,2025-08-17 13:19:03.201190
2025-08-17,40976,2025081704008663,NHPC,Oxford Securities Pvt. Ltd.,Imperial Securities Company Pvt. Ltd.,240,210.0,50400.0,2025-08-17 13:19:03.201263
2025-08-17,40975,2025081704008664,NHPC,Opal Securities Investment (PVT) Ltd.,Imperial Securities Company Pvt. Ltd.,100,210.0,21000.0,2025-08-17 13:19:03.201359
2025-08-17,40974,2025081704008665,NHPC,Bhrikuti Stock Broking Co. Pvt. Ltd.,Imperial Securities Company Pvt. Ltd.,55,210.0,11550.0,2025-08-17 13:19:03.201433
2025-08-17,40973,2025081704008666,NHPC,Agrawal Securities (PVT) Ltd.,Imperial Securities Company Pvt. Ltd.,195,210.0,40950.0,2025-08-17 13:19:03.201495
2025-08-17,40929,2025081704008675,NHPC,Agrawal Securities (PVT) Ltd.,Sani Securities Company Ltd.,305,210.0,64050.0,2025-08-17 13:19:11.856354
2025-08-17,40928,2025081704008676,NHPC,Imperial Securities Company Pvt. Ltd.,Sani Securities Company Ltd.,1000,210.0,210000.0,2025-08-17 13:19:11.856562
2025-08-17,40927,2025081704008677,NHPC,Primo Securities (PVT) Ltd.,Sani Securities Company Ltd.,85,210.0,17850.0,2025-08-17 13:19:11.856629
2025-08-17,40797,2025081704008687,NHPC,Primo Securities (PVT) Ltd.,Imperial Securities Company Pvt. Ltd.,115,210.0,24150.0,2025-08-17 13:19:43.638289
2025-08-17,40796,2025081704008688,NHPC,Shree Krishna Securities Ltd.,Imperial Securities Company Pvt. Ltd.,100,210.0,21000.0,2025-08-17 13:19:43.638455
2025-08-17,40795,2025081704008689,NHPC,Pragyan Securities (PVT) Ltd.,Imperial Securities Company Pvt. Ltd.,100,210.0,21000.0,2025-08-17 13:19:43.638522
2025-08-17,40794,2025081704008690,NHPC,Premier Securities Company Ltd.,Imperial Securities Company Pvt. Ltd.,300,210.0,63000.0,2025-08-17 13:19:43.638608
2025-08-17,40793,2025081704008691,NHPC,Sani Securities Company Ltd.,Imperial Securities Company Pvt. Ltd.,83,210.0,17430.0,2025-08-17 13:19:43.638668
2025-08-17,39846,2025081704008892,NHPC,Sani Securities Company Ltd.,Linch Stock Market Ltd.,200,210.0,42000.0,2025-08-17 13:22:17.396282
2025-08-17,37900,2025081704009280,NHPC,Kalika Securities Pvt. Ltd.,Sajilo Broker Limited,700,210.2,147140.0,2025-08-17 13:28:35.254532
2025-08-17,37779,2025081704009321,NHPC,Kohinoor Investment & Securities Pvt. Ltd.,Vision Securities Pvt. Ltd,11,211.0,2321.0,2025-08-17 13:29:00.279530
2025-08-17,36851,2025081704009556,NHPC,Kalika Securities Pvt. Ltd.,Sri Hari Securities Pvt. Ltd.,350,210.2,73570.0,2025-08-17 13:32:11.516398
2025-08-17,36850,2025081704009557,NHPC,Imperial Securities Company Pvt. Ltd.,Sri Hari Securities Pvt. Ltd.,150,210.1,31515.0,2025-08-17 13:32:11.516739
2025-08-17,36849,2025081704009558,NHPC,Sani Securities Company Ltd.,Sri Hari Securities Pvt. Ltd.,217,210.0,45570.0,2025-08-17 13:32:11.516943
2025-08-17,36848,2025081704009559,NHPC,Naasa Securities Co. Ltd.,Sri Hari Securities Pvt. Ltd.,150,210.0,31500.0,2025-08-17 13:32:11.517140
2025-08-17,36847,2025081704009560,NHPC,Opal Securities Investment (PVT) Ltd.,Sri Hari Securities Pvt. Ltd.,145,210.0,30450.0,2025-08-17 13:32:11.517340
2025-08-17,36846,2025081704009561,NHPC,ABC Securities Private Limited,Sri Hari Securities Pvt. Ltd.,919,210.0,192990.0,2025-08-17 13:32:11.517519
2025-08-17,36845,2025081704009562,NHPC,Vision Securities Pvt. Ltd,Sri Hari Securities Pvt. Ltd.,69,210.0,14490.0,2025-08-17 13:32:11.517698
2025-08-17,36736,2025081704009585,NHPC,Kumari Securities Private Limited,Kalika Securities Pvt. Ltd.,340,210.9,71706.0,2025-08-17 13:32:33.938647
2025-08-17,36735,2025081704009586,NHPC,Kumari Securities Private Limited,Vision Securities Pvt. Ltd,178,211.0,37558.0,2025-08-17 13:32:33.938986
2025-08-17,36734,2025081704009587,NHPC,Kumari Securities Private Limited,Vision Securities Pvt. Ltd,40,211.0,8440.0,2025-08-17 13:32:33.939184
2025-08-17,36733,2025081704009588,NHPC,Kumari Securities Private Limited,Sumeru Securities Pvt. Ltd.,242,211.0,51062.0,2025-08-17 13:32:33.939403
2025-08-17,35702,2025081704009803,NHPC,Siprabi Securities Pvt. Ltd.,Sumeru Securities Pvt. Ltd.,208,211.0,43888.0,2025-08-17 13:35:58.738219
2025-08-17,35701,2025081704009804,NHPC,Siprabi Securities Pvt. Ltd.,Sani Securities Company Ltd.,152,211.0,32072.0,2025-08-17 13:35:58.738555
2025-08-17,35526,2025081704009829,NHPC,Vision Securities Pvt. Ltd,Online Securities Pvt. Ltd.,627,210.0,131670.0,2025-08-17 13:36:33.856483
2025-08-17,34940,2025081704009984,NHPC,Vision Securities Pvt. Ltd,Sani Securities Company Ltd.,1204,210.0,252840.0,2025-08-17 13:38:45.550885
2025-08-17,34939,2025081704009985,NHPC,Sani Securities Company Ltd.,Sani Securities Company Ltd.,200,210.0,42000.0,2025-08-17 13:38:45.551113
2025-08-17,34938,2025081704009986,NHPC,Agrawal Securities (PVT) Ltd.,Sani Securities Company Ltd.,1000,210.0,210000.0,2025-08-17 13:38:45.551184
2025-08-17,34937,2025081704009987,NHPC,Midas Stock Broking Company Private Limited,Sani Securities Company Ltd.,100,210.0,21000.0,2025-08-17 13:38:45.551247
2025-08-17,34936,2025081704009988,NHPC,Shree Krishna Securities Ltd.,Sani Securities Company Ltd.,497,210.0,104370.0,2025-08-17 13:38:45.551338
2025-08-17,34209,2025081704010161,NHPC,Kohinoor Investment & Securities Pvt. Ltd.,MILKY WAY SHARE BROKER COMPANY LTD ,10,210.9,2109.0,2025-08-17 13:40:59.011772
2025-08-17,32901,2025081704010447,NHPC,Shree Krishna Securities Ltd.,Nepal Investment And Securities Trading Private Limited,50,210.0,10500.0,2025-08-17 13:45:54.260556
2025-08-17,32023,2025081704010636,NHPC,Shree Krishna Securities Ltd.,KALASH STOCK MARKET PVT. LTD.,41,210.0,8610.0,2025-08-17 13:49:01.716064
2025-08-17,31991,2025081704010644,NHPC,Shree Krishna Securities Ltd.,MILKY WAY SHARE BROKER COMPANY LTD ,412,210.0,86520.0,2025-08-17 13:49:09.052267
2025-08-17,31990,2025081704010645,NHPC,ABC Securities Private Limited,MILKY WAY SHARE BROKER COMPANY LTD ,66,210.0,13860.0,2025-08-17 13:49:09.052511
2025-08-17,31989,2025081704010646,NHPC,Trisul Securities & Invt. Ltd.,MILKY WAY SHARE BROKER COMPANY LTD ,72,210.0,15120.0,2025-08-17 13:49:09.052596
2025-08-17,31963,2025081704010652,NHPC,Trisul Securities & Invt. Ltd.,Investment Management Nepal Pvt. Ltd.,128,210.0,26880.0,2025-08-17 13:49:17.295124
2025-08-17,31962,2025081704010653,NHPC,Linch Stock Market Ltd.,Investment Management Nepal Pvt. Ltd.,510,210.0,107100.0,2025-08-17 13:49:17.295543
2025-08-17,31961,2025081704010654,NHPC,Agrawal Securities (PVT) Ltd.,Investment Management Nepal Pvt. Ltd.,300,210.0,63000.0,2025-08-17 13:49:17.295779
2025-08-17,31374,2025081704010736,NHPC,Premier Securities Company Ltd.,Online Securities Pvt. Ltd.,300,209.5,62850.0,2025-08-17 13:51:17.155717
2025-08-17,31373,2025081704010737,NHPC,South Asian Bulls Pvt. Ltd.,Online Securities Pvt. Ltd.,100,209.3,20930.0,2025-08-17 13:51:17.156152
2025-08-17,31372,2025081704010738,NHPC,Capital Max Securities Ltd,Online Securities Pvt. Ltd.,100,209.3,20930.0,2025-08-17 13:51:17.156458
2025-08-17,31371,2025081704010739,NHPC,Imperial Securities Company Pvt. Ltd.,Online Securities Pvt. Ltd.,500,209.2,104600.0,2025-08-17 13:51:17.156668
2025-08-17,31370,2025081704010740,NHPC,Blue Chip Securities Ltd,Online Securities Pvt. Ltd.,100,209.1,20910.0,2025-08-17 13:51:17.156763
2025-08-17,31369,2025081704010741,NHPC,Nagarik Stock Dealer ,Online Securities Pvt. Ltd.,400,209.1,83640.0,2025-08-17 13:51:17.156851
2025-08-17,31354,2025081704010749,NHPC,Nagarik Stock Dealer ,Online Securities Pvt. Ltd.,100,209.1,20910.0,2025-08-17 13:51:25.251459
2025-08-17,31353,2025081704010750,NHPC,Kohinoor Investment & Securities Pvt. Ltd.,Online Securities Pvt. Ltd.,200,209.0,41800.0,2025-08-17 13:51:25.251805
2025-08-17,31302,2025081704010760,NHPC,Kohinoor Investment & Securities Pvt. Ltd.,Online Securities Pvt. Ltd.,200,209.0,41800.0,2025-08-17 13:51:33.374144
2025-08-17,31210,2025081704010764,NHPC,Kohinoor Investment & Securities Pvt. Ltd.,Investment Management Nepal Pvt. Ltd.,10,210.0,2100.0,2025-08-17 13:51:48.522209
2025-08-17,31022,2025081704010804,NHPC,Sani Securities Company Ltd.,Investment Management Nepal Pvt. Ltd.,20,210.0,4200.0,2025-08-17 13:52:29.447496
2025-08-17,29559,2025081704011228,NHPC,Aryatara Investment & Securities,Investment Management Nepal Pvt. Ltd.,235,210.0,49350.0,2025-08-17 13:57:16.759117
2025-08-17,28836,2025081704011320,NHPC,Premier Securities Company Ltd.,Sipla Securities Private Limited,70,209.7,14679.0,2025-08-17 13:59:36.596647
2025-08-17,27876,2025081704011500,NHPC,Naasa Securities Co. Ltd.,Investment Management Nepal Pvt. Ltd.,285,210.0,59850.0,2025-08-17 14:03:56.315144
2025-08-17,27875,2025081704011501,NHPC,Naasa Securities Co. Ltd.,Sani Securities Company Ltd.,65,210.0,13650.0,2025-08-17 14:03:56.315363
2025-08-17,27872,2025081704011502,NHPC,Neev Securities Pvt. Ltd.,Sani Securities Company Ltd.,90,210.0,18900.0,2025-08-17 14:03:57.520214
2025-08-17,27557,2025081704011560,NHPC,Arun Securities (PVT) Ltd.,Sani Securities Company Ltd.,1063,210.0,223230.0,2025-08-17 14:05:03.406244
2025-08-17,27556,2025081704011561,NHPC,Arun Securities (PVT) Ltd.,Secured Securities Ltd.,200,210.0,42000.0,2025-08-17 14:05:03.406469
2025-08-17,26964,2025081704011665,NHPC,Naasa Securities Co. Ltd.,Sundhara Securities Limited,1000,210.5,210500.0,2025-08-17 14:06:42.211083
2025-08-17,26533,2025081704011767,NHPC,Arun Securities (PVT) Ltd.,Kohinoor Investment & Securities Pvt. Ltd.,500,210.0,105000.0,2025-08-17 14:07:51.978809
2025-08-17,25058,2025081704012021,NHPC,Sri Hari Securities Pvt. Ltd.,Kohinoor Investment & Securities Pvt. Ltd.,50,210.5,10525.0,2025-08-17 14:12:43.302131
2025-08-17,24216,2025081704012233,NHPC,Neev Securities Pvt. Ltd.,Sani Securities Company Ltd.,10,210.5,2105.0,2025-08-17 14:15:14.787221
2025-08-17,23154,2025081704012513,NHPC,Imperial Securities Company Pvt. Ltd.,Dynamic Money Managers Securities Pvt. Ltd.,20,211.0,4220.0,2025-08-17 14:17:33.705515
2025-08-17,23115,2025081704012523,NHPC,Infinity Securities Limited,Dynamic Money Managers Securities Pvt. Ltd.,30,211.0,6330.0,2025-08-17 14:17:39.999430
2025-08-17,23114,2025081704012524,NHPC,Infinity Securities Limited,Dipshikha Dhitopatra Karobar Co. Pvt Ltd.,100,211.0,21100.0,2025-08-17 14:17:39.999614
2025-08-17,23113,2025081704012525,NHPC,Infinity Securities Limited,Naasa Securities Co. Ltd.,10,211.0,2110.0,2025-08-17 14:17:39.999702
2025-08-17,23112,2025081704012526,NHPC,Infinity Securities Limited,Sri Hari Securities Pvt. Ltd.,50,211.0,10550.0,2025-08-17 14:17:39.999775
2025-08-17,23004,2025081704012546,NHPC,Infinity Securities Limited,Naasa Securities Co. Ltd.,50,211.5,10575.0,2025-08-17 14:17:52.036087
2025-08-17,23003,2025081704012547,NHPC,Infinity Securities Limited,Trishakti Securities Public Limited,300,211.9,63570.0,2025-08-17 14:17:52.036480
2025-08-17,23002,2025081704012548,NHPC,Infinity Securities Limited,Sweta Securities Private Limited,500,211.9,105950.0,2025-08-17 14:17:52.036731
2025-08-17,22439,2025081704012705,NHPC,Infinity Securities Limited,Aryatara Investment & Securities,516,211.9,109340.4,2025-08-17 14:19:14.740960
2025-08-17,22308,2025081704012720,NHPC,Infinity Securities Limited,Investment Management Nepal Pvt. Ltd.,244,211.9,51703.6,2025-08-17 14:19:33.186860
2025-08-17,21202,2025081704013033,NHPC,Neev Securities Pvt. Ltd.,Primo Securities (PVT) Ltd.,37,210.5,7788.5,2025-08-17 14:22:06.193655
2025-08-17,18946,2025081704013536,NHPC,Imperial Securities Company Pvt. Ltd.,Naasa Securities Co. Ltd.,20,210.5,4210.0,2025-08-17 14:28:29.397734
2025-08-17,18828,2025081704013563,NHPC,Sharepro Securities Private Limited,Investment Management Nepal Pvt. Ltd.,100,210.2,21020.0,2025-08-17 14:28:50.740170
2025-08-17,18798,2025081704013570,NHPC,Vision Securities Pvt. Ltd,S.P.S.A. Securities Limited,240,210.1,50424.0,2025-08-17 14:28:58.477286
2025-08-17,18797,2025081704013571,NHPC,Premier Securities Company Ltd.,S.P.S.A. Securities Limited,50,210.1,10505.0,2025-08-17 14:28:58.477682
2025-08-17,18796,2025081704013572,NHPC,Midas Stock Broking Company Private Limited,S.P.S.A. Securities Limited,518,210.1,108831.8,2025-08-17 14:28:58.477894
2025-08-17,18795,2025081704013573,NHPC,Arun Securities (PVT) Ltd.,S.P.S.A. Securities Limited,237,210.0,49770.0,2025-08-17 14:28:58.478123
2025-08-17,18794,2025081704013574,NHPC,Aryatara Investment & Securities,S.P.S.A. Securities Limited,100,210.0,21000.0,2025-08-17 14:28:58.478365
2025-08-17,18793,2025081704013575,NHPC,Thrive Brokerage House Pvt. Ltd,S.P.S.A. Securities Limited,100,210.0,21000.0,2025-08-17 14:28:58.478584
2025-08-17,18792,2025081704013576,NHPC,Opal Securities Investment (PVT) Ltd.,S.P.S.A. Securities Limited,301,210.0,63210.0,2025-08-17 14:28:58.478806
2025-08-17,18791,2025081704013577,NHPC,Cristal Kanchanjanga Securites Pvt. Ltd.,S.P.S.A. Securities Limited,400,210.0,84000.0,2025-08-17 14:28:58.479025
2025-08-17,18790,2025081704013578,NHPC,Naasa Securities Co. Ltd.,S.P.S.A. Securities Limited,25,210.0,5250.0,2025-08-17 14:28:58.479224
2025-08-17,18789,2025081704013579,NHPC,Online Securities Pvt. Ltd.,S.P.S.A. Securities Limited,500,210.0,105000.0,2025-08-17 14:28:58.479456
2025-08-17,18788,2025081704013580,NHPC,Naasa Securities Co. Ltd.,S.P.S.A. Securities Limited,380,210.0,79800.0,2025-08-17 14:28:58.479681
2025-08-17,18787,2025081704013581,NHPC,Neev Securities Pvt. Ltd.,S.P.S.A. Securities Limited,200,210.0,42000.0,2025-08-17 14:28:58.479896
2025-08-17,18680,2025081704013611,NHPC,Cristal Kanchanjanga Securites Pvt. Ltd.,S.P.S.A. Securities Limited,50,209.7,10485.0,2025-08-17 14:29:17.527562
2025-08-17,18679,2025081704013612,NHPC,Linch Stock Market Ltd.,S.P.S.A. Securities Limited,450,209.5,94275.0,2025-08-17 14:29:17.527784
2025-08-17,18678,2025081704013613,NHPC,Secured Securities Ltd.,S.P.S.A. Securities Limited,200,209.5,41900.0,2025-08-17 14:29:17.527866
2025-08-17,18677,2025081704013614,NHPC,Vision Securities Pvt. Ltd,S.P.S.A. Securities Limited,100,209.5,20950.0,2025-08-17 14:29:17.527939
2025-08-17,18676,2025081704013615,NHPC,Sumeru Securities Pvt. Ltd.,S.P.S.A. Securities Limited,500,209.1,104550.0,2025-08-17 14:29:17.528012
2025-08-17,18675,2025081704013616,NHPC,Kohinoor Investment & Securities Pvt. Ltd.,S.P.S.A. Securities Limited,1000,209.1,209100.0,2025-08-17 14:29:17.528081
2025-08-17,18674,2025081704013617,NHPC,Kohinoor Investment & Securities Pvt. Ltd.,S.P.S.A. Securities Limited,100,209.0,20900.0,2025-08-17 14:29:17.528154
2025-08-17,18673,2025081704013618,NHPC,Capital Max Securities Ltd,S.P.S.A. Securities Limited,120,209.0,25080.0,2025-08-17 14:29:17.528226
2025-08-17,18672,2025081704013619,NHPC,Trisul Securities & Invt. Ltd.,S.P.S.A. Securities Limited,2000,209.0,418000.0,2025-08-17 14:29:17.528300
2025-08-17,18671,2025081704013620,NHPC,Kohinoor Investment & Securities Pvt. Ltd.,S.P.S.A. Securities Limited,1000,209.0,209000.0,2025-08-17 14:29:17.528383
2025-08-17,18670,2025081704013621,NHPC,Agrawal Securities (PVT) Ltd.,S.P.S.A. Securities Limited,20,209.0,4180.0,2025-08-17 14:29:17.528453
2025-08-17,18669,2025081704013622,NHPC,Agrawal Securities (PVT) Ltd.,S.P.S.A. Securities Limited,1000,209.0,209000.0,2025-08-17 14:29:17.528521
2025-08-17,18668,2025081704013623,NHPC,Naasa Securities Co. Ltd.,S.P.S.A. Securities Limited,251,209.0,52459.0,2025-08-17 14:29:17.528589
2025-08-17,18667,2025081704013624,NHPC,Kohinoor Investment & Securities Pvt. Ltd.,S.P.S.A. Securities Limited,500,209.0,104500.0,2025-08-17 14:29:17.528655
2025-08-17,18666,2025081704013625,NHPC,Malla & Malla Stock Broking Company Pvt. Limited,S.P.S.A. Securities Limited,100,209.0,20900.0,2025-08-17 14:29:17.528722
2025-08-17,18665,2025081704013626,NHPC,S.P.S.A. Securities Limited,S.P.S.A. Securities Limited,142,209.0,29678.0,2025-08-17 14:29:17.528807
2025-08-17,18664,2025081704013627,NHPC,Asian Securities Private Ltd.,S.P.S.A. Securities Limited,100,209.0,20900.0,2025-08-17 14:29:17.528873
2025-08-17,18663,2025081704013628,NHPC,Trishakti Securities Public Limited,S.P.S.A. Securities Limited,100,209.0,20900.0,2025-08-17 14:29:17.528943
2025-08-17,18662,2025081704013629,NHPC,Trishakti Securities Public Limited,S.P.S.A. Securities Limited,100,209.0,20900.0,2025-08-17 14:29:17.529010
2025-08-17,18661,2025081704013630,NHPC,Aryatara Investment & Securities,S.P.S.A. Securities Limited,167,209.0,34903.0,2025-08-17 14:29:17.529075
2025-08-17,18504,2025081704013656,NHPC,Aryatara Investment & Securities,Investment Management Nepal Pvt. Ltd.,156,209.0,32604.0,2025-08-17 14:29:45.940679
2025-08-17,18062,2025081704013743,NHPC,Aryatara Investment & Securities,Secured Securities Ltd.,150,209.0,31350.0,2025-08-17 14:31:20.982931
2025-08-17,17116,2025081704013930,NHPC,Sweta Securities Private Limited,Naasa Securities Co. Ltd.,200,209.1,41820.0,2025-08-17 14:34:02.828669
2025-08-17,17115,2025081704013931,NHPC,Aryatara Investment & Securities,Naasa Securities Co. Ltd.,527,209.0,110143.0,2025-08-17 14:34:02.828898
2025-08-17,17114,2025081704013932,NHPC,Capital Max Securities Ltd,Naasa Securities Co. Ltd.,100,209.0,20900.0,2025-08-17 14:34:02.828971
2025-08-17,17113,2025081704013933,NHPC,Imperial Securities Company Pvt. Ltd.,Naasa Securities Co. Ltd.,25,209.0,5225.0,2025-08-17 14:34:02.829047
2025-08-17,17112,2025081704013934,NHPC,Creative Securities Pvt Ltd,Naasa Securities Co. Ltd.,500,209.0,104500.0,2025-08-17 14:34:02.829132
2025-08-17,17111,2025081704013935,NHPC,Sipla Securities Private Limited,Naasa Securities Co. Ltd.,100,209.0,20900.0,2025-08-17 14:34:02.829214
2025-08-17,17110,2025081704013936,NHPC,SUN SECURITIES PVT LTD,Naasa Securities Co. Ltd.,50,209.0,10450.0,2025-08-17 14:34:02.829280
2025-08-17,17109,2025081704013937,NHPC,Sweta Securities Private Limited,Naasa Securities Co. Ltd.,100,209.0,20900.0,2025-08-17 14:34:02.829354
2025-08-17,16854,2025081704014001,NHPC,Opal Securities Investment (PVT) Ltd.,Naasa Securities Co. Ltd.,100,209.0,20900.0,2025-08-17 14:34:59.488741
2025-08-17,16575,2025081704014084,NHPC,Dipshikha Dhitopatra Karobar Co. Pvt Ltd.,Naasa Securities Co. Ltd.,100,209.0,20900.0,2025-08-17 14:35:42.708440
2025-08-17,15788,2025081704014272,NHPC,Neev Securities Pvt. Ltd.,Naasa Securities Co. Ltd.,100,209.0,20900.0,2025-08-17 14:37:42.126156
2025-08-17,15678,2025081704014297,NHPC,Secured Securities Ltd.,Naasa Securities Co. Ltd.,50,209.0,10450.0,2025-08-17 14:37:59.063579
2025-08-17,15527,2025081704014324,NHPC,Secured Securities Ltd.,Naasa Securities Co. Ltd.,11,209.0,2299.0,2025-08-17 14:38:16.383323
2025-08-17,15264,2025081704014379,NHPC,Agrawal Securities (PVT) Ltd.,Aryatara Investment & Securities,500,208.8,104400.0,2025-08-17 14:38:48.920065
2025-08-17,15263,2025081704014380,NHPC,Online Securities Pvt. Ltd.,Aryatara Investment & Securities,260,208.8,54288.0,2025-08-17 14:38:48.920253
2025-08-17,15262,2025081704014381,NHPC,Asian Securities Private Ltd.,Aryatara Investment & Securities,1000,208.7,208700.0,2025-08-17 14:38:48.920361
2025-08-17,15261,2025081704014382,NHPC,Aryatara Investment & Securities,Aryatara Investment & Securities,200,208.7,41740.0,2025-08-17 14:38:48.920437
2025-08-17,15260,2025081704014383,NHPC,Market Securities & Exchange (PVT) Ltd.,Aryatara Investment & Securities,40,208.5,8340.0,2025-08-17 14:38:48.920506
2025-08-17,15005,2025081704014465,NHPC,Shree Krishna Securities Ltd.,Primo Securities (PVT) Ltd.,100,208.9,20890.0,2025-08-17 14:39:19.195535
2025-08-17,15004,2025081704014466,NHPC,Market Securities & Exchange (PVT) Ltd.,Primo Securities (PVT) Ltd.,160,208.5,33360.0,2025-08-17 14:39:19.195783
2025-08-17,15003,2025081704014467,NHPC,Dakshinkali Investment & Securities Pvt. Ltd.,Primo Securities (PVT) Ltd.,300,208.5,62550.0,2025-08-17 14:39:19.195856
2025-08-17,15002,2025081704014468,NHPC,Blue Chip Securities Ltd,Primo Securities (PVT) Ltd.,100,208.2,20820.0,2025-08-17 14:39:19.195936
2025-08-17,15001,2025081704014469,NHPC,ABC Securities Private Limited,Primo Securities (PVT) Ltd.,1000,208.1,208100.0,2025-08-17 14:39:19.196082
2025-08-17,15000,2025081704014470,NHPC,Kumari Securities Private Limited,Primo Securities (PVT) Ltd.,50,208.1,10405.0,2025-08-17 14:39:19.196161
2025-08-17,14999,2025081704014471,NHPC,Nepal Stock House (PVT) Ltd.,Primo Securities (PVT) Ltd.,20,208.0,4160.0,2025-08-17 14:39:19.196230
2025-08-17,14998,2025081704014472,NHPC,Primo Securities (PVT) Ltd.,Primo Securities (PVT) Ltd.,100,208.0,20800.0,2025-08-17 14:39:19.196299
2025-08-17,14997,2025081704014473,NHPC,Imperial Securities Company Pvt. Ltd.,Primo Securities (PVT) Ltd.,100,208.0,20800.0,2025-08-17 14:39:19.196373
2025-08-17,14996,2025081704014474,NHPC,ABC Securities Private Limited,Primo Securities (PVT) Ltd.,20,208.0,4160.0,2025-08-17 14:39:19.196446
2025-08-17,14995,2025081704014475,NHPC,Kumari Securities Private Limited,Primo Securities (PVT) Ltd.,100,208.0,20800.0,2025-08-17 14:39:19.196508
2025-08-17,14994,2025081704014476,NHPC,Sewa Securities Pvt. Ltd.,Primo Securities (PVT) Ltd.,1000,208.0,208000.0,2025-08-17 14:39:19.196573
2025-08-17,14993,2025081704014477,NHPC,Dakshinkali Investment & Securities Pvt. Ltd.,Primo Securities (PVT) Ltd.,950,208.0,197600.0,2025-08-17 14:39:19.196677
2025-08-17,14721,2025081704014562,NHPC,Naasa Securities Co. Ltd.,Naasa Securities Co. Ltd.,350,209.0,73150.0,2025-08-17 14:39:57.779425
2025-08-17,14423,2025081704014662,NHPC,Dakshinkali Investment & Securities Pvt. Ltd.,Shree Krishna Securities Ltd.,500,208.0,104000.0,2025-08-17 14:40:34.385870
2025-08-17,14316,2025081704014675,NHPC,Neev Securities Pvt. Ltd.,Dynamic Money Managers Securities Pvt. Ltd.,3,210.5,631.5,2025-08-17 14:40:40.643389
2025-08-17,13959,2025081704014781,NHPC,Dakshinkali Investment & Securities Pvt. Ltd.,Agrawal Securities (PVT) Ltd.,50,208.0,10400.0,2025-08-17 14:41:22.344233
2025-08-17,13694,2025081704014866,NHPC,Neev Securities Pvt. Ltd.,Naasa Securities Co. Ltd.,50,209.0,10450.0,2025-08-17 14:41:50.777064
2025-08-17,12337,2025081704015270,NHPC,Premier Securities Company Ltd.,Naasa Securities Co. Ltd.,100,209.0,20900.0,2025-08-17 14:44:12.769851
2025-08-17,12317,2025081704015278,NHPC,Trishakti Securities Public Limited,Siprabi Securities Pvt. Ltd.,220,208.7,45914.0,2025-08-17 14:44:18.821389
2025-08-17,12316,2025081704015279,NHPC,Primo Securities (PVT) Ltd.,Siprabi Securities Pvt. Ltd.,360,208.6,75096.0,2025-08-17 14:44:18.821696
2025-08-17,12315,2025081704015280,NHPC,Nepal Stock House (PVT) Ltd.,Siprabi Securities Pvt. Ltd.,20,208.5,4170.0,2025-08-17 14:44:18.821772
2025-08-17,11837,2025081704015379,NHPC,Neev Securities Pvt. Ltd.,Naasa Securities Co. Ltd.,100,209.0,20900.0,2025-08-17 14:45:02.818281
2025-08-17,11422,2025081704015507,NHPC,Premier Securities Company Ltd.,Naasa Securities Co. Ltd.,100,209.0,20900.0,2025-08-17 14:45:51.882165
2025-08-17,10795,2025081704015656,NHPC,INDEX SECURITIES LIMITED,Naasa Securities Co. Ltd.,278,209.0,58102.0,2025-08-17 14:47:04.754532
2025-08-17,9534,2025081704016044,NHPC,Arun Securities (PVT) Ltd.,Naasa Securities Co. Ltd.,50,209.0,10450.0,2025-08-17 14:49:15.450611
2025-08-17,9312,2025081704016106,NHPC,Nepal Stock House (PVT) Ltd.,Aryatara Investment & Securities,980,208.5,204330.0,2025-08-17 14:49:34.875473
2025-08-17,9311,2025081704016107,NHPC,NIMB Stock Markets Limited,Aryatara Investment & Securities,20,208.5,4170.0,2025-08-17 14:49:34.875657
2025-08-17,9252,2025081704016121,NHPC,Online Securities Pvt. Ltd.,Aryatara Investment & Securities,8,204.9,1639.2,2025-08-17 14:49:38.570164
2025-08-17,8755,2025081704016278,NHPC,NIMB Stock Markets Limited,Online Securities Pvt. Ltd.,80,208.5,16680.0,2025-08-17 14:50:25.310485
2025-08-17,8754,2025081704016279,NHPC,Online Securities Pvt. Ltd.,Online Securities Pvt. Ltd.,55,208.5,11467.5,2025-08-17 14:50:25.310697
2025-08-17,7378,2025081704016589,NHPC,Online Securities Pvt. Ltd.,Aryatara Investment & Securities,45,208.5,9382.5,2025-08-17 14:52:28.893751
2025-08-17,7065,2025081704016673,NHPC,Primo Securities (PVT) Ltd.,Aryatara Investment & Securities,1955,208.5,407617.5,2025-08-17 14:52:49.696338
2025-08-17,6634,2025081704016751,NHPC,Kalika Securities Pvt. Ltd.,Dynamic Money Managers Securities Pvt. Ltd.,10,209.0,2090.0,2025-08-17 14:53:27.678555
2025-08-17,6633,2025081704016752,NHPC,Kalika Securities Pvt. Ltd.,Imperial Securities Company Pvt. Ltd.,641,209.0,133969.0,2025-08-17 14:53:27.678958
2025-08-17,6632,2025081704016753,NHPC,Kalika Securities Pvt. Ltd.,Secured Securities Ltd.,349,209.0,72941.0,2025-08-17 14:53:27.679304
2025-08-17,6382,2025081704016797,NHPC,Sewa Securities Pvt. Ltd.,Secured Securities Ltd.,50,209.0,10450.0,2025-08-17 14:53:49.558345
2025-08-17,6073,2025081704016854,NHPC,Vision Securities Pvt. Ltd,Secured Securities Ltd.,101,209.0,21109.0,2025-08-17 14:54:21.566822
2025-08-17,6072,2025081704016855,NHPC,Vision Securities Pvt. Ltd,Imperial Securities Company Pvt. Ltd.,49,209.0,10241.0,2025-08-17 14:54:21.567093
2025-08-17,5360,2025081704017052,NHPC,Naasa Securities Co. Ltd.,Imperial Securities Company Pvt. Ltd.,150,209.0,31350.0,2025-08-17 14:55:22.194923
2025-08-17,5199,2025081704017084,NHPC,Imperial Securities Company Pvt. Ltd.,Kohinoor Investment & Securities Pvt. Ltd.,400,208.6,83440.0,2025-08-17 14:55:37.899774
2025-08-17,5198,2025081704017085,NHPC,Vision Securities Pvt. Ltd,Kohinoor Investment & Securities Pvt. Ltd.,45,208.6,9387.0,2025-08-17 14:55:37.900163
2025-08-17,4864,2025081704017151,NHPC,Vision Securities Pvt. Ltd,Linch Stock Market Ltd.,71,208.6,14810.6,2025-08-17 14:56:06.739507
2025-08-17,4863,2025081704017152,NHPC,Primo Securities (PVT) Ltd.,Linch Stock Market Ltd.,45,208.5,9382.5,2025-08-17 14:56:06.739704
2025-08-17,4862,2025081704017153,NHPC,Nepal Stock House (PVT) Ltd.,Linch Stock Market Ltd.,194,208.5,40449.0,2025-08-17 14:56:06.739833
2025-08-17,4823,2025081704017170,NHPC,Primo Securities (PVT) Ltd.,Imperial Securities Company Pvt. Ltd.,545,209.0,113905.0,2025-08-17 14:56:10.758962
2025-08-17,4532,2025081704017228,NHPC,Primo Securities (PVT) Ltd.,Shree Krishna Securities Ltd.,455,209.0,95095.0,2025-08-17 14:56:32.438680
2025-08-17,4531,2025081704017229,NHPC,Midas Stock Broking Company Private Limited,Shree Krishna Securities Ltd.,45,209.0,9405.0,2025-08-17 14:56:32.438897
2025-08-17,4453,2025081704017248,NHPC,Midas Stock Broking Company Private Limited,Naasa Securities Co. Ltd.,130,209.0,27170.0,2025-08-17 14:56:42.714714
2025-08-17,4443,2025081704017250,NHPC,Midas Stock Broking Company Private Limited,Agrawal Securities (PVT) Ltd.,40,209.0,8360.0,2025-08-17 14:56:43.544367
2025-08-17,4347,2025081704017266,NHPC,Naasa Securities Co. Ltd.,Siprabi Securities Pvt. Ltd.,100,209.2,20920.0,2025-08-17 14:56:48.628438
2025-08-17,3532,2025081704017516,NHPC,Midas Stock Broking Company Private Limited,Sagarmatha Securities Private Limited,385,209.0,80465.0,2025-08-17 14:57:40.177636
2025-08-17,3399,2025081704017550,NHPC,Secured Securities Ltd.,Sagarmatha Securities Private Limited,65,209.0,13585.0,2025-08-17 14:57:47.543754
2025-08-17,3234,2025081704017580,NHPC,Kumari Securities Private Limited,Sagarmatha Securities Private Limited,100,209.0,20900.0,2025-08-17 14:57:57.386051
2025-08-17,2219,2025081704017841,NHPC,ABC Securities Private Limited,Sani Securities Company Ltd.,80,208.6,16688.0,2025-08-17 14:58:54.099124
2025-08-17,1979,2025081704017918,NHPC,Naasa Securities Co. Ltd.,Sagarmatha Securities Private Limited,1000,209.0,209000.0,2025-08-17 14:59:05.589917
2025-08-17,1342,2025081704018054,NHPC,Naasa Securities Co. Ltd.,Sagarmatha Securities Private Limited,27,209.0,5643.0,2025-08-17 14:59:26.986221
2025-08-17,1037,2025081704018117,NHPC,ABC Securities Private Limited,Sagarmatha Securities Private Limited,23,208.6,4797.8,2025-08-17 14:59:35.029329
2025-08-17,916,2025081704018154,NHPC,ABC Securities Private Limited,S.P.S.A. Securities Limited,1797,208.6,374854.2,2025-08-17 14:59:38.951776
2025-08-17,915,2025081704018155,NHPC,Dynamic Money Managers Securities Pvt. Ltd.,S.P.S.A. Securities Limited,250,208.6,52150.0,2025-08-17 14:59:38.951971
2025-08-17,914,2025081704018156,NHPC,Premier Securities Company Ltd.,S.P.S.A. Securities Limited,30,208.6,6258.0,2025-08-17 14:59:38.952057
2025-08-17,913,2025081704018157,NHPC,Nepal Stock House (PVT) Ltd.,S.P.S.A. Securities Limited,806,208.5,168051.0,2025-08-17 14:59:38.952142
2025-08-17,912,2025081704018158,NHPC,Linch Stock Market Ltd.,S.P.S.A. Securities Limited,510,208.5,106335.0,2025-08-17 14:59:38.952246
2025-08-17,911,2025081704018159,NHPC,Arun Securities (PVT) Ltd.,S.P.S.A. Securities Limited,70,208.5,14595.0,2025-08-17 14:59:38.952337
2025-08-17,910,2025081704018160,NHPC,Arun Securities (PVT) Ltd.,S.P.S.A. Securities Limited,70,208.5,14595.0,2025-08-17 14:59:38.952433
2025-08-17,909,2025081704018161,NHPC,Premier Securities Company Ltd.,S.P.S.A. Securities Limited,1000,208.2,208200.0,2025-08-17 14:59:38.952513
2025-08-17,908,2025081704018162,NHPC,Online Securities Pvt. Ltd.,S.P.S.A. Securities Limited,10,208.2,2082.0,2025-08-17 14:59:38.952610
2025-08-17,907,2025081704018163,NHPC,Sewa Securities Pvt. Ltd.,S.P.S.A. Securities Limited,500,208.1,104050.0,2025-08-17 14:59:38.952698
2025-08-17,906,2025081704018164,NHPC,Dakshinkali Investment & Securities Pvt. Ltd.,S.P.S.A. Securities Limited,500,208.0,104000.0,2025-08-17 14:59:38.952786
2025-08-17,905,2025081704018165,NHPC,Naasa Securities Co. Ltd.,S.P.S.A. Securities Limited,50,208.0,10400.0,2025-08-17 14:59:38.952882
2025-08-17,904,2025081704018166,NHPC,Oxford Securities Pvt. Ltd.,S.P.S.A. Securities Limited,500,208.0,104000.0,2025-08-17 14:59:38.952963
2025-08-17,903,2025081704018167,NHPC,Agrawal Securities (PVT) Ltd.,S.P.S.A. Securities Limited,100,208.0,20800.0,2025-08-17 14:59:38.953040
2025-08-17,902,2025081704018168,NHPC,Deevyaa Securities & Stock House Pvt. Ltd,S.P.S.A. Securities Limited,500,208.0,104000.0,2025-08-17 14:59:38.953141
2025-08-17,901,2025081704018169,NHPC,Vision Securities Pvt. Ltd,S.P.S.A. Securities Limited,1000,208.0,208000.0,2025-08-17 14:59:38.953217
2025-08-17,900,2025081704018170,NHPC,Midas Stock Broking Company Private Limited,S.P.S.A. Securities Limited,50,208.0,10400.0,2025-08-17 14:59:38.953334
2025-08-17,899,2025081704018171,NHPC,Premier Securities Company Ltd.,S.P.S.A. Securities Limited,100,208.0,20800.0,2025-08-17 14:59:38.953477
2025-08-17,898,2025081704018172,NHPC,Investment Management Nepal Pvt. Ltd.,S.P.S.A. Securities Limited,200,208.0,41600.0,2025-08-17 14:59:38.953573
2025-08-17,897,2025081704018173,NHPC,Naasa Securities Co. Ltd.,S.P.S.A. Securities Limited,251,208.0,52208.0,2025-08-17 14:59:38.953652
2025-08-17,896,2025081704018174,NHPC,Vision Securities Pvt. Ltd,S.P.S.A. Securities Limited,100,208.0,20800.0,2025-08-17 14:59:38.953761
2025-08-17,895,2025081704018175,NHPC,Midas Stock Broking Company Private Limited,S.P.S.A. Securities Limited,500,208.0,104000.0,2025-08-17 14:59:38.953838
2025-08-17,894,2025081704018176,NHPC,Kohinoor Investment & Securities Pvt. Ltd.,S.P.S.A. Securities Limited,50,208.0,10400.0,2025-08-17 14:59:38.953928
2025-08-17,893,2025081704018177,NHPC,Agrawal Securities (PVT) Ltd.,S.P.S.A. Securities Limited,1000,208.0,208000.0,2025-08-17 14:59:38.954001
2025-08-17,892,2025081704018178,NHPC,Kumari Securities Private Limited,S.P.S.A. Securities Limited,56,208.0,11648.0,2025-08-17 14:59:38.954095
2025-08-17,427,2025081704018290,NHPC,Kumari Securities Private Limited,Imperial Securities Company Pvt. Ltd.,11,208.0,2288.0,2025-08-17 14:59:53.107917
