Date,S.N.,Contract ID,Symbol,Buyer Broker,Seller Broker,volume,rate,amount,transaction_time
2025-08-17,85144,2025081704000231,SHPC,Investment Management Nepal Pvt. Ltd.,Nepal Stock House (PVT) Ltd.,10,570.0,5700.0,2025-08-17 11:04:46.992224
2025-08-17,84692,2025081704000305,SHPC,Agrawal Securities (PVT) Ltd.,Deevyaa Securities & Stock House Pvt. Ltd,100,566.2,56620.0,2025-08-17 11:06:11.804298
2025-08-17,84691,2025081704000306,SHPC,Kohinoor Investment & Securities Pvt. Ltd.,Deevyaa Securities & Stock House Pvt. Ltd,880,566.0,498080.0,2025-08-17 11:06:11.804471
2025-08-17,84690,2025081704000307,SHPC,Citizens Share Broker Limited,Deevyaa Securities & Stock House Pvt. Ltd,1000,565.7,565700.0,2025-08-17 11:06:11.804593
2025-08-17,84689,2025081704000308,SHPC,Aryatara Investment & Securities,Deevyaa Securities & Stock House Pvt. Ltd,100,562.1,56210.0,2025-08-17 11:06:11.804694
2025-08-17,84688,2025081704000309,SHPC,Sumeru Securities Pvt. Ltd.,Deevyaa Securities & Stock House Pvt. Ltd,150,562.1,84315.0,2025-08-17 11:06:11.804788
2025-08-17,84687,2025081704000310,SHPC,Capital Max Securities Ltd,Deevyaa Securities & Stock House Pvt. Ltd,473,562.0,265826.0,2025-08-17 11:06:11.804889
2025-08-17,84686,2025081704000311,SHPC,Online Securities Pvt. Ltd.,Deevyaa Securities & Stock House Pvt. Ltd,30,562.0,16860.0,2025-08-17 11:06:11.804978
2025-08-17,84685,2025081704000312,SHPC,SUN SECURITIES PVT LTD,Deevyaa Securities & Stock House Pvt. Ltd,300,562.0,168600.0,2025-08-17 11:06:11.805074
2025-08-17,84684,2025081704000313,SHPC,Aryatara Investment & Securities,Deevyaa Securities & Stock House Pvt. Ltd,135,562.0,75870.0,2025-08-17 11:06:11.805180
2025-08-17,84683,2025081704000314,SHPC,Imperial Securities Company Pvt. Ltd.,Deevyaa Securities & Stock House Pvt. Ltd,332,562.0,186584.0,2025-08-17 11:06:11.805270
2025-08-17,84647,2025081704000317,SHPC,Asian Securities Private Ltd.,Nepal Stock House (PVT) Ltd.,500,570.0,285000.0,2025-08-17 11:06:15.674698
2025-08-17,83031,2025081704000596,SHPC,Asian Securities Private Ltd.,Nepal Stock House (PVT) Ltd.,270,570.0,153900.0,2025-08-17 11:10:55.301819
2025-08-17,83030,2025081704000597,SHPC,Asian Securities Private Ltd.,Imperial Securities Company Pvt. Ltd.,100,570.0,57000.0,2025-08-17 11:10:55.301919
2025-08-17,83029,2025081704000598,SHPC,Asian Securities Private Ltd.,Kumari Securities Private Limited,130,570.0,74100.0,2025-08-17 11:10:55.301960
2025-08-17,82638,2025081704000666,SHPC,Dipshikha Dhitopatra Karobar Co. Pvt Ltd.,Kumari Securities Private Limited,370,570.0,210900.0,2025-08-17 11:11:59.115842
2025-08-17,82637,2025081704000667,SHPC,Dipshikha Dhitopatra Karobar Co. Pvt Ltd.,Naasa Securities Co. Ltd.,20,570.0,11400.0,2025-08-17 11:11:59.116028
2025-08-17,82235,2025081704000751,SHPC,Agrawal Securities (PVT) Ltd.,Premier Securities Company Ltd.,75,570.0,42750.0,2025-08-17 11:13:07.717200
2025-08-17,82171,2025081704000764,SHPC,Dipshikha Dhitopatra Karobar Co. Pvt Ltd.,Premier Securities Company Ltd.,225,570.0,128250.0,2025-08-17 11:13:17.545163
2025-08-17,81807,2025081704000835,SHPC,Sani Securities Company Ltd.,Sundhara Securities Limited,200,571.0,114200.0,2025-08-17 11:14:23.096876
2025-08-17,81806,2025081704000836,SHPC,Sani Securities Company Ltd.,Dipshikha Dhitopatra Karobar Co. Pvt Ltd.,200,571.0,114200.0,2025-08-17 11:14:23.096971
2025-08-17,81591,2025081704000876,SHPC,Sajilo Broker Limited,Dipshikha Dhitopatra Karobar Co. Pvt Ltd.,100,571.0,57100.0,2025-08-17 11:15:00.244220
2025-08-17,80947,2025081704001024,SHPC,Agrawal Securities (PVT) Ltd.,Dipshikha Dhitopatra Karobar Co. Pvt Ltd.,200,571.0,114200.0,2025-08-17 11:16:46.841358
2025-08-17,80889,2025081704001033,SHPC,Dipshikha Dhitopatra Karobar Co. Pvt Ltd.,Bhrikuti Stock Broking Co. Pvt. Ltd.,75,570.0,42750.0,2025-08-17 11:16:56.893725
2025-08-17,80888,2025081704001034,SHPC,Aryatara Investment & Securities,Bhrikuti Stock Broking Co. Pvt. Ltd.,100,570.0,57000.0,2025-08-17 11:16:56.893869
2025-08-17,80887,2025081704001035,SHPC,Aryatara Investment & Securities,Bhrikuti Stock Broking Co. Pvt. Ltd.,100,570.0,57000.0,2025-08-17 11:16:56.893930
2025-08-17,80886,2025081704001036,SHPC,Secured Securities Ltd.,Bhrikuti Stock Broking Co. Pvt. Ltd.,107,570.0,60990.0,2025-08-17 11:16:56.893975
2025-08-17,80573,2025081704001107,SHPC,Midas Stock Broking Company Private Limited,Opal Securities Investment (PVT) Ltd.,16,572.0,9152.0,2025-08-17 11:17:58.252649
2025-08-17,80289,2025081704001144,SHPC,Ashutosh Brokerage & Securities (PVT) Ltd.,Dakshinkali Investment & Securities Pvt. Ltd.,10,572.5,5725.0,2025-08-17 11:18:39.284959
2025-08-17,80184,2025081704001161,SHPC,Midas Stock Broking Company Private Limited,Sanima Securities Limited,174,572.0,99528.0,2025-08-17 11:18:55.712599
2025-08-17,79999,2025081704001197,SHPC,Sagarmatha Securities Private Limited,Sanima Securities Limited,211,571.0,120481.0,2025-08-17 11:19:26.533657
2025-08-17,79955,2025081704001211,SHPC,Naasa Securities Co. Ltd.,Sanima Securities Limited,10,571.0,5710.0,2025-08-17 11:19:33.527042
2025-08-17,79764,2025081704001237,SHPC,Creative Securities Pvt Ltd,Sanima Securities Limited,100,571.0,57100.0,2025-08-17 11:19:59.022430
2025-08-17,79204,2025081704001318,SHPC,Stoxkarts Securities Limited,Dynamic Money Managers Securities Pvt. Ltd.,30,570.5,17115.0,2025-08-17 11:21:13.561009
2025-08-17,79203,2025081704001319,SHPC,Sani Securities Company Ltd.,Dynamic Money Managers Securities Pvt. Ltd.,200,570.5,114100.0,2025-08-17 11:21:13.561182
2025-08-17,78987,2025081704001349,SHPC,Stoxkarts Securities Limited,Dynamic Money Managers Securities Pvt. Ltd.,20,570.4,11408.0,2025-08-17 11:21:50.576093
2025-08-17,78986,2025081704001350,SHPC,Stoxkarts Securities Limited,Dynamic Money Managers Securities Pvt. Ltd.,50,570.3,28515.0,2025-08-17 11:21:50.576227
2025-08-17,78985,2025081704001351,SHPC,Stoxkarts Securities Limited,Dynamic Money Managers Securities Pvt. Ltd.,100,570.2,57020.0,2025-08-17 11:21:50.576283
2025-08-17,78984,2025081704001352,SHPC,Stoxkarts Securities Limited,Dynamic Money Managers Securities Pvt. Ltd.,100,570.1,57010.0,2025-08-17 11:21:50.576344
2025-08-17,78983,2025081704001353,SHPC,Kumari Securities Private Limited,Dynamic Money Managers Securities Pvt. Ltd.,30,570.1,17103.0,2025-08-17 11:21:50.576391
2025-08-17,78462,2025081704001459,SHPC,Stoxkarts Securities Limited,Oxford Securities Pvt. Ltd.,200,570.3,114060.0,2025-08-17 11:23:25.342939
2025-08-17,78461,2025081704001460,SHPC,Sagarmatha Securities Private Limited,Oxford Securities Pvt. Ltd.,500,570.3,285150.0,2025-08-17 11:23:25.343083
2025-08-17,78460,2025081704001461,SHPC,Naasa Securities Co. Ltd.,Oxford Securities Pvt. Ltd.,200,570.2,114040.0,2025-08-17 11:23:25.343136
2025-08-17,78459,2025081704001462,SHPC,Kumari Securities Private Limited,Oxford Securities Pvt. Ltd.,100,570.1,57010.0,2025-08-17 11:23:25.343189
2025-08-17,78265,2025081704001498,SHPC,Kumari Securities Private Limited,Dynamic Money Managers Securities Pvt. Ltd.,760,570.1,433276.0,2025-08-17 11:23:55.202170
2025-08-17,78193,2025081704001511,SHPC,Vision Securities Pvt. Ltd,Sanima Securities Limited,400,571.0,228400.0,2025-08-17 11:24:08.642960
2025-08-17,78150,2025081704001518,SHPC,Secured Securities Ltd.,Dynamic Money Managers Securities Pvt. Ltd.,1893,570.0,1079010.0,2025-08-17 11:24:15.703781
2025-08-17,78149,2025081704001519,SHPC,Asian Securities Private Ltd.,Dynamic Money Managers Securities Pvt. Ltd.,20,570.0,11400.0,2025-08-17 11:24:15.704005
2025-08-17,78148,2025081704001520,SHPC,Capital Max Securities Ltd,Dynamic Money Managers Securities Pvt. Ltd.,87,570.0,49590.0,2025-08-17 11:24:15.704150
2025-08-17,77496,2025081704001649,SHPC,Primo Securities (PVT) Ltd.,Sanima Securities Limited,20,571.0,11420.0,2025-08-17 11:25:53.414286
2025-08-17,77286,2025081704001677,SHPC,Asian Securities Private Ltd.,Sanima Securities Limited,259,571.0,147889.0,2025-08-17 11:26:30.173431
2025-08-17,77285,2025081704001678,SHPC,Asian Securities Private Ltd.,Kohinoor Investment & Securities Pvt. Ltd.,18,571.0,10278.0,2025-08-17 11:26:30.173556
2025-08-17,77075,2025081704001694,SHPC,Trademow Securities Private Limited,Dakshinkali Investment & Securities Pvt. Ltd.,50,572.5,28625.0,2025-08-17 11:26:52.230287
2025-08-17,76628,2025081704001773,SHPC,Naasa Securities Co. Ltd.,Sumeru Securities Pvt. Ltd.,10,572.0,5720.0,2025-08-17 11:28:11.044791
2025-08-17,76568,2025081704001787,SHPC,Sani Securities Company Ltd.,Sumeru Securities Pvt. Ltd.,50,572.0,28600.0,2025-08-17 11:28:19.211222
2025-08-17,76301,2025081704001856,SHPC,Sani Securities Company Ltd.,Vision Securities Pvt. Ltd,10,571.1,5711.0,2025-08-17 11:28:56.252067
2025-08-17,76300,2025081704001857,SHPC,Primo Securities (PVT) Ltd.,Vision Securities Pvt. Ltd,20,571.0,11420.0,2025-08-17 11:28:56.252358
2025-08-17,76299,2025081704001858,SHPC,Capital Max Securities Ltd,Vision Securities Pvt. Ltd,30,571.0,17130.0,2025-08-17 11:28:56.252451
2025-08-17,76298,2025081704001859,SHPC,Sundhara Securities Limited,Vision Securities Pvt. Ltd,10,571.0,5710.0,2025-08-17 11:28:56.252587
2025-08-17,76286,2025081704001860,SHPC,Sani Securities Company Ltd.,Vision Securities Pvt. Ltd,30,571.0,17130.0,2025-08-17 11:28:57.671057
2025-08-17,75385,2025081704001995,SHPC,Nepal Investment And Securities Trading Private Limited,Sanima Securities Limited,500,571.0,285500.0,2025-08-17 11:31:04.212883
2025-08-17,75326,2025081704002012,SHPC,Cristal Kanchanjanga Securites Pvt. Ltd.,Sanima Securities Limited,500,571.0,285500.0,2025-08-17 11:31:13.037498
2025-08-17,74944,2025081704002080,SHPC,Imperial Securities Company Pvt. Ltd.,Sumeru Securities Pvt. Ltd.,50,571.0,28550.0,2025-08-17 11:32:02.850369
2025-08-17,74864,2025081704002097,SHPC,Nepal Investment And Securities Trading Private Limited,Oxford Securities Pvt. Ltd.,500,570.6,285300.0,2025-08-17 11:32:21.902045
2025-08-17,74412,2025081704002182,SHPC,Stoxkarts Securities Limited,Oxford Securities Pvt. Ltd.,100,570.4,57040.0,2025-08-17 11:33:36.382664
2025-08-17,74411,2025081704002183,SHPC,Stoxkarts Securities Limited,Oxford Securities Pvt. Ltd.,100,570.3,57030.0,2025-08-17 11:33:36.382844
2025-08-17,74410,2025081704002184,SHPC,Stoxkarts Securities Limited,Oxford Securities Pvt. Ltd.,500,570.2,285100.0,2025-08-17 11:33:36.382910
2025-08-17,74409,2025081704002185,SHPC,Stoxkarts Securities Limited,Oxford Securities Pvt. Ltd.,300,570.1,171030.0,2025-08-17 11:33:36.382983
2025-08-17,74181,2025081704002233,SHPC,Bhrikuti Stock Broking Co. Pvt. Ltd.,Secured Securities Ltd.,50,570.5,28525.0,2025-08-17 11:34:15.122305
2025-08-17,74041,2025081704002258,SHPC,Deevyaa Securities & Stock House Pvt. Ltd,Nagarik Stock Dealer ,100,570.6,57060.0,2025-08-17 11:34:32.245067
2025-08-17,73328,2025081704002400,SHPC,Bhrikuti Stock Broking Co. Pvt. Ltd.,Primo Securities (PVT) Ltd.,450,570.5,256725.0,2025-08-17 11:36:17.324464
2025-08-17,73327,2025081704002401,SHPC,Cristal Kanchanjanga Securites Pvt. Ltd.,Primo Securities (PVT) Ltd.,50,570.4,28520.0,2025-08-17 11:36:17.324758
2025-08-17,72853,2025081704002497,SHPC,Cristal Kanchanjanga Securites Pvt. Ltd.,N.M.B. SECURITIES LIMITED,100,570.4,57040.0,2025-08-17 11:37:30.954283
2025-08-17,72852,2025081704002498,SHPC,Stoxkarts Securities Limited,N.M.B. SECURITIES LIMITED,200,570.1,114020.0,2025-08-17 11:37:30.954436
2025-08-17,72458,2025081704002580,SHPC,Prabhu Stock Market Limited,Sani Securities Company Ltd.,300,570.5,171150.0,2025-08-17 11:38:47.889229
2025-08-17,72457,2025081704002581,SHPC,Ashutosh Brokerage & Securities (PVT) Ltd.,Sani Securities Company Ltd.,40,570.0,22800.0,2025-08-17 11:38:47.889404
2025-08-17,72456,2025081704002582,SHPC,Creative Securities Pvt Ltd,Sani Securities Company Ltd.,10,570.0,5700.0,2025-08-17 11:38:47.889467
2025-08-17,72455,2025081704002583,SHPC,Naasa Securities Co. Ltd.,Sani Securities Company Ltd.,20,570.0,11400.0,2025-08-17 11:38:47.889526
2025-08-17,72454,2025081704002584,SHPC,Sundhara Securities Limited,Sani Securities Company Ltd.,87,569.0,49503.0,2025-08-17 11:38:47.889643
2025-08-17,72453,2025081704002585,SHPC,Infinity Securities Limited,Sani Securities Company Ltd.,5000,569.0,2845000.0,2025-08-17 11:38:47.889714
2025-08-17,72452,2025081704002586,SHPC,Sewa Securities Pvt. Ltd.,Sani Securities Company Ltd.,100,569.0,56900.0,2025-08-17 11:38:47.889770
2025-08-17,71966,2025081704002687,SHPC,Thrive Brokerage House Pvt. Ltd,Sani Securities Company Ltd.,98,568.6,55722.8,2025-08-17 11:39:56.775204
2025-08-17,71965,2025081704002688,SHPC,Aryatara Investment & Securities,Sani Securities Company Ltd.,100,568.5,56850.0,2025-08-17 11:39:56.775372
2025-08-17,71964,2025081704002689,SHPC,Aryatara Investment & Securities,Sani Securities Company Ltd.,100,568.2,56820.0,2025-08-17 11:39:56.775436
2025-08-17,71963,2025081704002690,SHPC,Sani Securities Company Ltd.,Sani Securities Company Ltd.,100,568.0,56800.0,2025-08-17 11:39:56.775500
2025-08-17,71962,2025081704002691,SHPC,K.B.L. Securities Limited ,Sani Securities Company Ltd.,1245,568.0,707160.0,2025-08-17 11:39:56.775554
2025-08-17,71695,2025081704002747,SHPC,K.B.L. Securities Limited ,Kumari Securities Private Limited,100,568.0,56800.0,2025-08-17 11:40:52.524152
2025-08-17,71526,2025081704002777,SHPC,Naasa Securities Co. Ltd.,Magnet Securities and Investment Company Private Limited,10,568.1,5681.0,2025-08-17 11:41:20.917958
2025-08-17,71455,2025081704002792,SHPC,K.B.L. Securities Limited ,Nepal Stock House (PVT) Ltd.,500,568.0,284000.0,2025-08-17 11:41:37.565679
2025-08-17,71274,2025081704002824,SHPC,K.B.L. Securities Limited ,Kumari Securities Private Limited,155,568.0,88040.0,2025-08-17 11:42:10.421716
2025-08-17,71273,2025081704002825,SHPC,Naasa Securities Co. Ltd.,Kumari Securities Private Limited,115,568.0,65320.0,2025-08-17 11:42:10.421984
2025-08-17,70789,2025081704002930,SHPC,Bhrikuti Stock Broking Co. Pvt. Ltd.,Kumari Securities Private Limited,700,567.3,397110.0,2025-08-17 11:43:45.531253
2025-08-17,70788,2025081704002931,SHPC,Agrawal Securities (PVT) Ltd.,Kumari Securities Private Limited,100,567.3,56730.0,2025-08-17 11:43:45.531447
2025-08-17,70563,2025081704002966,SHPC,Investment Management Nepal Pvt. Ltd.,Magnet Securities and Investment Company Private Limited,307,568.1,174406.7,2025-08-17 11:44:24.950859
2025-08-17,70203,2025081704003035,SHPC,Online Securities Pvt. Ltd.,Online Securities Pvt. Ltd.,800,566.5,453200.0,2025-08-17 11:45:35.804552
2025-08-17,70182,2025081704003044,SHPC,Sani Securities Company Ltd.,Magnet Securities and Investment Company Private Limited,15,568.1,8521.5,2025-08-17 11:45:43.659695
2025-08-17,70151,2025081704003047,SHPC,Dipshikha Dhitopatra Karobar Co. Pvt Ltd.,Magnet Securities and Investment Company Private Limited,100,568.1,56810.0,2025-08-17 11:45:51.890682
2025-08-17,69854,2025081704003084,SHPC,Online Securities Pvt. Ltd.,Online Securities Pvt. Ltd.,531,567.1,301130.1,2025-08-17 11:46:56.228768
2025-08-17,67658,2025081704003432,SHPC,Naasa Securities Co. Ltd.,Sweta Securities Private Limited,10,567.2,5672.0,2025-08-17 11:53:31.909039
2025-08-17,67657,2025081704003433,SHPC,Trishakti Securities Public Limited,Sweta Securities Private Limited,100,567.1,56710.0,2025-08-17 11:53:31.909252
2025-08-17,67656,2025081704003434,SHPC,Ashutosh Brokerage & Securities (PVT) Ltd.,Sweta Securities Private Limited,20,567.0,11340.0,2025-08-17 11:53:31.909339
2025-08-17,67655,2025081704003435,SHPC,Online Securities Pvt. Ltd.,Sweta Securities Private Limited,50,567.0,28350.0,2025-08-17 11:53:31.909403
2025-08-17,67654,2025081704003436,SHPC,Capital Max Securities Ltd,Sweta Securities Private Limited,330,567.0,187110.0,2025-08-17 11:53:31.909466
2025-08-17,66758,2025081704003593,SHPC,Linch Stock Market Ltd.,Miyo Securities Pvt Ltd,47,569.0,26743.0,2025-08-17 11:56:16.893561
2025-08-17,66757,2025081704003594,SHPC,Linch Stock Market Ltd.,Nagarik Stock Dealer ,53,570.0,30210.0,2025-08-17 11:56:16.893880
2025-08-17,66367,2025081704003675,SHPC,Trisul Securities & Invt. Ltd.,Nagarik Stock Dealer ,47,570.0,26790.0,2025-08-17 11:57:30.831114
2025-08-17,66366,2025081704003676,SHPC,Trisul Securities & Invt. Ltd.,Magnet Securities and Investment Company Private Limited,33,570.0,18810.0,2025-08-17 11:57:30.831457
2025-08-17,66135,2025081704003710,SHPC,Swarna Laxmi Securities Pvt. Ltd.,Magnet Securities and Investment Company Private Limited,35,570.0,19950.0,2025-08-17 11:58:11.932823
2025-08-17,65094,2025081704003852,SHPC,Asian Securities Private Ltd.,Dipshikha Dhitopatra Karobar Co. Pvt Ltd.,223,571.0,127333.0,2025-08-17 12:01:27.574547
2025-08-17,63278,2025081704004129,SHPC,Naasa Securities Co. Ltd.,Bhrikuti Stock Broking Co. Pvt. Ltd.,50,570.0,28500.0,2025-08-17 12:07:08.537550
2025-08-17,63083,2025081704004193,SHPC,Naasa Securities Co. Ltd.,Dipshikha Dhitopatra Karobar Co. Pvt Ltd.,45,569.1,25609.5,2025-08-17 12:07:44.651826
2025-08-17,63082,2025081704004194,SHPC,Sewa Securities Pvt. Ltd.,Dipshikha Dhitopatra Karobar Co. Pvt Ltd.,180,569.0,102420.0,2025-08-17 12:07:44.652062
2025-08-17,63081,2025081704004195,SHPC,Sri Hari Securities Pvt. Ltd.,Dipshikha Dhitopatra Karobar Co. Pvt Ltd.,52,569.0,29588.0,2025-08-17 12:07:44.652139
2025-08-17,62334,2025081704004307,SHPC,Oxford Securities Pvt. Ltd.,Siprabi Securities Pvt. Ltd.,40,569.5,22780.0,2025-08-17 12:09:59.364093
2025-08-17,62333,2025081704004308,SHPC,Sri Hari Securities Pvt. Ltd.,Siprabi Securities Pvt. Ltd.,44,569.0,25036.0,2025-08-17 12:09:59.364287
2025-08-17,62177,2025081704004340,SHPC,Agrawal Securities (PVT) Ltd.,Oxford Securities Pvt. Ltd.,300,568.0,170400.0,2025-08-17 12:10:23.791727
2025-08-17,62176,2025081704004341,SHPC,Sri Hari Securities Pvt. Ltd.,Oxford Securities Pvt. Ltd.,100,568.0,56800.0,2025-08-17 12:10:23.791951
2025-08-17,62175,2025081704004342,SHPC,Premier Securities Company Ltd.,Oxford Securities Pvt. Ltd.,300,567.2,170160.0,2025-08-17 12:10:23.792040
2025-08-17,62174,2025081704004343,SHPC,Cristal Kanchanjanga Securites Pvt. Ltd.,Oxford Securities Pvt. Ltd.,300,567.2,170160.0,2025-08-17 12:10:23.792123
2025-08-17,61210,2025081704004536,SHPC,Dipshikha Dhitopatra Karobar Co. Pvt Ltd.,Bhrikuti Stock Broking Co. Pvt. Ltd.,200,567.5,113500.0,2025-08-17 12:13:11.088120
2025-08-17,61209,2025081704004537,SHPC,Cristal Kanchanjanga Securites Pvt. Ltd.,Bhrikuti Stock Broking Co. Pvt. Ltd.,200,567.2,113440.0,2025-08-17 12:13:11.088285
2025-08-17,61208,2025081704004538,SHPC,Linch Stock Market Ltd.,Bhrikuti Stock Broking Co. Pvt. Ltd.,50,567.1,28355.0,2025-08-17 12:13:11.088372
2025-08-17,61081,2025081704004562,SHPC,Linch Stock Market Ltd.,Nabil Stock Dealer Ltd.,250,567.1,141775.0,2025-08-17 12:13:39.460992
2025-08-17,61080,2025081704004563,SHPC,Nagarik Stock Dealer ,Nabil Stock Dealer Ltd.,1000,567.1,567100.0,2025-08-17 12:13:39.461185
2025-08-17,61079,2025081704004564,SHPC,Bhrikuti Stock Broking Co. Pvt. Ltd.,Nabil Stock Dealer Ltd.,300,567.0,170100.0,2025-08-17 12:13:39.461258
2025-08-17,61078,2025081704004565,SHPC,Sumeru Securities Pvt. Ltd.,Nabil Stock Dealer Ltd.,300,567.0,170100.0,2025-08-17 12:13:39.461347
2025-08-17,61077,2025081704004566,SHPC,Naasa Securities Co. Ltd.,Nabil Stock Dealer Ltd.,31,567.0,17577.0,2025-08-17 12:13:39.461418
2025-08-17,61076,2025081704004567,SHPC,Midas Stock Broking Company Private Limited,Nabil Stock Dealer Ltd.,12,566.9,6802.8,2025-08-17 12:13:39.461489
2025-08-17,61075,2025081704004568,SHPC,Agrawal Securities (PVT) Ltd.,Nabil Stock Dealer Ltd.,20,566.8,11336.0,2025-08-17 12:13:39.461560
2025-08-17,61074,2025081704004569,SHPC,South Asian Bulls Pvt. Ltd.,Nabil Stock Dealer Ltd.,500,566.3,283150.0,2025-08-17 12:13:39.461632
2025-08-17,61073,2025081704004570,SHPC,Agrawal Securities (PVT) Ltd.,Nabil Stock Dealer Ltd.,300,566.3,169890.0,2025-08-17 12:13:39.461734
2025-08-17,61072,2025081704004571,SHPC,Trisul Securities & Invt. Ltd.,Nabil Stock Dealer Ltd.,500,566.2,283100.0,2025-08-17 12:13:39.461819
2025-08-17,61071,2025081704004572,SHPC,Infinity Securities Limited,Nabil Stock Dealer Ltd.,3787,566.0,2143442.0,2025-08-17 12:13:39.461889
2025-08-17,60888,2025081704004603,SHPC,Siprabi Securities Pvt. Ltd.,Trishakti Securities Public Limited,360,566.0,203760.0,2025-08-17 12:14:05.685132
2025-08-17,60887,2025081704004604,SHPC,Bhrikuti Stock Broking Co. Pvt. Ltd.,Trishakti Securities Public Limited,20,566.0,11320.0,2025-08-17 12:14:05.685321
2025-08-17,60115,2025081704004756,SHPC,Sanima Securities Limited,Sani Securities Company Ltd.,880,567.0,498960.0,2025-08-17 12:16:14.977094
2025-08-17,59564,2025081704004832,SHPC,Trisul Securities & Invt. Ltd.,Vision Securities Pvt. Ltd,200,568.0,113600.0,2025-08-17 12:18:00.356707
2025-08-17,59562,2025081704004833,SHPC,Sanima Securities Limited,Nepal Stock House (PVT) Ltd.,500,567.1,283550.0,2025-08-17 12:18:00.820543
2025-08-17,59543,2025081704004835,SHPC,Asian Securities Private Ltd.,Vision Securities Pvt. Ltd,100,568.0,56800.0,2025-08-17 12:18:03.109369
2025-08-17,59480,2025081704004843,SHPC,Sanima Securities Limited,Nepal Stock House (PVT) Ltd.,500,567.1,283550.0,2025-08-17 12:18:13.689872
2025-08-17,59461,2025081704004844,SHPC,Bhrikuti Stock Broking Co. Pvt. Ltd.,Miyo Securities Pvt Ltd,155,566.0,87730.0,2025-08-17 12:18:20.833501
2025-08-17,59000,2025081704004912,SHPC,Sanima Securities Limited,Dipshikha Dhitopatra Karobar Co. Pvt Ltd.,40,566.2,22648.0,2025-08-17 12:19:34.367023
2025-08-17,58602,2025081704004993,SHPC,Sanima Securities Limited,Miyo Securities Pvt Ltd,21,566.2,11890.2,2025-08-17 12:20:36.354023
2025-08-17,58402,2025081704005047,SHPC,Sanima Securities Limited,Vision Securities Pvt. Ltd,72,566.2,40766.4,2025-08-17 12:21:14.139393
2025-08-17,58130,2025081704005099,SHPC,Sanima Securities Limited,Opal Securities Investment (PVT) Ltd.,50,566.2,28310.0,2025-08-17 12:22:00.767086
2025-08-17,56636,2025081704005355,SHPC,Deevyaa Securities & Stock House Pvt. Ltd,Online Securities Pvt. Ltd.,50,566.3,28315.0,2025-08-17 12:26:07.324095
2025-08-17,55510,2025081704005561,SHPC,Kumari Securities Private Limited,Nepal Investment And Securities Trading Private Limited,200,566.5,113300.0,2025-08-17 12:30:08.708812
2025-08-17,55504,2025081704005564,SHPC,Kumari Securities Private Limited,Cristal Kanchanjanga Securites Pvt. Ltd.,300,566.5,169950.0,2025-08-17 12:30:09.230054
2025-08-17,55035,2025081704005673,SHPC,Online Securities Pvt. Ltd.,Online Securities Pvt. Ltd.,850,567.0,481950.0,2025-08-17 12:31:44.092943
2025-08-17,54784,2025081704005725,SHPC,Online Securities Pvt. Ltd.,Online Securities Pvt. Ltd.,850,567.0,481950.0,2025-08-17 12:32:34.426337
2025-08-17,54226,2025081704005812,SHPC,Online Securities Pvt. Ltd.,Online Securities Pvt. Ltd.,850,567.1,482035.0,2025-08-17 12:34:26.272368
2025-08-17,53993,2025081704005836,SHPC,Online Securities Pvt. Ltd.,Online Securities Pvt. Ltd.,716,567.4,406258.4,2025-08-17 12:35:22.709852
2025-08-17,53436,2025081704005968,SHPC,Online Securities Pvt. Ltd.,Online Securities Pvt. Ltd.,717,567.4,406825.8,2025-08-17 12:37:29.015272
2025-08-17,53381,2025081704005978,SHPC,Aryatara Investment & Securities,Online Securities Pvt. Ltd.,50,567.2,28360.0,2025-08-17 12:37:49.221563
2025-08-17,53354,2025081704005980,SHPC,Online Securities Pvt. Ltd.,Online Securities Pvt. Ltd.,850,567.4,482290.0,2025-08-17 12:37:58.324018
2025-08-17,53261,2025081704006023,SHPC,Deevyaa Securities & Stock House Pvt. Ltd,Cristal Kanchanjanga Securites Pvt. Ltd.,20,568.0,11360.0,2025-08-17 12:38:11.383942
2025-08-17,53226,2025081704006024,SHPC,Sanima Securities Limited,Cristal Kanchanjanga Securites Pvt. Ltd.,80,568.0,45440.0,2025-08-17 12:38:12.438426
2025-08-17,53225,2025081704006025,SHPC,Sanima Securities Limited,Trishakti Securities Public Limited,100,568.5,56850.0,2025-08-17 12:38:12.438674
2025-08-17,53224,2025081704006026,SHPC,Sanima Securities Limited,Dynamic Money Managers Securities Pvt. Ltd.,300,569.8,170940.0,2025-08-17 12:38:12.438758
2025-08-17,53223,2025081704006027,SHPC,Sanima Securities Limited,Neev Securities Pvt. Ltd.,337,569.9,192056.3,2025-08-17 12:38:12.438847
2025-08-17,53130,2025081704006047,SHPC,Online Securities Pvt. Ltd.,Sipla Securities Private Limited,500,567.4,283700.0,2025-08-17 12:38:30.784033
2025-08-17,53107,2025081704006049,SHPC,Online Securities Pvt. Ltd.,Online Securities Pvt. Ltd.,350,567.4,198590.0,2025-08-17 12:38:33.821340
2025-08-17,52851,2025081704006099,SHPC,Deevyaa Securities & Stock House Pvt. Ltd,Online Securities Pvt. Ltd.,20,567.3,11346.0,2025-08-17 12:39:27.270683
2025-08-17,52736,2025081704006118,SHPC,Deevyaa Securities & Stock House Pvt. Ltd,Online Securities Pvt. Ltd.,30,567.3,17019.0,2025-08-17 12:39:55.456292
2025-08-17,52735,2025081704006119,SHPC,Aryatara Investment & Securities,Online Securities Pvt. Ltd.,50,567.2,28360.0,2025-08-17 12:39:55.456559
2025-08-17,52734,2025081704006120,SHPC,Cristal Kanchanjanga Securites Pvt. Ltd.,Online Securities Pvt. Ltd.,40,567.2,22688.0,2025-08-17 12:39:55.456703
2025-08-17,52733,2025081704006121,SHPC,Himalayan Securities Limited,Online Securities Pvt. Ltd.,300,567.1,170130.0,2025-08-17 12:39:55.456817
2025-08-17,52520,2025081704006147,SHPC,Online Securities Pvt. Ltd.,Online Securities Pvt. Ltd.,850,567.0,481950.0,2025-08-17 12:40:39.772849
2025-08-17,52464,2025081704006166,SHPC,Opal Securities Investment (PVT) Ltd.,Sipla Securities Private Limited,500,567.0,283500.0,2025-08-17 12:40:59.333028
2025-08-17,52418,2025081704006173,SHPC,Kumari Securities Private Limited,Online Securities Pvt. Ltd.,80,566.5,45320.0,2025-08-17 12:41:10.051544
2025-08-17,51523,2025081704006386,SHPC,Kumari Securities Private Limited,Indira securities pvt. ltd,10,566.5,5665.0,2025-08-17 12:45:08.542900
2025-08-17,50938,2025081704006507,SHPC,Opal Securities Investment (PVT) Ltd.,Neev Securities Pvt. Ltd.,63,569.9,35903.7,2025-08-17 12:47:31.425277
2025-08-17,50937,2025081704006508,SHPC,Opal Securities Investment (PVT) Ltd.,Cristal Kanchanjanga Securites Pvt. Ltd.,100,569.9,56990.0,2025-08-17 12:47:31.425352
2025-08-17,50936,2025081704006509,SHPC,Opal Securities Investment (PVT) Ltd.,Agrawal Securities (PVT) Ltd.,100,570.0,57000.0,2025-08-17 12:47:31.425377
2025-08-17,50935,2025081704006510,SHPC,Opal Securities Investment (PVT) Ltd.,Cristal Kanchanjanga Securites Pvt. Ltd.,187,570.0,106590.0,2025-08-17 12:47:31.425402
2025-08-17,50564,2025081704006584,SHPC,Opal Securities Investment (PVT) Ltd.,Cristal Kanchanjanga Securites Pvt. Ltd.,313,570.0,178410.0,2025-08-17 12:48:50.850266
2025-08-17,50563,2025081704006585,SHPC,Opal Securities Investment (PVT) Ltd.,Sanima Securities Limited,137,570.0,78090.0,2025-08-17 12:48:50.850391
2025-08-17,50521,2025081704006596,SHPC,Asian Securities Private Ltd.,Sanima Securities Limited,50,570.0,28500.0,2025-08-17 12:49:02.421938
2025-08-17,50378,2025081704006627,SHPC,Asian Securities Private Ltd.,Sanima Securities Limited,20,570.0,11400.0,2025-08-17 12:49:40.868771
2025-08-17,49725,2025081704006768,SHPC,Naasa Securities Co. Ltd.,Dipshikha Dhitopatra Karobar Co. Pvt Ltd.,100,568.0,56800.0,2025-08-17 12:52:02.809488
2025-08-17,49724,2025081704006769,SHPC,Imperial Securities Company Pvt. Ltd.,Dipshikha Dhitopatra Karobar Co. Pvt Ltd.,50,567.0,28350.0,2025-08-17 12:52:02.809578
2025-08-17,49723,2025081704006770,SHPC,Online Securities Pvt. Ltd.,Dipshikha Dhitopatra Karobar Co. Pvt Ltd.,100,567.0,56700.0,2025-08-17 12:52:02.809606
2025-08-17,49722,2025081704006771,SHPC,Asian Securities Private Ltd.,Dipshikha Dhitopatra Karobar Co. Pvt Ltd.,30,566.7,17001.0,2025-08-17 12:52:02.809632
2025-08-17,49721,2025081704006772,SHPC,Imperial Securities Company Pvt. Ltd.,Dipshikha Dhitopatra Karobar Co. Pvt Ltd.,250,566.6,141650.0,2025-08-17 12:52:02.809656
2025-08-17,49720,2025081704006773,SHPC,Kumari Securities Private Limited,Dipshikha Dhitopatra Karobar Co. Pvt Ltd.,79,566.5,44753.5,2025-08-17 12:52:02.809706
2025-08-17,49719,2025081704006774,SHPC,Imperial Securities Company Pvt. Ltd.,Dipshikha Dhitopatra Karobar Co. Pvt Ltd.,50,566.5,28325.0,2025-08-17 12:52:02.809740
2025-08-17,49718,2025081704006775,SHPC,Swarna Laxmi Securities Pvt. Ltd.,Dipshikha Dhitopatra Karobar Co. Pvt Ltd.,25,566.5,14162.5,2025-08-17 12:52:02.809783
2025-08-17,49717,2025081704006776,SHPC,Opal Securities Investment (PVT) Ltd.,Dipshikha Dhitopatra Karobar Co. Pvt Ltd.,316,566.1,178887.6,2025-08-17 12:52:02.809811
2025-08-17,48170,2025081704007086,SHPC,Imperial Securities Company Pvt. Ltd.,Arun Securities (PVT) Ltd.,400,569.0,227600.0,2025-08-17 12:58:00.140434
2025-08-17,48126,2025081704007094,SHPC,Asian Securities Private Ltd.,Arun Securities (PVT) Ltd.,20,569.0,11380.0,2025-08-17 12:58:12.586570
2025-08-17,47587,2025081704007195,SHPC,Asian Securities Private Ltd.,Arun Securities (PVT) Ltd.,300,569.0,170700.0,2025-08-17 13:00:20.589343
2025-08-17,45713,2025081704007581,SHPC,Asian Securities Private Ltd.,Oxford Securities Pvt. Ltd.,100,568.9,56890.0,2025-08-17 13:05:42.289834
2025-08-17,45562,2025081704007625,SHPC,Midas Stock Broking Company Private Limited,Asian Securities Private Ltd.,15,568.0,8520.0,2025-08-17 13:06:12.439698
2025-08-17,44619,2025081704007846,SHPC,Midas Stock Broking Company Private Limited,Capital Max Securities Ltd,88,568.0,49984.0,2025-08-17 13:08:51.037464
2025-08-17,44428,2025081704007887,SHPC,Sundhara Securities Limited,Capital Max Securities Ltd,200,568.0,113600.0,2025-08-17 13:09:23.183496
2025-08-17,44152,2025081704007950,SHPC,Malla & Malla Stock Broking Company Pvt. Limited,Online Securities Pvt. Ltd.,50,566.2,28310.0,2025-08-17 13:10:08.251519
2025-08-17,44151,2025081704007951,SHPC,Opal Securities Investment (PVT) Ltd.,Online Securities Pvt. Ltd.,184,566.1,104162.4,2025-08-17 13:10:08.251756
2025-08-17,44150,2025081704007952,SHPC,Property Wiard Limited,Online Securities Pvt. Ltd.,100,566.1,56610.0,2025-08-17 13:10:08.251848
2025-08-17,44149,2025081704007953,SHPC,Sani Securities Company Ltd.,Online Securities Pvt. Ltd.,100,566.0,56600.0,2025-08-17 13:10:08.251940
2025-08-17,44148,2025081704007954,SHPC,Naasa Securities Co. Ltd.,Online Securities Pvt. Ltd.,150,566.0,84900.0,2025-08-17 13:10:08.252079
2025-08-17,44147,2025081704007955,SHPC,Midas Stock Broking Company Private Limited,Online Securities Pvt. Ltd.,216,566.0,122256.0,2025-08-17 13:10:08.252201
2025-08-17,44078,2025081704007969,SHPC,Midas Stock Broking Company Private Limited,Online Securities Pvt. Ltd.,700,566.0,396200.0,2025-08-17 13:10:22.409834
2025-08-17,44045,2025081704007974,SHPC,Midas Stock Broking Company Private Limited,Oxford Securities Pvt. Ltd.,84,566.0,47544.0,2025-08-17 13:10:29.575099
2025-08-17,43962,2025081704008006,SHPC,Sundhara Securities Limited,Trishakti Securities Public Limited,29,565.3,16393.7,2025-08-17 13:10:43.694254
2025-08-17,43961,2025081704008007,SHPC,Imperial Securities Company Pvt. Ltd.,Trishakti Securities Public Limited,450,565.3,254385.0,2025-08-17 13:10:43.694363
2025-08-17,43960,2025081704008008,SHPC,Premier Securities Company Ltd.,Trishakti Securities Public Limited,21,565.2,11869.2,2025-08-17 13:10:43.694400
2025-08-17,43902,2025081704008016,SHPC,Premier Securities Company Ltd.,Aryatara Investment & Securities,29,565.2,16390.8,2025-08-17 13:10:56.128452
2025-08-17,43901,2025081704008017,SHPC,Nagarik Stock Dealer ,Aryatara Investment & Securities,971,565.2,548809.2,2025-08-17 13:10:56.128681
2025-08-17,43881,2025081704008021,SHPC,Nagarik Stock Dealer ,Oxford Securities Pvt. Ltd.,29,565.2,16390.8,2025-08-17 13:11:00.701228
2025-08-17,43880,2025081704008022,SHPC,South Asian Bulls Pvt. Ltd.,Oxford Securities Pvt. Ltd.,76,565.1,42947.6,2025-08-17 13:11:00.701469
2025-08-17,43879,2025081704008023,SHPC,Bhrikuti Stock Broking Co. Pvt. Ltd.,Oxford Securities Pvt. Ltd.,10,565.1,5651.0,2025-08-17 13:11:00.701597
2025-08-17,43878,2025081704008024,SHPC,Miyo Securities Pvt Ltd,Oxford Securities Pvt. Ltd.,201,565.1,113585.1,2025-08-17 13:11:00.701680
2025-08-17,43776,2025081704008068,SHPC,Miyo Securities Pvt Ltd,Oxford Securities Pvt. Ltd.,200,565.1,113020.0,2025-08-17 13:11:15.777295
2025-08-17,43673,2025081704008103,SHPC,Miyo Securities Pvt Ltd,Imperial Securities Company Pvt. Ltd.,100,565.1,56510.0,2025-08-17 13:11:33.097812
2025-08-17,43518,2025081704008147,SHPC,SHUBHAKAMANA SECURITIES PVT. LTD,Dipshikha Dhitopatra Karobar Co. Pvt Ltd.,50,565.9,28295.0,2025-08-17 13:11:53.989357
2025-08-17,43517,2025081704008148,SHPC,SHUBHAKAMANA SECURITIES PVT. LTD,NIMB Stock Markets Limited,100,566.0,56600.0,2025-08-17 13:11:53.989771
2025-08-17,43516,2025081704008149,SHPC,SHUBHAKAMANA SECURITIES PVT. LTD,Vision Securities Pvt. Ltd,800,567.9,454320.0,2025-08-17 13:11:53.990044
2025-08-17,43515,2025081704008150,SHPC,SHUBHAKAMANA SECURITIES PVT. LTD,Capital Max Securities Ltd,50,568.0,28400.0,2025-08-17 13:11:53.990327
2025-08-17,43470,2025081704008164,SHPC,Bhrikuti Stock Broking Co. Pvt. Ltd.,Siprabi Securities Pvt. Ltd.,1,566.0,566.0,2025-08-17 13:12:01.251558
2025-08-17,43414,2025081704008184,SHPC,Miyo Securities Pvt Ltd,Nepal Investment And Securities Trading Private Limited,100,565.1,56510.0,2025-08-17 13:12:04.018265
2025-08-17,42842,2025081704008297,SHPC,Pragyan Securities (PVT) Ltd.,Capital Max Securities Ltd,662,568.0,376016.0,2025-08-17 13:13:14.863937
2025-08-17,42841,2025081704008298,SHPC,Pragyan Securities (PVT) Ltd.,Aryatara Investment & Securities,300,568.3,170490.0,2025-08-17 13:13:14.864404
2025-08-17,42840,2025081704008299,SHPC,Pragyan Securities (PVT) Ltd.,Aryatara Investment & Securities,38,568.7,21610.6,2025-08-17 13:13:14.864699
2025-08-17,41403,2025081704008597,SHPC,Dipshikha Dhitopatra Karobar Co. Pvt Ltd.,NIMB Stock Markets Limited,10,566.0,5660.0,2025-08-17 13:17:52.792277
2025-08-17,41402,2025081704008598,SHPC,SUN SECURITIES PVT LTD,NIMB Stock Markets Limited,50,566.0,28300.0,2025-08-17 13:17:52.792530
2025-08-17,41128,2025081704008638,SHPC,Sani Securities Company Ltd.,K.B.L. Securities Limited ,250,565.2,141300.0,2025-08-17 13:18:41.626225
2025-08-17,40556,2025081704008721,SHPC,Sani Securities Company Ltd.,Imperial Securities Company Pvt. Ltd.,105,565.2,59346.0,2025-08-17 13:20:23.153007
2025-08-17,40555,2025081704008722,SHPC,Miyo Securities Pvt Ltd,Imperial Securities Company Pvt. Ltd.,895,565.1,505764.5,2025-08-17 13:20:23.153299
2025-08-17,39156,2025081704009016,SHPC,Miyo Securities Pvt Ltd,Nepal Stock House (PVT) Ltd.,500,565.1,282550.0,2025-08-17 13:24:30.443975
2025-08-17,38870,2025081704009066,SHPC,Miyo Securities Pvt Ltd,Online Securities Pvt. Ltd.,500,565.1,282550.0,2025-08-17 13:25:25.281921
2025-08-17,38835,2025081704009070,SHPC,Miyo Securities Pvt Ltd,Linch Stock Market Ltd.,500,565.1,282550.0,2025-08-17 13:25:32.926338
2025-08-17,38316,2025081704009193,SHPC,Midas Stock Broking Company Private Limited,Miyo Securities Pvt Ltd,22,566.9,12471.8,2025-08-17 13:27:13.149107
2025-08-17,38112,2025081704009224,SHPC,Trishakti Securities Public Limited,ABC Securities Private Limited,250,566.0,141500.0,2025-08-17 13:27:47.423361
2025-08-17,38002,2025081704009251,SHPC,Trishakti Securities Public Limited,Sumeru Securities Pvt. Ltd.,20,566.0,11320.0,2025-08-17 13:28:12.345810
2025-08-17,37789,2025081704009320,SHPC,Trishakti Securities Public Limited,Miyo Securities Pvt Ltd,40,566.0,22640.0,2025-08-17 13:28:56.921232
2025-08-17,37281,2025081704009455,SHPC,Primo Securities (PVT) Ltd.,Miyo Securities Pvt Ltd,20,565.5,11310.0,2025-08-17 13:30:47.596480
2025-08-17,37280,2025081704009456,SHPC,Imperial Securities Company Pvt. Ltd.,Miyo Securities Pvt Ltd,30,565.1,16953.0,2025-08-17 13:30:47.596950
2025-08-17,37102,2025081704009498,SHPC,Trishakti Securities Public Limited,Imperial Securities Company Pvt. Ltd.,690,567.0,391230.0,2025-08-17 13:31:27.970145
2025-08-17,36220,2025081704009703,SHPC,Imperial Securities Company Pvt. Ltd.,Imperial Securities Company Pvt. Ltd.,20,565.1,11302.0,2025-08-17 13:34:17.709410
2025-08-17,36219,2025081704009704,SHPC,Sumeru Securities Pvt. Ltd.,Imperial Securities Company Pvt. Ltd.,90,565.1,50859.0,2025-08-17 13:34:17.709705
2025-08-17,36218,2025081704009705,SHPC,Aryatara Investment & Securities,Imperial Securities Company Pvt. Ltd.,60,565.1,33906.0,2025-08-17 13:34:17.709801
2025-08-17,36217,2025081704009706,SHPC,Miyo Securities Pvt Ltd,Imperial Securities Company Pvt. Ltd.,842,565.1,475814.2,2025-08-17 13:34:17.709948
2025-08-17,35394,2025081704009862,SHPC,Miyo Securities Pvt Ltd,Sumeru Securities Pvt. Ltd.,55,565.1,31080.5,2025-08-17 13:37:00.738959
2025-08-17,34508,2025081704010072,SHPC,Miyo Securities Pvt Ltd,Sewa Securities Pvt. Ltd.,103,565.1,58205.3,2025-08-17 13:39:58.738299
2025-08-17,34507,2025081704010073,SHPC,Bhrikuti Stock Broking Co. Pvt. Ltd.,Sewa Securities Pvt. Ltd.,20,565.1,11302.0,2025-08-17 13:39:58.738774
2025-08-17,34506,2025081704010074,SHPC,Aryatara Investment & Securities,Sewa Securities Pvt. Ltd.,50,565.0,28250.0,2025-08-17 13:39:58.739058
2025-08-17,34505,2025081704010075,SHPC,Agrawal Securities (PVT) Ltd.,Sewa Securities Pvt. Ltd.,500,565.0,282500.0,2025-08-17 13:39:58.739338
2025-08-17,34504,2025081704010076,SHPC,Kohinoor Investment & Securities Pvt. Ltd.,Sewa Securities Pvt. Ltd.,180,565.0,101700.0,2025-08-17 13:39:58.739615
2025-08-17,34503,2025081704010077,SHPC,Agrawal Securities (PVT) Ltd.,Sewa Securities Pvt. Ltd.,75,565.0,42375.0,2025-08-17 13:39:58.739877
2025-08-17,34502,2025081704010078,SHPC,Sani Securities Company Ltd.,Sewa Securities Pvt. Ltd.,300,565.0,169500.0,2025-08-17 13:39:58.740138
2025-08-17,34501,2025081704010079,SHPC,Online Securities Pvt. Ltd.,Sewa Securities Pvt. Ltd.,30,565.0,16950.0,2025-08-17 13:39:58.740435
2025-08-17,34500,2025081704010080,SHPC,Cristal Kanchanjanga Securites Pvt. Ltd.,Sewa Securities Pvt. Ltd.,10,565.0,5650.0,2025-08-17 13:39:58.740706
2025-08-17,34499,2025081704010081,SHPC,Midas Stock Broking Company Private Limited,Sewa Securities Pvt. Ltd.,50,565.0,28250.0,2025-08-17 13:39:58.740978
2025-08-17,34498,2025081704010082,SHPC,Swarna Laxmi Securities Pvt. Ltd.,Sewa Securities Pvt. Ltd.,500,565.0,282500.0,2025-08-17 13:39:58.741251
2025-08-17,34497,2025081704010083,SHPC,Linch Stock Market Ltd.,Sewa Securities Pvt. Ltd.,24,565.0,13560.0,2025-08-17 13:39:58.741535
2025-08-17,34496,2025081704010084,SHPC,Miyo Securities Pvt Ltd,Sewa Securities Pvt. Ltd.,2000,565.0,1130000.0,2025-08-17 13:39:58.741805
2025-08-17,34495,2025081704010085,SHPC,Malla & Malla Stock Broking Company Pvt. Limited,Sewa Securities Pvt. Ltd.,100,565.0,56500.0,2025-08-17 13:39:58.742073
2025-08-17,34494,2025081704010086,SHPC,Midas Stock Broking Company Private Limited,Sewa Securities Pvt. Ltd.,50,565.0,28250.0,2025-08-17 13:39:58.742352
2025-08-17,34493,2025081704010087,SHPC,Imperial Securities Company Pvt. Ltd.,Sewa Securities Pvt. Ltd.,50,565.0,28250.0,2025-08-17 13:39:58.742639
2025-08-17,34290,2025081704010129,SHPC,Online Securities Pvt. Ltd.,Miyo Securities Pvt Ltd,50,564.0,28200.0,2025-08-17 13:40:47.208029
2025-08-17,33994,2025081704010223,SHPC,Dakshinkali Investment & Securities Pvt. Ltd.,Bhrikuti Stock Broking Co. Pvt. Ltd.,61,564.0,34404.0,2025-08-17 13:41:56.247677
2025-08-17,33851,2025081704010272,SHPC,Naasa Securities Co. Ltd.,Miyo Securities Pvt Ltd,30,564.2,16926.0,2025-08-17 13:42:24.618171
2025-08-17,33850,2025081704010273,SHPC,Dakshinkali Investment & Securities Pvt. Ltd.,Miyo Securities Pvt Ltd,20,564.0,11280.0,2025-08-17 13:42:24.618648
2025-08-17,33533,2025081704010317,SHPC,Dakshinkali Investment & Securities Pvt. Ltd.,Miyo Securities Pvt Ltd,19,564.0,10716.0,2025-08-17 13:43:28.885564
2025-08-17,33532,2025081704010318,SHPC,Online Securities Pvt. Ltd.,Miyo Securities Pvt Ltd,31,564.0,17484.0,2025-08-17 13:43:28.885801
2025-08-17,33329,2025081704010353,SHPC,Online Securities Pvt. Ltd.,Miyo Securities Pvt Ltd,40,564.0,22560.0,2025-08-17 13:44:14.111294
2025-08-17,33215,2025081704010365,SHPC,Online Securities Pvt. Ltd.,Nagarik Stock Dealer ,39,564.0,21996.0,2025-08-17 13:44:40.948478
2025-08-17,33214,2025081704010366,SHPC,J.F. Securites (PVT) Ltd.,Nagarik Stock Dealer ,11,564.0,6204.0,2025-08-17 13:44:40.948737
2025-08-17,31976,2025081704010649,SHPC,J.F. Securites (PVT) Ltd.,Miyo Securities Pvt Ltd,25,564.0,14100.0,2025-08-17 13:49:14.332464
2025-08-17,31599,2025081704010696,SHPC,J.F. Securites (PVT) Ltd.,Asian Securities Private Ltd.,50,564.0,28200.0,2025-08-17 13:50:14.990755
2025-08-17,31307,2025081704010757,SHPC,J.F. Securites (PVT) Ltd.,Naasa Securities Co. Ltd.,14,564.0,7896.0,2025-08-17 13:51:31.320701
2025-08-17,31306,2025081704010758,SHPC,Investment Management Nepal Pvt. Ltd.,Naasa Securities Co. Ltd.,150,564.0,84600.0,2025-08-17 13:51:31.321149
2025-08-17,31186,2025081704010766,SHPC,Investment Management Nepal Pvt. Ltd.,Neev Securities Pvt. Ltd.,150,564.0,84600.0,2025-08-17 13:51:53.413070
2025-08-17,31185,2025081704010767,SHPC,Arun Securities (PVT) Ltd.,Neev Securities Pvt. Ltd.,140,564.0,78960.0,2025-08-17 13:51:53.413526
2025-08-17,31184,2025081704010768,SHPC,Vision Securities Pvt. Ltd,Neev Securities Pvt. Ltd.,40,564.0,22560.0,2025-08-17 13:51:53.413800
2025-08-17,31028,2025081704010802,SHPC,Opal Securities Investment (PVT) Ltd.,Trishakti Securities Public Limited,240,565.0,135600.0,2025-08-17 13:52:27.654465
2025-08-17,31027,2025081704010803,SHPC,Opal Securities Investment (PVT) Ltd.,Midas Stock Broking Company Private Limited,55,565.0,31075.0,2025-08-17 13:52:27.654924
2025-08-17,30883,2025081704010844,SHPC,Vision Securities Pvt. Ltd,Sumeru Securities Pvt. Ltd.,20,564.0,11280.0,2025-08-17 13:53:00.566362
2025-08-17,30496,2025081704010947,SHPC,Vision Securities Pvt. Ltd,Deevyaa Securities & Stock House Pvt. Ltd,180,564.0,101520.0,2025-08-17 13:54:23.913514
2025-08-17,30495,2025081704010948,SHPC,South Asian Bulls Pvt. Ltd.,Deevyaa Securities & Stock House Pvt. Ltd,100,563.1,56310.0,2025-08-17 13:54:23.913626
2025-08-17,30494,2025081704010949,SHPC,Agrawal Securities (PVT) Ltd.,Deevyaa Securities & Stock House Pvt. Ltd,50,563.1,28155.0,2025-08-17 13:54:23.913656
2025-08-17,30493,2025081704010950,SHPC,South Asian Bulls Pvt. Ltd.,Deevyaa Securities & Stock House Pvt. Ltd,100,563.1,56310.0,2025-08-17 13:54:23.913688
2025-08-17,30492,2025081704010951,SHPC,Cristal Kanchanjanga Securites Pvt. Ltd.,Deevyaa Securities & Stock House Pvt. Ltd,500,563.1,281550.0,2025-08-17 13:54:23.913713
2025-08-17,30491,2025081704010952,SHPC,Sewa Securities Pvt. Ltd.,Deevyaa Securities & Stock House Pvt. Ltd,100,563.1,56310.0,2025-08-17 13:54:23.913738
2025-08-17,30490,2025081704010953,SHPC,Nepal Investment And Securities Trading Private Limited,Deevyaa Securities & Stock House Pvt. Ltd,115,563.0,64745.0,2025-08-17 13:54:23.913764
2025-08-17,30489,2025081704010954,SHPC,Dipshikha Dhitopatra Karobar Co. Pvt Ltd.,Deevyaa Securities & Stock House Pvt. Ltd,500,563.0,281500.0,2025-08-17 13:54:23.913807
2025-08-17,30488,2025081704010955,SHPC,Vision Securities Pvt. Ltd,Deevyaa Securities & Stock House Pvt. Ltd,1355,563.0,762865.0,2025-08-17 13:54:23.913833
2025-08-17,30078,2025081704011037,SHPC,Nepal Stock House (PVT) Ltd.,Kumari Securities Private Limited,207,563.1,116561.7,2025-08-17 13:55:28.149358
2025-08-17,30077,2025081704011038,SHPC,Vision Securities Pvt. Ltd,Kumari Securities Private Limited,645,563.0,363135.0,2025-08-17 13:55:28.149610
2025-08-17,30076,2025081704011039,SHPC,Bhrikuti Stock Broking Co. Pvt. Ltd.,Kumari Securities Private Limited,300,563.0,168900.0,2025-08-17 13:55:28.149706
2025-08-17,30075,2025081704011040,SHPC,Agrawal Securities (PVT) Ltd.,Kumari Securities Private Limited,20,563.0,11260.0,2025-08-17 13:55:28.149799
2025-08-17,30074,2025081704011041,SHPC,Naasa Securities Co. Ltd.,Kumari Securities Private Limited,217,563.0,122171.0,2025-08-17 13:55:28.149894
2025-08-17,30073,2025081704011042,SHPC,Malla & Malla Stock Broking Company Pvt. Limited,Kumari Securities Private Limited,100,563.0,56300.0,2025-08-17 13:55:28.149985
2025-08-17,30072,2025081704011043,SHPC,Secured Securities Ltd.,Kumari Securities Private Limited,50,563.0,28150.0,2025-08-17 13:55:28.150088
2025-08-17,30071,2025081704011044,SHPC,Sri Hari Securities Pvt. Ltd.,Kumari Securities Private Limited,200,563.0,112600.0,2025-08-17 13:55:28.150179
2025-08-17,30070,2025081704011045,SHPC,Capital Hub P. Ltd,Kumari Securities Private Limited,61,563.0,34343.0,2025-08-17 13:55:28.150283
2025-08-17,29083,2025081704011292,SHPC,South Asian Bulls Pvt. Ltd.,Roadshow securities limited,35,564.0,19740.0,2025-08-17 13:58:52.020789
2025-08-17,28825,2025081704011323,SHPC,Naasa Securities Co. Ltd.,Dynamic Money Managers Securities Pvt. Ltd.,10,564.0,5640.0,2025-08-17 13:59:39.784176
2025-08-17,28582,2025081704011365,SHPC,Vision Securities Pvt. Ltd,Dynamic Money Managers Securities Pvt. Ltd.,11,564.0,6204.0,2025-08-17 14:00:48.139942
2025-08-17,28545,2025081704011376,SHPC,South Asian Bulls Pvt. Ltd.,Naasa Securities Co. Ltd.,20,566.0,11320.0,2025-08-17 14:01:06.123755
2025-08-17,26752,2025081704011719,SHPC,Primo Securities (PVT) Ltd.,Sumeru Securities Pvt. Ltd.,25,566.0,14150.0,2025-08-17 14:07:17.607839
2025-08-17,26751,2025081704011720,SHPC,Primo Securities (PVT) Ltd.,Dynamic Money Managers Securities Pvt. Ltd.,10,566.0,5660.0,2025-08-17 14:07:17.608108
2025-08-17,26750,2025081704011721,SHPC,Primo Securities (PVT) Ltd.,Sumeru Securities Pvt. Ltd.,20,566.0,11320.0,2025-08-17 14:07:17.608210
2025-08-17,26749,2025081704011722,SHPC,Primo Securities (PVT) Ltd.,Secured Securities Ltd.,70,566.0,39620.0,2025-08-17 14:07:17.608325
2025-08-17,26748,2025081704011723,SHPC,Primo Securities (PVT) Ltd.,Sumeru Securities Pvt. Ltd.,20,566.0,11320.0,2025-08-17 14:07:17.608423
2025-08-17,26747,2025081704011724,SHPC,Primo Securities (PVT) Ltd.,Miyo Securities Pvt Ltd,20,566.0,11320.0,2025-08-17 14:07:17.608634
2025-08-17,26746,2025081704011725,SHPC,Primo Securities (PVT) Ltd.,Sumeru Securities Pvt. Ltd.,20,566.0,11320.0,2025-08-17 14:07:17.608735
2025-08-17,26247,2025081704011809,SHPC,Primo Securities (PVT) Ltd.,Kohinoor Investment & Securities Pvt. Ltd.,195,566.5,110467.5,2025-08-17 14:08:42.984533
2025-08-17,26246,2025081704011810,SHPC,Primo Securities (PVT) Ltd.,Sumeru Securities Pvt. Ltd.,20,566.8,11336.0,2025-08-17 14:08:42.985058
2025-08-17,26245,2025081704011811,SHPC,Primo Securities (PVT) Ltd.,Premier Securities Company Ltd.,500,566.8,283400.0,2025-08-17 14:08:42.985367
2025-08-17,26244,2025081704011812,SHPC,Primo Securities (PVT) Ltd.,Miyo Securities Pvt Ltd,30,566.9,17007.0,2025-08-17 14:08:42.985698
2025-08-17,26243,2025081704011813,SHPC,Primo Securities (PVT) Ltd.,Miyo Securities Pvt Ltd,30,566.9,17007.0,2025-08-17 14:08:42.986013
2025-08-17,26242,2025081704011814,SHPC,Primo Securities (PVT) Ltd.,Sani Securities Company Ltd.,1225,566.9,694452.5,2025-08-17 14:08:42.986344
2025-08-17,26149,2025081704011831,SHPC,Nagarik Stock Dealer ,Sumeru Securities Pvt. Ltd.,60,566.0,33960.0,2025-08-17 14:08:59.444897
2025-08-17,25638,2025081704011908,SHPC,Vision Securities Pvt. Ltd,Sani Securities Company Ltd.,275,566.9,155897.5,2025-08-17 14:10:53.183482
2025-08-17,25637,2025081704011909,SHPC,Vision Securities Pvt. Ltd,Sewa Securities Pvt. Ltd.,136,567.0,77112.0,2025-08-17 14:10:53.183743
2025-08-17,25407,2025081704011949,SHPC,Arun Securities (PVT) Ltd.,Sumeru Securities Pvt. Ltd.,30,567.9,17037.0,2025-08-17 14:11:33.066604
2025-08-17,25406,2025081704011950,SHPC,Arun Securities (PVT) Ltd.,Naasa Securities Co. Ltd.,70,568.0,39760.0,2025-08-17 14:11:33.066867
2025-08-17,25345,2025081704011964,SHPC,Vision Securities Pvt. Ltd,Sumeru Securities Pvt. Ltd.,20,567.0,11340.0,2025-08-17 14:11:39.198955
2025-08-17,24962,2025081704012065,SHPC,Sani Securities Company Ltd.,Arun Securities (PVT) Ltd.,280,567.6,158928.0,2025-08-17 14:12:56.607194
2025-08-17,24899,2025081704012084,SHPC,Sani Securities Company Ltd.,Premier Securities Company Ltd.,220,567.6,124872.0,2025-08-17 14:13:08.644835
2025-08-17,24611,2025081704012126,SHPC,Vision Securities Pvt. Ltd,Naasa Securities Co. Ltd.,210,568.0,119280.0,2025-08-17 14:14:08.374136
2025-08-17,24058,2025081704012260,SHPC,Aryatara Investment & Securities,Secured Securities Ltd.,10,567.5,5675.0,2025-08-17 14:15:30.101296
2025-08-17,24057,2025081704012261,SHPC,Vision Securities Pvt. Ltd,Secured Securities Ltd.,119,567.0,67473.0,2025-08-17 14:15:30.101574
2025-08-17,24024,2025081704012264,SHPC,Vision Securities Pvt. Ltd,Secured Securities Ltd.,10,567.0,5670.0,2025-08-17 14:15:35.491705
2025-08-17,23563,2025081704012373,SHPC,SHUBHAKAMANA SECURITIES PVT. LTD,Premier Securities Company Ltd.,100,566.0,56600.0,2025-08-17 14:16:41.953731
2025-08-17,23369,2025081704012433,SHPC,Blue Chip Securities Ltd,Vision Securities Pvt. Ltd,1000,564.0,564000.0,2025-08-17 14:17:01.522147
2025-08-17,23368,2025081704012434,SHPC,Neev Securities Pvt. Ltd.,Vision Securities Pvt. Ltd,200,563.5,112700.0,2025-08-17 14:17:01.522403
2025-08-17,23367,2025081704012435,SHPC,Cristal Kanchanjanga Securites Pvt. Ltd.,Vision Securities Pvt. Ltd,100,563.4,56340.0,2025-08-17 14:17:01.522537
2025-08-17,23366,2025081704012436,SHPC,Trishakti Securities Public Limited,Vision Securities Pvt. Ltd,25,563.1,14077.5,2025-08-17 14:17:01.522639
2025-08-17,23365,2025081704012437,SHPC,Agrawal Securities (PVT) Ltd.,Vision Securities Pvt. Ltd,200,563.1,112620.0,2025-08-17 14:17:01.522738
2025-08-17,23364,2025081704012438,SHPC,Capital Hub P. Ltd,Vision Securities Pvt. Ltd,39,563.0,21957.0,2025-08-17 14:17:01.522834
2025-08-17,23363,2025081704012439,SHPC,Sani Securities Company Ltd.,Vision Securities Pvt. Ltd,100,563.0,56300.0,2025-08-17 14:17:01.522930
2025-08-17,23362,2025081704012440,SHPC,Capital Hub P. Ltd,Vision Securities Pvt. Ltd,150,563.0,84450.0,2025-08-17 14:17:01.523024
2025-08-17,23361,2025081704012441,SHPC,SUN SECURITIES PVT LTD,Vision Securities Pvt. Ltd,20,563.0,11260.0,2025-08-17 14:17:01.523143
2025-08-17,23360,2025081704012442,SHPC,Primo Securities (PVT) Ltd.,Vision Securities Pvt. Ltd,115,563.0,64745.0,2025-08-17 14:17:01.523237
2025-08-17,23265,2025081704012458,SHPC,Sumeru Securities Pvt. Ltd.,Vision Securities Pvt. Ltd,100,562.9,56290.0,2025-08-17 14:17:19.713119
2025-08-17,23264,2025081704012459,SHPC,Miyo Securities Pvt Ltd,Vision Securities Pvt. Ltd,1000,562.8,562800.0,2025-08-17 14:17:19.713626
2025-08-17,23263,2025081704012460,SHPC,Imperial Securities Company Pvt. Ltd.,Vision Securities Pvt. Ltd,30,562.7,16881.0,2025-08-17 14:17:19.713943
2025-08-17,23262,2025081704012461,SHPC,Opal Securities Investment (PVT) Ltd.,Vision Securities Pvt. Ltd,230,562.6,129398.0,2025-08-17 14:17:19.714292
2025-08-17,23261,2025081704012462,SHPC,ABC Securities Private Limited,Vision Securities Pvt. Ltd,200,562.4,112480.0,2025-08-17 14:17:19.714681
2025-08-17,23260,2025081704012463,SHPC,Vision Securities Pvt. Ltd,Vision Securities Pvt. Ltd,55,562.1,30915.5,2025-08-17 14:17:19.714975
2025-08-17,23259,2025081704012464,SHPC,Himalayan Brokerage Company Limited,Vision Securities Pvt. Ltd,150,562.0,84300.0,2025-08-17 14:17:19.715310
2025-08-17,23258,2025081704012465,SHPC,Siprabi Securities Pvt. Ltd.,Vision Securities Pvt. Ltd,100,562.0,56200.0,2025-08-17 14:17:19.715634
2025-08-17,23257,2025081704012466,SHPC,Sani Securities Company Ltd.,Vision Securities Pvt. Ltd,200,562.0,112400.0,2025-08-17 14:17:19.715940
2025-08-17,23256,2025081704012467,SHPC,Nepal Stock House (PVT) Ltd.,Vision Securities Pvt. Ltd,100,562.0,56200.0,2025-08-17 14:17:19.716232
2025-08-17,23255,2025081704012468,SHPC,Nepal Investment And Securities Trading Private Limited,Vision Securities Pvt. Ltd,500,562.0,281000.0,2025-08-17 14:17:19.716570
2025-08-17,23254,2025081704012469,SHPC,Kohinoor Investment & Securities Pvt. Ltd.,Vision Securities Pvt. Ltd,50,562.0,28100.0,2025-08-17 14:17:19.716867
2025-08-17,23253,2025081704012470,SHPC,Sani Securities Company Ltd.,Vision Securities Pvt. Ltd,100,562.0,56200.0,2025-08-17 14:17:19.717221
2025-08-17,23252,2025081704012471,SHPC,Naasa Securities Co. Ltd.,Vision Securities Pvt. Ltd,20,562.0,11240.0,2025-08-17 14:17:19.717548
2025-08-17,23251,2025081704012472,SHPC,Imperial Securities Company Pvt. Ltd.,Vision Securities Pvt. Ltd,668,562.0,375416.0,2025-08-17 14:17:19.717842
2025-08-17,23250,2025081704012473,SHPC,Nepal Stock House (PVT) Ltd.,Vision Securities Pvt. Ltd,102,562.0,57324.0,2025-08-17 14:17:19.718181
2025-08-17,23249,2025081704012474,SHPC,Imperial Securities Company Pvt. Ltd.,Vision Securities Pvt. Ltd,50,562.0,28100.0,2025-08-17 14:17:19.718493
2025-08-17,23248,2025081704012475,SHPC,Sumeru Securities Pvt. Ltd.,Vision Securities Pvt. Ltd,100,562.0,56200.0,2025-08-17 14:17:19.718784
2025-08-17,22829,2025081704012579,SHPC,Aryatara Investment & Securities,Vision Securities Pvt. Ltd,94,562.0,52828.0,2025-08-17 14:18:12.842738
2025-08-17,22657,2025081704012640,SHPC,Aryatara Investment & Securities,Premier Securities Company Ltd.,50,561.4,28070.0,2025-08-17 14:18:41.907057
2025-08-17,20240,2025081704013294,SHPC,Sri Hari Securities Pvt. Ltd.,Investment Management Nepal Pvt. Ltd.,20,563.0,11260.0,2025-08-17 14:24:44.682914
2025-08-17,19257,2025081704013476,SHPC,Sri Hari Securities Pvt. Ltd.,Secured Securities Ltd.,68,564.0,38352.0,2025-08-17 14:27:30.302380
2025-08-17,19038,2025081704013505,SHPC,Sumeru Securities Pvt. Ltd.,Secured Securities Ltd.,200,564.0,112800.0,2025-08-17 14:28:05.732534
2025-08-17,18772,2025081704013586,SHPC,Imperial Securities Company Pvt. Ltd.,Secured Securities Ltd.,100,564.0,56400.0,2025-08-17 14:29:00.759545
2025-08-17,18507,2025081704013655,SHPC,Sani Securities Company Ltd.,Secured Securities Ltd.,12,564.0,6768.0,2025-08-17 14:29:44.561172
2025-08-17,17002,2025081704013968,SHPC,Miyo Securities Pvt Ltd,Property Wiard Limited,507,562.2,285035.4,2025-08-17 14:34:26.951673
2025-08-17,16745,2025081704014044,SHPC,Sani Securities Company Ltd.,Naasa Securities Co. Ltd.,200,562.3,112460.0,2025-08-17 14:35:07.578309
2025-08-17,16367,2025081704014123,SHPC,Sani Securities Company Ltd.,Vision Securities Pvt. Ltd,100,563.0,56300.0,2025-08-17 14:36:16.108617
2025-08-17,16366,2025081704014124,SHPC,Sani Securities Company Ltd.,Himalayan Brokerage Company Limited,20,563.0,11260.0,2025-08-17 14:36:16.108852
2025-08-17,16365,2025081704014125,SHPC,Sani Securities Company Ltd.,Secured Securities Ltd.,50,563.0,28150.0,2025-08-17 14:36:16.108970
2025-08-17,16364,2025081704014126,SHPC,Sani Securities Company Ltd.,Secured Securities Ltd.,10,564.0,5640.0,2025-08-17 14:36:16.109075
2025-08-17,15249,2025081704014390,SHPC,Malla & Malla Stock Broking Company Pvt. Limited,Secured Securities Ltd.,90,562.5,50625.0,2025-08-17 14:38:51.330938
2025-08-17,15248,2025081704014391,SHPC,Sani Securities Company Ltd.,Secured Securities Ltd.,800,562.3,449840.0,2025-08-17 14:38:51.331443
2025-08-17,15247,2025081704014392,SHPC,Miyo Securities Pvt Ltd,Secured Securities Ltd.,493,562.2,277164.6,2025-08-17 14:38:51.331813
2025-08-17,15246,2025081704014393,SHPC,Imperial Securities Company Pvt. Ltd.,Secured Securities Ltd.,205,562.0,115210.0,2025-08-17 14:38:51.332227
2025-08-17,15245,2025081704014394,SHPC,Opal Securities Investment (PVT) Ltd.,Secured Securities Ltd.,983,562.0,552446.0,2025-08-17 14:38:51.332599
2025-08-17,14156,2025081704014721,SHPC,Sani Securities Company Ltd.,Nepal Investment And Securities Trading Private Limited,500,561.6,280800.0,2025-08-17 14:40:57.990064
2025-08-17,13954,2025081704014786,SHPC,Sani Securities Company Ltd.,Sewa Securities Pvt. Ltd.,200,561.6,112320.0,2025-08-17 14:41:23.576010
2025-08-17,13660,2025081704014873,SHPC,Sani Securities Company Ltd.,Naasa Securities Co. Ltd.,200,561.6,112320.0,2025-08-17 14:41:56.562383
2025-08-17,13326,2025081704014974,SHPC,Trishakti Securities Public Limited,Secured Securities Ltd.,100,561.7,56170.0,2025-08-17 14:42:34.363538
2025-08-17,12924,2025081704015084,SHPC,Midas Stock Broking Company Private Limited,Secured Securities Ltd.,45,561.7,25276.5,2025-08-17 14:43:16.085191
2025-08-17,12305,2025081704015284,SHPC,Cristal Kanchanjanga Securites Pvt. Ltd.,Trisul Securities & Invt. Ltd.,10,562.0,5620.0,2025-08-17 14:44:20.616548
2025-08-17,12304,2025081704015285,SHPC,Sani Securities Company Ltd.,Trisul Securities & Invt. Ltd.,40,561.6,22464.0,2025-08-17 14:44:20.616621
2025-08-17,11799,2025081704015381,SHPC,Sani Securities Company Ltd.,Agrawal Securities (PVT) Ltd.,60,561.6,33696.0,2025-08-17 14:45:05.001836
2025-08-17,11798,2025081704015382,SHPC,Sumeru Securities Pvt. Ltd.,Agrawal Securities (PVT) Ltd.,50,561.5,28075.0,2025-08-17 14:45:05.001891
2025-08-17,10773,2025081704015660,SHPC,Midas Stock Broking Company Private Limited,Arun Securities (PVT) Ltd.,10,561.7,5617.0,2025-08-17 14:47:07.654703
2025-08-17,10772,2025081704015661,SHPC,Sanima Securities Limited,Arun Securities (PVT) Ltd.,490,561.7,275233.0,2025-08-17 14:47:07.655186
2025-08-17,9533,2025081704016045,SHPC,Neev Securities Pvt. Ltd.,Aryatara Investment & Securities,100,562.0,56200.0,2025-08-17 14:49:15.481624
2025-08-17,9530,2025081704016047,SHPC,Bhrikuti Stock Broking Co. Pvt. Ltd.,Asian Securities Private Ltd.,400,561.8,224720.0,2025-08-17 14:49:15.792565
2025-08-17,9319,2025081704016103,SHPC,Sumeru Securities Pvt. Ltd.,Aryatara Investment & Securities,400,562.0,224800.0,2025-08-17 14:49:33.831413
2025-08-17,8963,2025081704016195,SHPC,Online Securities Pvt. Ltd.,NIMB Stock Markets Limited,22,562.0,12364.0,2025-08-17 14:50:09.059638
2025-08-17,8921,2025081704016201,SHPC,Sumeru Securities Pvt. Ltd.,NIMB Stock Markets Limited,78,562.0,43836.0,2025-08-17 14:50:12.161074
2025-08-17,8764,2025081704016276,SHPC,Midas Stock Broking Company Private Limited,Imperial Securities Company Pvt. Ltd.,15,562.3,8434.5,2025-08-17 14:50:24.211240
2025-08-17,8638,2025081704016303,SHPC,Sumeru Securities Pvt. Ltd.,Dakshinkali Investment & Securities Pvt. Ltd.,19,562.0,10678.0,2025-08-17 14:50:40.781105
2025-08-17,8589,2025081704016311,SHPC,Neev Securities Pvt. Ltd.,Imperial Securities Company Pvt. Ltd.,12,562.3,6747.6,2025-08-17 14:50:43.824628
2025-08-17,8588,2025081704016312,SHPC,Neev Securities Pvt. Ltd.,Sri Hari Securities Pvt. Ltd.,88,562.8,49526.4,2025-08-17 14:50:43.824942
2025-08-17,8333,2025081704016374,SHPC,Online Securities Pvt. Ltd.,Dynamic Money Managers Securities Pvt. Ltd.,100,561.9,56190.0,2025-08-17 14:51:09.424923
2025-08-17,8328,2025081704016375,SHPC,Online Securities Pvt. Ltd.,Aryatara Investment & Securities,100,561.9,56190.0,2025-08-17 14:51:10.555054
2025-08-17,8134,2025081704016419,SHPC,Siprabi Securities Pvt. Ltd.,Aryatara Investment & Securities,100,561.9,56190.0,2025-08-17 14:51:29.111417
2025-08-17,7755,2025081704016504,SHPC,Sumeru Securities Pvt. Ltd.,ABC Securities Private Limited,10,562.0,5620.0,2025-08-17 14:52:03.815147
2025-08-17,7387,2025081704016582,SHPC,Trishakti Securities Public Limited,Oxford Securities Pvt. Ltd.,23,562.5,12937.5,2025-08-17 14:52:28.627743
2025-08-17,7386,2025081704016583,SHPC,Trishakti Securities Public Limited,Sri Hari Securities Pvt. Ltd.,12,562.8,6753.6,2025-08-17 14:52:28.627811
2025-08-17,7385,2025081704016584,SHPC,Trishakti Securities Public Limited,Siprabi Securities Pvt. Ltd.,48,562.8,27014.4,2025-08-17 14:52:28.627837
2025-08-17,7384,2025081704016585,SHPC,Trishakti Securities Public Limited,J.F. Securites (PVT) Ltd.,200,562.9,112580.0,2025-08-17 14:52:28.627868
2025-08-17,7383,2025081704016586,SHPC,Trishakti Securities Public Limited,Trishakti Securities Public Limited,100,563.0,56300.0,2025-08-17 14:52:28.627896
2025-08-17,7382,2025081704016587,SHPC,Trishakti Securities Public Limited,South Asian Bulls Pvt. Ltd.,117,563.0,65871.0,2025-08-17 14:52:28.627939
2025-08-17,6850,2025081704016712,SHPC,Stoxkarts Securities Limited,Imperial Securities Company Pvt. Ltd.,20,562.0,11240.0,2025-08-17 14:53:07.391722
2025-08-17,6844,2025081704016716,SHPC,Shree Krishna Securities Ltd.,South Asian Bulls Pvt. Ltd.,383,563.0,215629.0,2025-08-17 14:53:07.947019
2025-08-17,6843,2025081704016717,SHPC,Shree Krishna Securities Ltd.,Kumari Securities Private Limited,300,563.0,168900.0,2025-08-17 14:53:07.947301
2025-08-17,6842,2025081704016718,SHPC,Shree Krishna Securities Ltd.,Online Securities Pvt. Ltd.,117,563.0,65871.0,2025-08-17 14:53:07.947421
2025-08-17,6739,2025081704016737,SHPC,Shree Krishna Securities Ltd.,Online Securities Pvt. Ltd.,282,563.0,158766.0,2025-08-17 14:53:19.019329
2025-08-17,6738,2025081704016738,SHPC,Shree Krishna Securities Ltd.,Vision Securities Pvt. Ltd,500,564.0,282000.0,2025-08-17 14:53:19.019837
2025-08-17,6737,2025081704016739,SHPC,Shree Krishna Securities Ltd.,Sani Securities Company Ltd.,18,564.0,10152.0,2025-08-17 14:53:19.020228
2025-08-17,6191,2025081704016844,SHPC,Shree Krishna Securities Ltd.,Aryatara Investment & Securities,300,563.0,168900.0,2025-08-17 14:54:10.496367
2025-08-17,6190,2025081704016845,SHPC,Shree Krishna Securities Ltd.,Citizens Share Broker Limited,100,563.9,56390.0,2025-08-17 14:54:10.496658
2025-08-17,4946,2025081704017131,SHPC,Dynamic Money Managers Securities Pvt. Ltd.,South Asian Bulls Pvt. Ltd.,100,563.8,56380.0,2025-08-17 14:56:01.649255
2025-08-17,3771,2025081704017443,SHPC,Imperial Securities Company Pvt. Ltd.,South Asian Bulls Pvt. Ltd.,100,563.5,56350.0,2025-08-17 14:57:23.208766
2025-08-17,3770,2025081704017444,SHPC,Imperial Securities Company Pvt. Ltd.,Aryatara Investment & Securities,62,563.7,34949.4,2025-08-17 14:57:23.209034
2025-08-17,3769,2025081704017445,SHPC,Imperial Securities Company Pvt. Ltd.,South Asian Bulls Pvt. Ltd.,338,563.8,190564.4,2025-08-17 14:57:23.209147
2025-08-17,3151,2025081704017602,SHPC,Neev Securities Pvt. Ltd.,Midas Stock Broking Company Private Limited,100,563.0,56300.0,2025-08-17 14:58:01.480571
2025-08-17,3125,2025081704017615,SHPC,Imperial Securities Company Pvt. Ltd.,Midas Stock Broking Company Private Limited,14,563.0,7882.0,2025-08-17 14:58:02.512274
2025-08-17,3044,2025081704017637,SHPC,Creative Securities Pvt Ltd,Midas Stock Broking Company Private Limited,636,563.0,358068.0,2025-08-17 14:58:06.886121
2025-08-17,3043,2025081704017638,SHPC,Creative Securities Pvt Ltd,Midas Stock Broking Company Private Limited,364,563.0,204932.0,2025-08-17 14:58:06.886405
2025-08-17,2835,2025081704017684,SHPC,Imperial Securities Company Pvt. Ltd.,Midas Stock Broking Company Private Limited,386,563.0,217318.0,2025-08-17 14:58:18.821694
2025-08-17,2579,2025081704017748,SHPC,Imperial Securities Company Pvt. Ltd.,Magnet Securities and Investment Company Private Limited,114,563.0,64182.0,2025-08-17 14:58:33.827165
2025-08-17,2578,2025081704017749,SHPC,Sri Hari Securities Pvt. Ltd.,Magnet Securities and Investment Company Private Limited,200,563.0,112600.0,2025-08-17 14:58:33.827497
2025-08-17,2401,2025081704017786,SHPC,Sri Hari Securities Pvt. Ltd.,Citizens Share Broker Limited,150,562.7,84405.0,2025-08-17 14:58:43.772072
2025-08-17,2180,2025081704017868,SHPC,Sri Hari Securities Pvt. Ltd.,Premier Securities Company Ltd.,50,562.7,28135.0,2025-08-17 14:58:55.651387
2025-08-17,2179,2025081704017869,SHPC,Sani Securities Company Ltd.,Premier Securities Company Ltd.,750,562.6,421950.0,2025-08-17 14:58:55.651629
2025-08-17,1808,2025081704017940,SHPC,Sani Securities Company Ltd.,Neev Securities Pvt. Ltd.,150,562.6,84390.0,2025-08-17 14:59:12.038172
2025-08-17,1807,2025081704017941,SHPC,Imperial Securities Company Pvt. Ltd.,Neev Securities Pvt. Ltd.,50,562.6,28130.0,2025-08-17 14:59:12.038464
2025-08-17,1757,2025081704017956,SHPC,Imperial Securities Company Pvt. Ltd.,Premier Securities Company Ltd.,500,562.6,281300.0,2025-08-17 14:59:14.877888
2025-08-17,1734,2025081704017959,SHPC,Imperial Securities Company Pvt. Ltd.,Sumeru Securities Pvt. Ltd.,700,562.6,393820.0,2025-08-17 14:59:15.466052
2025-08-17,1561,2025081704018009,SHPC,Imperial Securities Company Pvt. Ltd.,Miyo Securities Pvt Ltd,750,562.6,421950.0,2025-08-17 14:59:20.654188
2025-08-17,1047,2025081704018116,SHPC,Bhrikuti Stock Broking Co. Pvt. Ltd.,Miyo Securities Pvt Ltd,100,562.6,56260.0,2025-08-17 14:59:34.728806
2025-08-17,995,2025081704018132,SHPC,Sipla Securities Private Limited,Linch Stock Market Ltd.,50,562.4,28120.0,2025-08-17 14:59:36.685834
2025-08-17,994,2025081704018133,SHPC,Swarna Laxmi Securities Pvt. Ltd.,Linch Stock Market Ltd.,25,562.4,14060.0,2025-08-17 14:59:36.686091
2025-08-17,993,2025081704018134,SHPC,Bhrikuti Stock Broking Co. Pvt. Ltd.,Linch Stock Market Ltd.,40,562.4,22496.0,2025-08-17 14:59:36.686227
2025-08-17,992,2025081704018135,SHPC,Swarna Laxmi Securities Pvt. Ltd.,Linch Stock Market Ltd.,25,562.2,14055.0,2025-08-17 14:59:36.686348
2025-08-17,991,2025081704018136,SHPC,Elite Stock House Limited,Linch Stock Market Ltd.,120,562.1,67452.0,2025-08-17 14:59:36.686462
2025-08-17,990,2025081704018137,SHPC,Stoxkarts Securities Limited,Linch Stock Market Ltd.,240,562.0,134880.0,2025-08-17 14:59:36.686573
2025-08-17,745,2025081704018210,SHPC,Primo Securities (PVT) Ltd.,Investment Management Nepal Pvt. Ltd.,200,562.4,112480.0,2025-08-17 14:59:43.414535
2025-08-17,744,2025081704018211,SHPC,Stoxkarts Securities Limited,Investment Management Nepal Pvt. Ltd.,140,562.0,78680.0,2025-08-17 14:59:43.414805
2025-08-17,743,2025081704018212,SHPC,Stoxkarts Securities Limited,Investment Management Nepal Pvt. Ltd.,60,562.0,33720.0,2025-08-17 14:59:43.414914
2025-08-17,566,2025081704018241,SHPC,Naasa Securities Co. Ltd.,Miyo Securities Pvt Ltd,17,562.6,9564.2,2025-08-17 14:59:48.662231
2025-08-17,436,2025081704018287,SHPC,Stoxkarts Securities Limited,South Asian Bulls Pvt. Ltd.,340,562.0,191080.0,2025-08-17 14:59:52.931630
2025-08-17,435,2025081704018288,SHPC,Primo Securities (PVT) Ltd.,South Asian Bulls Pvt. Ltd.,60,562.0,33720.0,2025-08-17 14:59:52.931906
2025-08-17,333,2025081704018309,SHPC,Bhrikuti Stock Broking Co. Pvt. Ltd.,Miyo Securities Pvt Ltd,500,562.6,281300.0,2025-08-17 14:59:54.977979
