Date,S.N.,Contract ID,Symbol,Buyer Broker,Seller Broker,quantity,rate,amount,transaction_time
2025-09-04,68857,2025090404000065,AHPC,Nepal Investment And Securities Trading Private Limited,Naasa Securities Co. Ltd.,10,284.0,2840.0,2025-09-04T11:01:26.030194
2025-09-04,68802,2025090404000087,AHPC,Naasa Securities Co. Ltd.,Bhrikuti Stock Broking Co. Pvt. Ltd.,10,288.0,2880.0,2025-09-04T11:01:50.507188
2025-09-04,68446,2025090404000212,AHPC,Naasa Securities Co. Ltd.,Shree Krishna Securities Ltd.,97,285.0,27645.0,2025-09-04T11:04:01.718402
2025-09-04,68266,2025090404000265,AHPC,Naasa Securities Co. Ltd.,Agrawal Securities (PVT) Ltd.,10,287.0,2870.0,2025-09-04T11:04:58.505207
2025-09-04,67389,2025090404000473,AHPC,Nepal Investment And Securities Trading Private Limited,J.F. Securites (PVT) Ltd.,290,285.5,82795.0,2025-09-04T11:08:59.54784
2025-09-04,67388,2025090404000474,AHPC,Naasa Securities Co. Ltd.,J.F. Securites (PVT) Ltd.,83,285.0,23655.0,2025-09-04T11:08:59.547981
2025-09-04,67387,2025090404000475,AHPC,Kohinoor Investment & Securities Pvt. Ltd.,J.F. Securites (PVT) Ltd.,500,285.0,142500.0,2025-09-04T11:08:59.548031
2025-09-04,67288,2025090404000496,AHPC,Imperial Securities Company Pvt. Ltd.,Kalika Securities Pvt. Ltd.,50,284.1,14205.0,2025-09-04T11:09:30.413191
2025-09-04,67168,2025090404000520,AHPC,Trisul Securities & Invt. Ltd.,Kalika Securities Pvt. Ltd.,143,284.1,40626.3,2025-09-04T11:10:08.675442
2025-09-04,67167,2025090404000521,AHPC,Trisul Securities & Invt. Ltd.,J.F. Securites (PVT) Ltd.,127,285.0,36195.0,2025-09-04T11:10:08.675658
2025-09-04,67166,2025090404000522,AHPC,Trisul Securities & Invt. Ltd.,Aryatara Investment & Securities,80,285.0,22800.0,2025-09-04T11:10:08.675807
2025-09-04,66920,2025090404000597,AHPC,J.F. Securites (PVT) Ltd.,Kohinoor Investment & Securities Pvt. Ltd.,30,284.0,8520.0,2025-09-04T11:11:08.642716
2025-09-04,66919,2025090404000598,AHPC,Naasa Securities Co. Ltd.,Kohinoor Investment & Securities Pvt. Ltd.,20,284.0,5680.0,2025-09-04T11:11:08.642832
2025-09-04,65942,2025090404000874,AHPC,Naasa Securities Co. Ltd.,Midas Stock Broking Company Private Limited,40,283.6,11344.0,2025-09-04T11:14:31.273057
2025-09-04,65941,2025090404000875,AHPC,Cristal Kanchanjanga Securites Pvt. Ltd.,Midas Stock Broking Company Private Limited,50,283.6,14180.0,2025-09-04T11:14:31.273178
2025-09-04,65940,2025090404000876,AHPC,Dakshinkali Investment & Securities Pvt. Ltd.,Midas Stock Broking Company Private Limited,125,283.2,35400.0,2025-09-04T11:14:31.273237
2025-09-04,65939,2025090404000877,AHPC,Sani Securities Company Ltd.,Midas Stock Broking Company Private Limited,10,283.1,2831.0,2025-09-04T11:14:31.273291
2025-09-04,65938,2025090404000878,AHPC,Kumari Securities Private Limited,Midas Stock Broking Company Private Limited,75,283.1,21232.5,2025-09-04T11:14:31.273353
2025-09-04,65833,2025090404000904,AHPC,Kumari Securities Private Limited,Sani Securities Company Ltd.,700,283.1,198170.0,2025-09-04T11:14:46.169742
2025-09-04,65786,2025090404000912,AHPC,Cristal Kanchanjanga Securites Pvt. Ltd.,Vision Securities Pvt. Ltd,100,284.0,28400.0,2025-09-04T11:15:00.319307
2025-09-04,65682,2025090404000946,AHPC,Kohinoor Investment & Securities Pvt. Ltd.,Kohinoor Investment & Securities Pvt. Ltd.,40,283.6,11344.0,2025-09-04T11:15:26.887015
2025-09-04,65681,2025090404000947,AHPC,Kohinoor Investment & Securities Pvt. Ltd.,Vision Securities Pvt. Ltd,415,284.0,117860.0,2025-09-04T11:15:26.887176
2025-09-04,65529,2025090404000975,AHPC,Nepal Investment And Securities Trading Private Limited,Vision Securities Pvt. Ltd,110,284.0,31240.0,2025-09-04T11:16:03.576618
2025-09-04,65528,2025090404000976,AHPC,Nepal Investment And Securities Trading Private Limited,Opal Securities Investment (PVT) Ltd.,180,284.0,51120.0,2025-09-04T11:16:03.576767
2025-09-04,65499,2025090404000986,AHPC,Primo Securities (PVT) Ltd.,Opal Securities Investment (PVT) Ltd.,100,283.2,28320.0,2025-09-04T11:16:09.979342
2025-09-04,65142,2025090404001078,AHPC,Capital Max Securities Ltd,Opal Securities Investment (PVT) Ltd.,10,284.0,2840.0,2025-09-04T11:17:25.560812
2025-09-04,64587,2025090404001189,AHPC,Aryatara Investment & Securities,Opal Securities Investment (PVT) Ltd.,50,283.2,14160.0,2025-09-04T11:19:31.398355
2025-09-04,64498,2025090404001215,AHPC,Imperial Securities Company Pvt. Ltd.,Opal Securities Investment (PVT) Ltd.,99,284.0,28116.0,2025-09-04T11:19:56.311841
2025-09-04,64497,2025090404001216,AHPC,Imperial Securities Company Pvt. Ltd.,Kohinoor Investment & Securities Pvt. Ltd.,100,284.0,28400.0,2025-09-04T11:19:56.312001
2025-09-04,64496,2025090404001217,AHPC,Imperial Securities Company Pvt. Ltd.,J.F. Securites (PVT) Ltd.,86,284.0,24424.0,2025-09-04T11:19:56.312065
2025-09-04,64474,2025090404001220,AHPC,Kumari Securities Private Limited,Opal Securities Investment (PVT) Ltd.,28,283.1,7926.8,2025-09-04T11:20:01.476447
2025-09-04,64260,2025090404001270,AHPC,Cristal Kanchanjanga Securites Pvt. Ltd.,J.F. Securites (PVT) Ltd.,50,284.0,14200.0,2025-09-04T11:20:45.675015
2025-09-04,64195,2025090404001285,AHPC,Ashutosh Brokerage & Securities (PVT) Ltd.,J.F. Securites (PVT) Ltd.,64,284.0,18176.0,2025-09-04T11:20:59.521306
2025-09-04,64194,2025090404001286,AHPC,Ashutosh Brokerage & Securities (PVT) Ltd.,Sani Securities Company Ltd.,136,284.0,38624.0,2025-09-04T11:20:59.521605
2025-09-04,64110,2025090404001319,AHPC,Sharepro Securities Private Limited,Sani Securities Company Ltd.,60,284.0,17040.0,2025-09-04T11:21:15.987045
2025-09-04,63359,2025090404001482,AHPC,Aryatara Investment & Securities,Imperial Securities Company Pvt. Ltd.,100,283.5,28350.0,2025-09-04T11:24:23.941627
2025-09-04,63358,2025090404001483,AHPC,Dakshinkali Investment & Securities Pvt. Ltd.,Imperial Securities Company Pvt. Ltd.,1500,283.2,424800.0,2025-09-04T11:24:23.941676
2025-09-04,63357,2025090404001484,AHPC,Kumari Securities Private Limited,Imperial Securities Company Pvt. Ltd.,197,283.1,55770.7,2025-09-04T11:24:23.941707
2025-09-04,63356,2025090404001485,AHPC,Sani Securities Company Ltd.,Imperial Securities Company Pvt. Ltd.,100,283.1,28310.0,2025-09-04T11:24:23.94173
2025-09-04,63355,2025090404001486,AHPC,Kumari Securities Private Limited,Imperial Securities Company Pvt. Ltd.,760,283.1,215156.0,2025-09-04T11:24:23.94176
2025-09-04,63354,2025090404001487,AHPC,Pragyan Securities (PVT) Ltd.,Imperial Securities Company Pvt. Ltd.,500,283.1,141550.0,2025-09-04T11:24:23.941782
2025-09-04,63353,2025090404001488,AHPC,Imperial Securities Company Pvt. Ltd.,Imperial Securities Company Pvt. Ltd.,500,283.1,141550.0,2025-09-04T11:24:23.941804
2025-09-04,63352,2025090404001489,AHPC,Naasa Securities Co. Ltd.,Imperial Securities Company Pvt. Ltd.,20,283.0,5660.0,2025-09-04T11:24:23.941829
2025-09-04,63351,2025090404001490,AHPC,Midas Stock Broking Company Private Limited,Imperial Securities Company Pvt. Ltd.,20,283.0,5660.0,2025-09-04T11:24:23.941859
2025-09-04,63350,2025090404001491,AHPC,Imperial Securities Company Pvt. Ltd.,Imperial Securities Company Pvt. Ltd.,3000,283.0,849000.0,2025-09-04T11:24:23.941882
2025-09-04,63349,2025090404001492,AHPC,Linch Stock Market Ltd.,Imperial Securities Company Pvt. Ltd.,810,283.0,229230.0,2025-09-04T11:24:23.94192
2025-09-04,63348,2025090404001493,AHPC,Malla & Malla Stock Broking Company Pvt. Limited,Imperial Securities Company Pvt. Ltd.,100,283.0,28300.0,2025-09-04T11:24:23.941943
2025-09-04,63347,2025090404001494,AHPC,Siprabi Securities Pvt. Ltd.,Imperial Securities Company Pvt. Ltd.,26,283.0,7358.0,2025-09-04T11:24:23.941968
2025-09-04,62633,2025090404001636,AHPC,Sharepro Securities Private Limited,Deevyaa Securities & Stock House Pvt. Ltd,11,284.0,3124.0,2025-09-04T11:27:49.191408
2025-09-04,62136,2025090404001780,AHPC,Aakashbhairab Securities Ltd.,Opal Securities Investment (PVT) Ltd.,150,284.0,42600.0,2025-09-04T11:29:55.05101
2025-09-04,62135,2025090404001781,AHPC,Aakashbhairab Securities Ltd.,Naasa Securities Co. Ltd.,500,284.0,142000.0,2025-09-04T11:29:55.051364
2025-09-04,61896,2025090404001835,AHPC,Dipshikha Dhitopatra Karobar Co. Pvt Ltd.,Garima Securities Limited,50,284.5,14225.0,2025-09-04T11:30:42.865284
2025-09-04,61755,2025090404001842,AHPC,Creative Securities Pvt Ltd,Garima Securities Limited,250,284.5,71125.0,2025-09-04T11:31:09.878708
2025-09-04,61754,2025090404001843,AHPC,Creative Securities Pvt Ltd,South Asian Bulls Pvt. Ltd.,100,284.5,28450.0,2025-09-04T11:31:09.879112
2025-09-04,60048,2025090404002142,AHPC,Bhrikuti Stock Broking Co. Pvt. Ltd.,South Asian Bulls Pvt. Ltd.,25,284.9,7122.5,2025-09-04T11:38:08.338645
2025-09-04,59950,2025090404002169,AHPC,Asian Securities Private Ltd.,South Asian Bulls Pvt. Ltd.,25,284.9,7122.5,2025-09-04T11:38:36.397615
2025-09-04,59744,2025090404002208,AHPC,Naasa Securities Co. Ltd.,Vision Securities Pvt. Ltd,17,284.6,4838.2,2025-09-04T11:39:27.612813
2025-09-04,59743,2025090404002209,AHPC,Creative Securities Pvt Ltd,Vision Securities Pvt. Ltd,150,284.5,42675.0,2025-09-04T11:39:27.613033
2025-09-04,59742,2025090404002210,AHPC,Aryatara Investment & Securities,Vision Securities Pvt. Ltd,26,284.5,7397.0,2025-09-04T11:39:27.613122
2025-09-04,59741,2025090404002211,AHPC,Aryatara Investment & Securities,Vision Securities Pvt. Ltd,140,284.1,39774.0,2025-09-04T11:39:27.61323
2025-09-04,59740,2025090404002212,AHPC,Online Securities Pvt. Ltd.,Vision Securities Pvt. Ltd,1000,284.0,284000.0,2025-09-04T11:39:27.613308
2025-09-04,59739,2025090404002213,AHPC,J.F. Securites (PVT) Ltd.,Vision Securities Pvt. Ltd,100,284.0,28400.0,2025-09-04T11:39:27.613391
2025-09-04,59738,2025090404002214,AHPC,Dipshikha Dhitopatra Karobar Co. Pvt Ltd.,Vision Securities Pvt. Ltd,67,284.0,19028.0,2025-09-04T11:39:27.613465
2025-09-04,59570,2025090404002239,AHPC,Asian Securities Private Ltd.,Aryatara Investment & Securities,10,285.0,2850.0,2025-09-04T11:40:11.593299
2025-09-04,59319,2025090404002308,AHPC,Nagarik Stock Dealer ,Aryatara Investment & Securities,150,285.0,42750.0,2025-09-04T11:41:15.039619
2025-09-04,59044,2025090404002395,AHPC,Dynamic Money Managers Securities Pvt. Ltd.,Deevyaa Securities & Stock House Pvt. Ltd,170,284.1,48297.0,2025-09-04T11:42:31.714556
2025-09-04,59043,2025090404002396,AHPC,Dipshikha Dhitopatra Karobar Co. Pvt Ltd.,Deevyaa Securities & Stock House Pvt. Ltd,133,284.0,37772.0,2025-09-04T11:42:31.714797
2025-09-04,59042,2025090404002397,AHPC,Imperial Securities Company Pvt. Ltd.,Deevyaa Securities & Stock House Pvt. Ltd,15,284.0,4260.0,2025-09-04T11:42:31.714908
2025-09-04,59041,2025090404002398,AHPC,Dipshikha Dhitopatra Karobar Co. Pvt Ltd.,Deevyaa Securities & Stock House Pvt. Ltd,14,284.0,3976.0,2025-09-04T11:42:31.714985
2025-09-04,59040,2025090404002399,AHPC,Imperial Securities Company Pvt. Ltd.,Deevyaa Securities & Stock House Pvt. Ltd,10,284.0,2840.0,2025-09-04T11:42:31.715076
2025-09-04,59039,2025090404002400,AHPC,Kalika Securities Pvt. Ltd.,Deevyaa Securities & Stock House Pvt. Ltd,30,284.0,8520.0,2025-09-04T11:42:31.715155
2025-09-04,59038,2025090404002401,AHPC,Asian Securities Private Ltd.,Deevyaa Securities & Stock House Pvt. Ltd,30,283.2,8496.0,2025-09-04T11:42:31.715238
2025-09-04,59037,2025090404002402,AHPC,South Asian Bulls Pvt. Ltd.,Deevyaa Securities & Stock House Pvt. Ltd,91,283.2,25771.2,2025-09-04T11:42:31.715343
2025-09-04,59036,2025090404002403,AHPC,Aakashbhairab Securities Ltd.,Deevyaa Securities & Stock House Pvt. Ltd,507,283.2,143582.4,2025-09-04T11:42:31.715496
2025-09-04,58444,2025090404002536,AHPC,Midas Stock Broking Company Private Limited,Secured Securities Ltd.,20,283.5,5670.0,2025-09-04T11:45:51.327043
2025-09-04,58443,2025090404002537,AHPC,Online Securities Pvt. Ltd.,Secured Securities Ltd.,980,283.5,277830.0,2025-09-04T11:45:51.327442
2025-09-04,58429,2025090404002547,AHPC,Online Securities Pvt. Ltd.,ABC Securities Private Limited,111,283.5,31468.5,2025-09-04T11:45:54.613868
2025-09-04,58384,2025090404002554,AHPC,Online Securities Pvt. Ltd.,Secured Securities Ltd.,800,283.5,226800.0,2025-09-04T11:46:04.406444
2025-09-04,57607,2025090404002717,AHPC,Online Securities Pvt. Ltd.,Linch Stock Market Ltd.,109,283.5,30901.5,2025-09-04T11:49:52.387715
2025-09-04,57606,2025090404002718,AHPC,Bhrikuti Stock Broking Co. Pvt. Ltd.,Linch Stock Market Ltd.,1000,283.3,283300.0,2025-09-04T11:49:52.387933
2025-09-04,57605,2025090404002719,AHPC,Aakashbhairab Securities Ltd.,Linch Stock Market Ltd.,2493,283.2,706017.6,2025-09-04T11:49:52.388021
2025-09-04,57604,2025090404002720,AHPC,Vision Securities Pvt. Ltd,Linch Stock Market Ltd.,200,283.1,56620.0,2025-09-04T11:49:52.388102
2025-09-04,57603,2025090404002721,AHPC,Siprabi Securities Pvt. Ltd.,Linch Stock Market Ltd.,74,283.0,20942.0,2025-09-04T11:49:52.388182
2025-09-04,57602,2025090404002722,AHPC,Vision Securities Pvt. Ltd,Linch Stock Market Ltd.,200,283.0,56600.0,2025-09-04T11:49:52.388259
2025-09-04,57601,2025090404002723,AHPC,Linch Stock Market Ltd.,Linch Stock Market Ltd.,924,283.0,261492.0,2025-09-04T11:49:52.38836
2025-09-04,57496,2025090404002748,AHPC,Linch Stock Market Ltd.,Bhrikuti Stock Broking Co. Pvt. Ltd.,16,283.0,4528.0,2025-09-04T11:50:35.26396
2025-09-04,57436,2025090404002761,AHPC,Linch Stock Market Ltd.,Linch Stock Market Ltd.,70,283.0,19810.0,2025-09-04T11:50:55.150271
2025-09-04,57435,2025090404002762,AHPC,Dipshikha Dhitopatra Karobar Co. Pvt Ltd.,Linch Stock Market Ltd.,50,283.0,14150.0,2025-09-04T11:50:55.150685
2025-09-04,57434,2025090404002763,AHPC,Imperial Securities Company Pvt. Ltd.,Linch Stock Market Ltd.,4880,283.0,1381040.0,2025-09-04T11:50:55.15092
2025-09-04,57186,2025090404002805,AHPC,Imperial Securities Company Pvt. Ltd.,Aryatara Investment & Securities,20,283.0,5660.0,2025-09-04T11:52:14.915108
2025-09-04,56115,2025090404003026,AHPC,Pragyan Securities (PVT) Ltd.,Kohinoor Investment & Securities Pvt. Ltd.,3,277.6,832.8,2025-09-04T11:56:41.642084
2025-09-04,56032,2025090404003037,AHPC,Siprabi Securities Pvt. Ltd.,Sri Hari Securities Pvt. Ltd.,350,283.1,99085.0,2025-09-04T11:57:01.498069
2025-09-04,56026,2025090404003038,AHPC,Siprabi Securities Pvt. Ltd.,Sweta Securities Private Limited,650,283.1,184015.0,2025-09-04T11:57:03.205423
2025-09-04,56025,2025090404003039,AHPC,Imperial Securities Company Pvt. Ltd.,Sweta Securities Private Limited,100,283.0,28300.0,2025-09-04T11:57:03.205676
2025-09-04,56024,2025090404003040,AHPC,Sri Hari Securities Pvt. Ltd.,Sweta Securities Private Limited,50,283.0,14150.0,2025-09-04T11:57:03.205778
2025-09-04,56023,2025090404003041,AHPC,Kohinoor Investment & Securities Pvt. Ltd.,Sweta Securities Private Limited,200,283.0,56600.0,2025-09-04T11:57:03.205863
2025-09-04,56022,2025090404003042,AHPC,MILKY WAY SHARE BROKER COMPANY LTD ,Sweta Securities Private Limited,10,283.0,2830.0,2025-09-04T11:57:03.205952
2025-09-04,56021,2025090404003043,AHPC,Dakshinkali Investment & Securities Pvt. Ltd.,Sweta Securities Private Limited,100,283.0,28300.0,2025-09-04T11:57:03.206046
2025-09-04,56020,2025090404003044,AHPC,Neev Securities Pvt. Ltd.,Sweta Securities Private Limited,10,283.0,2830.0,2025-09-04T11:57:03.206133
2025-09-04,56019,2025090404003045,AHPC,Naasa Securities Co. Ltd.,Sweta Securities Private Limited,50,283.0,14150.0,2025-09-04T11:57:03.206218
2025-09-04,56018,2025090404003046,AHPC,Primo Securities (PVT) Ltd.,Sweta Securities Private Limited,50,283.0,14150.0,2025-09-04T11:57:03.2063
2025-09-04,55977,2025090404003050,AHPC,ABC Securities Private Limited,KALASH STOCK MARKET PVT. LTD.,200,282.9,56580.0,2025-09-04T11:57:18.493071
2025-09-04,55917,2025090404003064,AHPC,Nepal Investment And Securities Trading Private Limited,KALASH STOCK MARKET PVT. LTD.,100,282.5,28250.0,2025-09-04T11:57:34.533872
2025-09-04,55916,2025090404003065,AHPC,Aryatara Investment & Securities,KALASH STOCK MARKET PVT. LTD.,140,282.4,39536.0,2025-09-04T11:57:34.534079
2025-09-04,55884,2025090404003076,AHPC,Deevyaa Securities & Stock House Pvt. Ltd,KALASH STOCK MARKET PVT. LTD.,60,282.3,16938.0,2025-09-04T11:57:46.564992
2025-09-04,55414,2025090404003212,AHPC,Deevyaa Securities & Stock House Pvt. Ltd,Aryatara Investment & Securities,17,282.3,4799.1,2025-09-04T11:59:49.071714
2025-09-04,55244,2025090404003256,AHPC,Naasa Securities Co. Ltd.,Sweta Securities Private Limited,120,283.0,33960.0,2025-09-04T12:00:34.734658
2025-09-04,55152,2025090404003291,AHPC,Asian Securities Private Ltd.,Naasa Securities Co. Ltd.,15,284.0,4260.0,2025-09-04T12:00:55.950747
2025-09-04,54068,2025090404003549,AHPC,Sani Securities Company Ltd.,Naasa Securities Co. Ltd.,10,284.0,2840.0,2025-09-04T12:04:41.62988
2025-09-04,53824,2025090404003624,AHPC,Sewa Securities Pvt. Ltd.,Vision Securities Pvt. Ltd,10,283.0,2830.0,2025-09-04T12:05:33.351092
2025-09-04,53070,2025090404003886,AHPC,Naasa Securities Co. Ltd.,Shree Krishna Securities Ltd.,1000,283.1,283100.0,2025-09-04T12:08:41.607198
2025-09-04,53005,2025090404003901,AHPC,Sewa Securities Pvt. Ltd.,Online Securities Pvt. Ltd.,90,283.0,25470.0,2025-09-04T12:09:10.434582
2025-09-04,53004,2025090404003902,AHPC,Online Securities Pvt. Ltd.,Online Securities Pvt. Ltd.,868,283.0,245644.0,2025-09-04T12:09:10.434808
2025-09-04,52916,2025090404003928,AHPC,Online Securities Pvt. Ltd.,Sweta Securities Private Limited,21,283.0,5943.0,2025-09-04T12:09:32.246386
2025-09-04,52886,2025090404003937,AHPC,Aryatara Investment & Securities,Naasa Securities Co. Ltd.,51,283.9,14478.9,2025-09-04T12:09:40.354721
2025-09-04,51265,2025090404004382,AHPC,Trishakti Securities Public Limited,Sri Hari Securities Pvt. Ltd.,500,283.5,141750.0,2025-09-04T12:16:23.930847
2025-09-04,50487,2025090404004577,AHPC,Imperial Securities Company Pvt. Ltd.,Dynamic Money Managers Securities Pvt. Ltd.,50,283.1,14155.0,2025-09-04T12:20:06.140159
2025-09-04,50486,2025090404004578,AHPC,Online Securities Pvt. Ltd.,Dynamic Money Managers Securities Pvt. Ltd.,160,283.1,45296.0,2025-09-04T12:20:06.140478
2025-09-04,50405,2025090404004600,AHPC,Opal Securities Investment (PVT) Ltd.,Dynamic Money Managers Securities Pvt. Ltd.,290,283.1,82099.0,2025-09-04T12:20:29.464568
2025-09-04,50404,2025090404004601,AHPC,Opal Securities Investment (PVT) Ltd.,Naasa Securities Co. Ltd.,10,283.9,2839.0,2025-09-04T12:20:29.464819
2025-09-04,50403,2025090404004602,AHPC,Opal Securities Investment (PVT) Ltd.,Naasa Securities Co. Ltd.,75,284.0,21300.0,2025-09-04T12:20:29.464941
2025-09-04,50402,2025090404004603,AHPC,Opal Securities Investment (PVT) Ltd.,J.F. Securites (PVT) Ltd.,100,284.0,28400.0,2025-09-04T12:20:29.465054
2025-09-04,50401,2025090404004604,AHPC,Opal Securities Investment (PVT) Ltd.,Sumeru Securities Pvt. Ltd.,525,284.0,149100.0,2025-09-04T12:20:29.465147
2025-09-04,50128,2025090404004636,AHPC,Online Securities Pvt. Ltd.,Nepal Stock House (PVT) Ltd.,10,283.0,2830.0,2025-09-04T12:21:46.341677
2025-09-04,49897,2025090404004679,AHPC,Online Securities Pvt. Ltd.,Sumeru Securities Pvt. Ltd.,101,283.0,28583.0,2025-09-04T12:22:36.881124
2025-09-04,49896,2025090404004680,AHPC,Dakshinkali Investment & Securities Pvt. Ltd.,Sumeru Securities Pvt. Ltd.,100,283.0,28300.0,2025-09-04T12:22:36.881631
2025-09-04,49895,2025090404004681,AHPC,Primo Securities (PVT) Ltd.,Sumeru Securities Pvt. Ltd.,1000,283.0,283000.0,2025-09-04T12:22:36.881922
2025-09-04,48398,2025090404005028,AHPC,Bhrikuti Stock Broking Co. Pvt. Ltd.,Secured Securities Ltd.,20,282.8,5656.0,2025-09-04T12:29:26.662969
2025-09-04,48350,2025090404005043,AHPC,Naasa Securities Co. Ltd.,Secured Securities Ltd.,980,282.8,277144.0,2025-09-04T12:29:36.517885
2025-09-04,48213,2025090404005101,AHPC,ABC Securities Private Limited,Secured Securities Ltd.,500,283.0,141500.0,2025-09-04T12:30:12.301255
2025-09-04,48166,2025090404005114,AHPC,ABC Securities Private Limited,Vision Securities Pvt. Ltd,500,283.0,141500.0,2025-09-04T12:30:31.739083
2025-09-04,48165,2025090404005115,AHPC,Opal Securities Investment (PVT) Ltd.,Vision Securities Pvt. Ltd,500,282.5,141250.0,2025-09-04T12:30:31.739203
2025-09-04,47499,2025090404005242,AHPC,Siprabi Securities Pvt. Ltd.,Kumari Securities Private Limited,20,283.0,5660.0,2025-09-04T12:33:00.744926
2025-09-04,46900,2025090404005455,AHPC,Midas Stock Broking Company Private Limited,Imperial Securities Company Pvt. Ltd.,30,282.5,8475.0,2025-09-04T12:34:57.946108
2025-09-04,46899,2025090404005456,AHPC,Online Securities Pvt. Ltd.,Imperial Securities Company Pvt. Ltd.,300,282.5,84750.0,2025-09-04T12:34:57.946397
2025-09-04,46898,2025090404005457,AHPC,N.I.M.B. Stock Markets Limited,Imperial Securities Company Pvt. Ltd.,57,282.5,16102.5,2025-09-04T12:34:57.946504
2025-09-04,46897,2025090404005458,AHPC,Bhrikuti Stock Broking Co. Pvt. Ltd.,Imperial Securities Company Pvt. Ltd.,10,282.5,2825.0,2025-09-04T12:34:57.94661
2025-09-04,46739,2025090404005504,AHPC,Sani Securities Company Ltd.,Imperial Securities Company Pvt. Ltd.,40,282.4,11296.0,2025-09-04T12:35:40.270138
2025-09-04,46575,2025090404005547,AHPC,Deevyaa Securities & Stock House Pvt. Ltd,Dipshikha Dhitopatra Karobar Co. Pvt Ltd.,123,282.3,34722.9,2025-09-04T12:36:10.914781
2025-09-04,46574,2025090404005548,AHPC,Malla & Malla Stock Broking Company Pvt. Limited,Dipshikha Dhitopatra Karobar Co. Pvt Ltd.,20,282.3,5646.0,2025-09-04T12:36:10.915258
2025-09-04,46573,2025090404005549,AHPC,Naasa Securities Co. Ltd.,Dipshikha Dhitopatra Karobar Co. Pvt Ltd.,880,282.3,248424.0,2025-09-04T12:36:10.915594
2025-09-04,46572,2025090404005550,AHPC,Dakshinkali Investment & Securities Pvt. Ltd.,Dipshikha Dhitopatra Karobar Co. Pvt Ltd.,125,282.3,35287.5,2025-09-04T12:36:10.915899
2025-09-04,46571,2025090404005551,AHPC,Agrawal Securities (PVT) Ltd.,Dipshikha Dhitopatra Karobar Co. Pvt Ltd.,1000,282.2,282200.0,2025-09-04T12:36:10.91621
2025-09-04,46570,2025090404005552,AHPC,Primo Securities (PVT) Ltd.,Dipshikha Dhitopatra Karobar Co. Pvt Ltd.,50,282.2,14110.0,2025-09-04T12:36:10.916524
2025-09-04,46569,2025090404005553,AHPC,Bhrikuti Stock Broking Co. Pvt. Ltd.,Dipshikha Dhitopatra Karobar Co. Pvt Ltd.,1000,282.2,282200.0,2025-09-04T12:36:10.916806
2025-09-04,46568,2025090404005554,AHPC,Trishakti Securities Public Limited,Dipshikha Dhitopatra Karobar Co. Pvt Ltd.,200,282.1,56420.0,2025-09-04T12:36:10.917103
2025-09-04,46567,2025090404005555,AHPC,Imperial Securities Company Pvt. Ltd.,Dipshikha Dhitopatra Karobar Co. Pvt Ltd.,300,282.1,84630.0,2025-09-04T12:36:10.91741
2025-09-04,46566,2025090404005556,AHPC,Sharepro Securities Private Limited,Dipshikha Dhitopatra Karobar Co. Pvt Ltd.,2000,282.1,564200.0,2025-09-04T12:36:10.917702
2025-09-04,46565,2025090404005557,AHPC,Nepal Stock House (PVT) Ltd.,Dipshikha Dhitopatra Karobar Co. Pvt Ltd.,200,282.1,56420.0,2025-09-04T12:36:10.917992
2025-09-04,46564,2025090404005558,AHPC,Imperial Securities Company Pvt. Ltd.,Dipshikha Dhitopatra Karobar Co. Pvt Ltd.,1443,282.0,406926.0,2025-09-04T12:36:10.91827
2025-09-04,45804,2025090404005746,AHPC,Nepal Stock House (PVT) Ltd.,Trishakti Securities Public Limited,83,282.1,23414.3,2025-09-04T12:38:57.563545
2025-09-04,45803,2025090404005747,AHPC,Cristal Kanchanjanga Securites Pvt. Ltd.,Trishakti Securities Public Limited,97,282.1,27363.7,2025-09-04T12:38:57.564061
2025-09-04,45747,2025090404005761,AHPC,ABC Securities Private Limited,Secured Securities Ltd.,500,282.2,141100.0,2025-09-04T12:39:10.771797
2025-09-04,45745,2025090404005762,AHPC,ABC Securities Private Limited,J.F. Securites (PVT) Ltd.,300,282.2,84660.0,2025-09-04T12:39:11.461488
2025-09-04,45666,2025090404005782,AHPC,ABC Securities Private Limited,Dakshinkali Investment & Securities Pvt. Ltd.,200,282.2,56440.0,2025-09-04T12:39:31.408585
2025-09-04,45665,2025090404005783,AHPC,Imperial Securities Company Pvt. Ltd.,Dakshinkali Investment & Securities Pvt. Ltd.,557,282.0,157074.0,2025-09-04T12:39:31.409039
2025-09-04,45664,2025090404005784,AHPC,Aryatara Investment & Securities,Dakshinkali Investment & Securities Pvt. Ltd.,500,282.0,141000.0,2025-09-04T12:39:31.409394
2025-09-04,45663,2025090404005785,AHPC,Asian Securities Private Ltd.,Dakshinkali Investment & Securities Pvt. Ltd.,100,282.0,28200.0,2025-09-04T12:39:31.409707
2025-09-04,45662,2025090404005786,AHPC,Bhrikuti Stock Broking Co. Pvt. Ltd.,Dakshinkali Investment & Securities Pvt. Ltd.,500,282.0,141000.0,2025-09-04T12:39:31.410014
2025-09-04,45661,2025090404005787,AHPC,Dipshikha Dhitopatra Karobar Co. Pvt Ltd.,Dakshinkali Investment & Securities Pvt. Ltd.,50,282.0,14100.0,2025-09-04T12:39:31.410333
2025-09-04,45660,2025090404005788,AHPC,Primo Securities (PVT) Ltd.,Dakshinkali Investment & Securities Pvt. Ltd.,60,282.0,16920.0,2025-09-04T12:39:31.410637
2025-09-04,45659,2025090404005789,AHPC,Aryatara Investment & Securities,Dakshinkali Investment & Securities Pvt. Ltd.,33,282.0,9306.0,2025-09-04T12:39:31.410935
2025-09-04,45649,2025090404005796,AHPC,Aryatara Investment & Securities,Imperial Securities Company Pvt. Ltd.,117,282.0,32994.0,2025-09-04T12:39:33.113519
2025-09-04,45648,2025090404005797,AHPC,Imperial Securities Company Pvt. Ltd.,Imperial Securities Company Pvt. Ltd.,446,282.0,125772.0,2025-09-04T12:39:33.113795
2025-09-04,45541,2025090404005811,AHPC,Imperial Securities Company Pvt. Ltd.,Vision Securities Pvt. Ltd,4554,282.0,1284228.0,2025-09-04T12:39:55.763549
2025-09-04,45540,2025090404005812,AHPC,Agrawal Securities (PVT) Ltd.,Vision Securities Pvt. Ltd,25,282.0,7050.0,2025-09-04T12:39:55.764016
2025-09-04,45539,2025090404005813,AHPC,Sewa Securities Pvt. Ltd.,Vision Securities Pvt. Ltd,200,282.0,56400.0,2025-09-04T12:39:55.76434
2025-09-04,45538,2025090404005814,AHPC,Kumari Securities Private Limited,Vision Securities Pvt. Ltd,221,282.0,62322.0,2025-09-04T12:39:55.764642
2025-09-04,45408,2025090404005831,AHPC,Kumari Securities Private Limited,Trishakti Securities Public Limited,279,282.0,78678.0,2025-09-04T12:40:24.023616
2025-09-04,45407,2025090404005832,AHPC,BHOLE GANESH SECURITIES LTD,Trishakti Securities Public Limited,100,282.0,28200.0,2025-09-04T12:40:24.023888
2025-09-04,45406,2025090404005833,AHPC,Imperial Securities Company Pvt. Ltd.,Trishakti Securities Public Limited,55,282.0,15510.0,2025-09-04T12:40:24.024
2025-09-04,45405,2025090404005834,AHPC,Dakshinkali Investment & Securities Pvt. Ltd.,Trishakti Securities Public Limited,100,282.0,28200.0,2025-09-04T12:40:24.024104
2025-09-04,45404,2025090404005835,AHPC,Malla & Malla Stock Broking Company Pvt. Limited,Trishakti Securities Public Limited,100,282.0,28200.0,2025-09-04T12:40:24.024205
2025-09-04,45403,2025090404005836,AHPC,Imperial Securities Company Pvt. Ltd.,Trishakti Securities Public Limited,36,282.0,10152.0,2025-09-04T12:40:24.024364
2025-09-04,45402,2025090404005837,AHPC,Malla & Malla Stock Broking Company Pvt. Limited,Nagarik Stock Dealer ,10,281.7,2817.0,2025-09-04T12:40:24.853551
2025-09-04,45401,2025090404005838,AHPC,Dakshinkali Investment & Securities Pvt. Ltd.,Nagarik Stock Dealer ,100,281.5,28150.0,2025-09-04T12:40:24.854036
2025-09-04,45400,2025090404005839,AHPC,Bhrikuti Stock Broking Co. Pvt. Ltd.,Nagarik Stock Dealer ,200,281.3,56260.0,2025-09-04T12:40:24.854397
2025-09-04,45399,2025090404005840,AHPC,Investment Management Nepal Pvt. Ltd.,Nagarik Stock Dealer ,390,281.3,109707.0,2025-09-04T12:40:24.854784
2025-09-04,45213,2025090404005887,AHPC,Linch Stock Market Ltd.,Kumari Securities Private Limited,700,282.0,197400.0,2025-09-04T12:41:12.007114
2025-09-04,45081,2025090404005928,AHPC,Dynamic Money Managers Securities Pvt. Ltd.,Trishakti Securities Public Limited,50,281.3,14065.0,2025-09-04T12:41:41.38635
2025-09-04,44906,2025090404005971,AHPC,Dynamic Money Managers Securities Pvt. Ltd.,Arun Securities (PVT) Ltd.,20,281.3,5626.0,2025-09-04T12:42:20.674074
2025-09-04,44683,2025090404006005,AHPC,Dynamic Money Managers Securities Pvt. Ltd.,Sani Securities Company Ltd.,100,281.3,28130.0,2025-09-04T12:43:02.471654
2025-09-04,44193,2025090404006126,AHPC,Kumari Securities Private Limited,Kumari Securities Private Limited,11,282.0,3102.0,2025-09-04T12:44:32.129308
2025-09-04,44192,2025090404006127,AHPC,Dynamic Money Managers Securities Pvt. Ltd.,Sumeru Securities Pvt. Ltd.,830,281.3,233479.0,2025-09-04T12:44:32.202214
2025-09-04,44191,2025090404006128,AHPC,Linch Stock Market Ltd.,Sumeru Securities Pvt. Ltd.,50,281.3,14065.0,2025-09-04T12:44:32.202353
2025-09-04,44190,2025090404006129,AHPC,Sewa Securities Pvt. Ltd.,Sumeru Securities Pvt. Ltd.,25,281.3,7032.5,2025-09-04T12:44:32.202425
2025-09-04,44189,2025090404006130,AHPC,Sanima Securities Limited,Sumeru Securities Pvt. Ltd.,20,281.1,5622.0,2025-09-04T12:44:32.202504
2025-09-04,44188,2025090404006131,AHPC,Bhrikuti Stock Broking Co. Pvt. Ltd.,Sumeru Securities Pvt. Ltd.,350,281.1,98385.0,2025-09-04T12:44:32.202583
2025-09-04,44187,2025090404006132,AHPC,Blue Chip Securities Ltd,Sumeru Securities Pvt. Ltd.,500,281.0,140500.0,2025-09-04T12:44:32.202661
2025-09-04,44186,2025090404006133,AHPC,Trishakti Securities Public Limited,Sumeru Securities Pvt. Ltd.,20,281.0,5620.0,2025-09-04T12:44:32.202738
2025-09-04,44185,2025090404006134,AHPC,Thrive Brokerage House Pvt. Ltd,Sumeru Securities Pvt. Ltd.,200,281.0,56200.0,2025-09-04T12:44:32.202835
2025-09-04,44106,2025090404006149,AHPC,Malla & Malla Stock Broking Company Pvt. Limited,Sani Securities Company Ltd.,100,281.0,28100.0,2025-09-04T12:44:48.470676
2025-09-04,43617,2025090404006231,AHPC,Dipshikha Dhitopatra Karobar Co. Pvt Ltd.,Dakshinkali Investment & Securities Pvt. Ltd.,65,281.1,18271.5,2025-09-04T12:46:24.61004
2025-09-04,43616,2025090404006232,AHPC,Sewa Securities Pvt. Ltd.,Dakshinkali Investment & Securities Pvt. Ltd.,100,281.0,28100.0,2025-09-04T12:46:24.610363
2025-09-04,43615,2025090404006233,AHPC,Sewa Securities Pvt. Ltd.,Dakshinkali Investment & Securities Pvt. Ltd.,200,281.0,56200.0,2025-09-04T12:46:24.6105
2025-09-04,43614,2025090404006234,AHPC,Shree Krishna Securities Ltd.,Dakshinkali Investment & Securities Pvt. Ltd.,100,281.0,28100.0,2025-09-04T12:46:24.610604
2025-09-04,43613,2025090404006235,AHPC,Dakshinkali Investment & Securities Pvt. Ltd.,Dakshinkali Investment & Securities Pvt. Ltd.,35,281.0,9835.0,2025-09-04T12:46:24.610708
2025-09-04,43437,2025090404006281,AHPC,Dakshinkali Investment & Securities Pvt. Ltd.,Imperial Securities Company Pvt. Ltd.,65,281.0,18265.0,2025-09-04T12:46:59.819818
2025-09-04,43377,2025090404006309,AHPC,Aryatara Investment & Securities,Imperial Securities Company Pvt. Ltd.,50,281.0,14050.0,2025-09-04T12:47:10.805621
2025-09-04,43233,2025090404006332,AHPC,Aryatara Investment & Securities,Aryatara Investment & Securities,20,280.7,5614.0,2025-09-04T12:47:47.189783
2025-09-04,43102,2025090404006358,AHPC,Midas Stock Broking Company Private Limited,Imperial Securities Company Pvt. Ltd.,185,280.7,51929.5,2025-09-04T12:48:18.983982
2025-09-04,42808,2025090404006426,AHPC,Midas Stock Broking Company Private Limited,Aryatara Investment & Securities,10,280.7,2807.0,2025-09-04T12:49:09.897033
2025-09-04,42796,2025090404006427,AHPC,Secured Securities Ltd.,Deevyaa Securities & Stock House Pvt. Ltd,40,281.0,11240.0,2025-09-04T12:49:12.663628
2025-09-04,41894,2025090404006615,AHPC,Secured Securities Ltd.,South Asian Bulls Pvt. Ltd.,49,281.9,13813.1,2025-09-04T12:52:13.883643
2025-09-04,41697,2025090404006656,AHPC,Secured Securities Ltd.,Sani Securities Company Ltd.,100,281.2,28120.0,2025-09-04T12:52:50.506762
2025-09-04,41696,2025090404006657,AHPC,Shree Krishna Securities Ltd.,Sani Securities Company Ltd.,60,281.1,16866.0,2025-09-04T12:52:50.507089
2025-09-04,41633,2025090404006666,AHPC,South Asian Bulls Pvt. Ltd.,Kohinoor Investment & Securities Pvt. Ltd.,40,281.0,11240.0,2025-09-04T12:53:02.34888
2025-09-04,41494,2025090404006711,AHPC,Sweta Securities Private Limited,Sani Securities Company Ltd.,20,281.1,5622.0,2025-09-04T12:53:29.278767
2025-09-04,41446,2025090404006725,AHPC,South Asian Bulls Pvt. Ltd.,Neev Securities Pvt. Ltd.,260,281.0,73060.0,2025-09-04T12:53:41.07048
2025-09-04,41445,2025090404006726,AHPC,Sagarmatha Securities Private Limited,Neev Securities Pvt. Ltd.,50,280.6,14030.0,2025-09-04T12:53:41.071046
2025-09-04,41444,2025090404006727,AHPC,Trishakti Securities Public Limited,Neev Securities Pvt. Ltd.,100,280.6,28060.0,2025-09-04T12:53:41.071399
2025-09-04,41443,2025090404006728,AHPC,Dakshinkali Investment & Securities Pvt. Ltd.,Neev Securities Pvt. Ltd.,125,280.6,35075.0,2025-09-04T12:53:41.071729
2025-09-04,41442,2025090404006729,AHPC,Malla & Malla Stock Broking Company Pvt. Limited,Neev Securities Pvt. Ltd.,10,280.6,2806.0,2025-09-04T12:53:41.072135
2025-09-04,41441,2025090404006730,AHPC,Trademow Securities Private Limited,Neev Securities Pvt. Ltd.,300,280.6,84180.0,2025-09-04T12:53:41.072644
2025-09-04,41440,2025090404006731,AHPC,Online Securities Pvt. Ltd.,Neev Securities Pvt. Ltd.,500,280.5,140250.0,2025-09-04T12:53:41.073123
2025-09-04,41439,2025090404006732,AHPC,Sunrise Securities Limited,Neev Securities Pvt. Ltd.,645,280.5,180922.5,2025-09-04T12:53:41.073588
2025-09-04,41362,2025090404006752,AHPC,Sunrise Securities Limited,Neev Securities Pvt. Ltd.,10,280.5,2805.0,2025-09-04T12:53:59.135984
2025-09-04,41183,2025090404006788,AHPC,Sewa Securities Pvt. Ltd.,Secured Securities Ltd.,100,281.0,28100.0,2025-09-04T12:54:37.71861
2025-09-04,41142,2025090404006798,AHPC,Vision Securities Pvt. Ltd,Secured Securities Ltd.,400,281.0,112400.0,2025-09-04T12:54:46.140237
2025-09-04,41141,2025090404006799,AHPC,Vision Securities Pvt. Ltd,ABC Securities Private Limited,100,281.0,28100.0,2025-09-04T12:54:46.140494
2025-09-04,41115,2025090404006800,AHPC,Deevyaa Securities & Stock House Pvt. Ltd,ABC Securities Private Limited,1900,281.0,533900.0,2025-09-04T12:54:51.619074
2025-09-04,41015,2025090404006816,AHPC,Deevyaa Securities & Stock House Pvt. Ltd,Shree Krishna Securities Ltd.,55,281.0,15455.0,2025-09-04T12:55:15.586408
2025-09-04,40888,2025090404006840,AHPC,Deevyaa Securities & Stock House Pvt. Ltd,Cristal Kanchanjanga Securites Pvt. Ltd.,545,281.0,153145.0,2025-09-04T12:55:41.596835
2025-09-04,40887,2025090404006841,AHPC,Trishakti Securities Public Limited,Cristal Kanchanjanga Securites Pvt. Ltd.,100,280.6,28060.0,2025-09-04T12:55:41.597163
2025-09-04,40886,2025090404006842,AHPC,Dakshinkali Investment & Securities Pvt. Ltd.,Cristal Kanchanjanga Securites Pvt. Ltd.,500,280.6,140300.0,2025-09-04T12:55:41.597289
2025-09-04,40885,2025090404006843,AHPC,Primo Securities (PVT) Ltd.,Cristal Kanchanjanga Securites Pvt. Ltd.,800,280.6,224480.0,2025-09-04T12:55:41.597409
2025-09-04,40884,2025090404006844,AHPC,Secured Securities Ltd.,Cristal Kanchanjanga Securites Pvt. Ltd.,55,280.6,15433.0,2025-09-04T12:55:41.597524
2025-09-04,39858,2025090404007098,AHPC,Secured Securities Ltd.,Aryatara Investment & Securities,70,280.8,19656.0,2025-09-04T12:59:38.140023
2025-09-04,39384,2025090404007217,AHPC,Capital Max Securities Ltd,Sundhara Securities Limited,10,281.0,2810.0,2025-09-04T13:01:30.992619
2025-09-04,39260,2025090404007284,AHPC,Secured Securities Ltd.,Sani Securities Company Ltd.,320,281.1,89952.0,2025-09-04T13:01:56.438239
2025-09-04,38766,2025090404007424,AHPC,Sundhara Securities Limited,Kumari Securities Private Limited,100,282.0,28200.0,2025-09-04T13:03:48.666873
2025-09-04,38094,2025090404007556,AHPC,Linch Stock Market Ltd.,Kumari Securities Private Limited,169,282.0,47658.0,2025-09-04T13:06:14.565376
2025-09-04,38093,2025090404007557,AHPC,Linch Stock Market Ltd.,Kumari Securities Private Limited,331,282.0,93342.0,2025-09-04T13:06:14.565698
2025-09-04,38082,2025090404007560,AHPC,Deevyaa Securities & Stock House Pvt. Ltd,Sani Securities Company Ltd.,100,281.5,28150.0,2025-09-04T13:06:18.554208
2025-09-04,38081,2025090404007561,AHPC,Shree Krishna Securities Ltd.,Sani Securities Company Ltd.,30,281.2,8436.0,2025-09-04T13:06:18.554503
2025-09-04,38046,2025090404007583,AHPC,Shree Krishna Securities Ltd.,Online Securities Pvt. Ltd.,50,281.2,14060.0,2025-09-04T13:06:23.40684
2025-09-04,38045,2025090404007584,AHPC,Secured Securities Ltd.,Online Securities Pvt. Ltd.,10,281.0,2810.0,2025-09-04T13:06:23.407153
2025-09-04,38044,2025090404007585,AHPC,Garima Securities Limited,Online Securities Pvt. Ltd.,30,281.0,8430.0,2025-09-04T13:06:23.407283
2025-09-04,38043,2025090404007586,AHPC,Asian Securities Private Ltd.,Online Securities Pvt. Ltd.,20,281.0,5620.0,2025-09-04T13:06:23.40743
2025-09-04,38042,2025090404007587,AHPC,Online Securities Pvt. Ltd.,Online Securities Pvt. Ltd.,190,281.0,53390.0,2025-09-04T13:06:23.407584
2025-09-04,37969,2025090404007608,AHPC,Sundhara Securities Limited,Dynamic Money Managers Securities Pvt. Ltd.,200,281.5,56300.0,2025-09-04T13:06:40.308953
2025-09-04,37701,2025090404007663,AHPC,Secured Securities Ltd.,Dynamic Money Managers Securities Pvt. Ltd.,300,281.5,84450.0,2025-09-04T13:07:40.463848
2025-09-04,37452,2025090404007723,AHPC,Sumeru Securities Pvt. Ltd.,Vision Securities Pvt. Ltd,50,281.5,14075.0,2025-09-04T13:08:27.40546
2025-09-04,37451,2025090404007724,AHPC,Sani Securities Company Ltd.,Vision Securities Pvt. Ltd,50,281.5,14075.0,2025-09-04T13:08:27.405781
2025-09-04,37343,2025090404007772,AHPC,Sani Securities Company Ltd.,Vision Securities Pvt. Ltd,100,281.5,28150.0,2025-09-04T13:08:50.572985
2025-09-04,36873,2025090404007884,AHPC,SUN SECURITIES PVT LTD,Vision Securities Pvt. Ltd,2000,281.6,563200.0,2025-09-04T13:10:53.072266
2025-09-04,36511,2025090404007964,AHPC,Imperial Securities Company Pvt. Ltd.,Deevyaa Securities & Stock House Pvt. Ltd,9,281.0,2529.0,2025-09-04T13:12:25.762891
2025-09-04,36470,2025090404007972,AHPC,Aryatara Investment & Securities,Kumari Securities Private Limited,250,282.0,70500.0,2025-09-04T13:12:38.060375
2025-09-04,36290,2025090404008001,AHPC,Aryatara Investment & Securities,Kumari Securities Private Limited,219,282.0,61758.0,2025-09-04T13:13:26.419449
2025-09-04,36289,2025090404008002,AHPC,Aryatara Investment & Securities,Imperial Securities Company Pvt. Ltd.,120,282.0,33840.0,2025-09-04T13:13:26.419755
2025-09-04,36288,2025090404008003,AHPC,Aryatara Investment & Securities,J.F. Securites (PVT) Ltd.,61,282.0,17202.0,2025-09-04T13:13:26.419889
2025-09-04,36151,2025090404008021,AHPC,Secured Securities Ltd.,J.F. Securites (PVT) Ltd.,39,282.0,10998.0,2025-09-04T13:14:08.191521
2025-09-04,35864,2025090404008057,AHPC,Sani Securities Company Ltd.,Online Securities Pvt. Ltd.,30,281.5,8445.0,2025-09-04T13:15:21.085668
2025-09-04,35813,2025090404008065,AHPC,Sani Securities Company Ltd.,Naasa Securities Co. Ltd.,111,281.5,31246.5,2025-09-04T13:15:42.436368
2025-09-04,35682,2025090404008085,AHPC,Sani Securities Company Ltd.,Aryatara Investment & Securities,100,281.5,28150.0,2025-09-04T13:16:22.842884
2025-09-04,35542,2025090404008104,AHPC,Sani Securities Company Ltd.,Sani Securities Company Ltd.,209,281.5,58833.5,2025-09-04T13:16:50.018138
2025-09-04,35541,2025090404008105,AHPC,Midas Stock Broking Company Private Limited,Sani Securities Company Ltd.,91,281.5,25616.5,2025-09-04T13:16:50.018467
2025-09-04,35254,2025090404008181,AHPC,Aryatara Investment & Securities,Aryatara Investment & Securities,500,282.0,141000.0,2025-09-04T13:18:10.914861
2025-09-04,35253,2025090404008182,AHPC,Aryatara Investment & Securities,Aryatara Investment & Securities,10,282.0,2820.0,2025-09-04T13:18:10.915188
2025-09-04,35252,2025090404008183,AHPC,Aryatara Investment & Securities,Malla & Malla Stock Broking Company Pvt. Limited,190,282.0,53580.0,2025-09-04T13:18:10.915331
2025-09-04,34596,2025090404008337,AHPC,Agrawal Securities (PVT) Ltd.,Sweta Securities Private Limited,45,281.6,12672.0,2025-09-04T13:21:03.659992
2025-09-04,34595,2025090404008338,AHPC,Midas Stock Broking Company Private Limited,Sweta Securities Private Limited,209,281.5,58833.5,2025-09-04T13:21:03.660361
2025-09-04,34594,2025090404008339,AHPC,South Asian Bulls Pvt. Ltd.,Sweta Securities Private Limited,100,281.5,28150.0,2025-09-04T13:21:03.660552
2025-09-04,34593,2025090404008340,AHPC,Secured Securities Ltd.,Sweta Securities Private Limited,100,281.1,28110.0,2025-09-04T13:21:03.660747
2025-09-04,34592,2025090404008341,AHPC,Online Securities Pvt. Ltd.,Sweta Securities Private Limited,46,281.0,12926.0,2025-09-04T13:21:03.660941
2025-09-04,34399,2025090404008386,AHPC,Asian Securities Private Ltd.,Nagarik Stock Dealer ,20,281.1,5622.0,2025-09-04T13:22:11.856264
2025-09-04,34020,2025090404008478,AHPC,Asian Securities Private Ltd.,Naasa Securities Co. Ltd.,56,281.1,15741.6,2025-09-04T13:23:55.420708
2025-09-04,33778,2025090404008518,AHPC,Asian Securities Private Ltd.,Imperial Securities Company Pvt. Ltd.,20,281.1,5622.0,2025-09-04T13:24:54.560668
2025-09-04,33373,2025090404008583,AHPC,Asian Securities Private Ltd.,Kalika Securities Pvt. Ltd.,518,281.1,145609.8,2025-09-04T13:26:12.964194
2025-09-04,33348,2025090404008587,AHPC,Sweta Securities Private Limited,Kalika Securities Pvt. Ltd.,1000,281.1,281100.0,2025-09-04T13:26:17.768549
2025-09-04,33048,2025090404008659,AHPC,Aryatara Investment & Securities,Kalika Securities Pvt. Ltd.,74,281.1,20801.4,2025-09-04T13:27:39.293438
2025-09-04,33027,2025090404008668,AHPC,Online Securities Pvt. Ltd.,Imperial Securities Company Pvt. Ltd.,100,281.0,28100.0,2025-09-04T13:27:47.344884
2025-09-04,32980,2025090404008682,AHPC,Sharepro Securities Private Limited,Kalika Securities Pvt. Ltd.,531,281.1,149264.1,2025-09-04T13:28:01.161637
2025-09-04,32979,2025090404008683,AHPC,Sharepro Securities Private Limited,Vision Securities Pvt. Ltd,130,281.1,36543.0,2025-09-04T13:28:01.162385
2025-09-04,31449,2025090404009085,AHPC,Vision Securities Pvt. Ltd,Arun Securities (PVT) Ltd.,100,281.2,28120.0,2025-09-04T13:34:53.60876
2025-09-04,31448,2025090404009086,AHPC,Asian Securities Private Ltd.,Arun Securities (PVT) Ltd.,50,281.2,14060.0,2025-09-04T13:34:53.609173
2025-09-04,31350,2025090404009111,AHPC,Secured Securities Ltd.,Dakshinkali Investment & Securities Pvt. Ltd.,661,281.1,185807.1,2025-09-04T13:35:18.030566
2025-09-04,31349,2025090404009112,AHPC,J.F. Securites (PVT) Ltd.,Dakshinkali Investment & Securities Pvt. Ltd.,50,281.1,14055.0,2025-09-04T13:35:18.031091
2025-09-04,31348,2025090404009113,AHPC,S.P.S.A. Securities Limited,Dakshinkali Investment & Securities Pvt. Ltd.,48,281.1,13492.8,2025-09-04T13:35:18.031232
2025-09-04,31347,2025090404009114,AHPC,Online Securities Pvt. Ltd.,Dakshinkali Investment & Securities Pvt. Ltd.,664,281.0,186584.0,2025-09-04T13:35:18.031385
2025-09-04,31346,2025090404009115,AHPC,Dipshikha Dhitopatra Karobar Co. Pvt Ltd.,Dakshinkali Investment & Securities Pvt. Ltd.,200,281.0,56200.0,2025-09-04T13:35:18.031521
2025-09-04,31345,2025090404009116,AHPC,Premier Securities Company Ltd.,Dakshinkali Investment & Securities Pvt. Ltd.,377,281.0,105937.0,2025-09-04T13:35:18.031651
2025-09-04,31192,2025090404009154,AHPC,Premier Securities Company Ltd.,Naasa Securities Co. Ltd.,123,281.0,34563.0,2025-09-04T13:35:55.204959
2025-09-04,31191,2025090404009155,AHPC,J.F. Securites (PVT) Ltd.,Naasa Securities Co. Ltd.,50,281.0,14050.0,2025-09-04T13:35:55.205614
2025-09-04,31190,2025090404009156,AHPC,Naasa Securities Co. Ltd.,Naasa Securities Co. Ltd.,355,281.0,99755.0,2025-09-04T13:35:55.206022
2025-09-04,31189,2025090404009157,AHPC,Dakshinkali Investment & Securities Pvt. Ltd.,Naasa Securities Co. Ltd.,300,281.0,84300.0,2025-09-04T13:35:55.206433
2025-09-04,31188,2025090404009158,AHPC,Sewa Securities Pvt. Ltd.,Naasa Securities Co. Ltd.,200,281.0,56200.0,2025-09-04T13:35:55.20683
2025-09-04,31187,2025090404009159,AHPC,Oxford Securities Pvt. Ltd.,Naasa Securities Co. Ltd.,500,281.0,140500.0,2025-09-04T13:35:55.207256
2025-09-04,31186,2025090404009160,AHPC,Naasa Securities Co. Ltd.,Naasa Securities Co. Ltd.,233,281.0,65473.0,2025-09-04T13:35:55.207678
2025-09-04,30896,2025090404009222,AHPC,Cristal Kanchanjanga Securites Pvt. Ltd.,Naasa Securities Co. Ltd.,60,281.0,16860.0,2025-09-04T13:37:15.585867
2025-09-04,30884,2025090404009225,AHPC,Thrive Brokerage House Pvt. Ltd,Naasa Securities Co. Ltd.,500,281.0,140500.0,2025-09-04T13:37:17.954412
2025-09-04,30770,2025090404009258,AHPC,Cristal Kanchanjanga Securites Pvt. Ltd.,Naasa Securities Co. Ltd.,100,281.0,28100.0,2025-09-04T13:37:41.69167
2025-09-04,30748,2025090404009267,AHPC,Himalayan Brokerage Company Limited,Naasa Securities Co. Ltd.,200,281.0,56200.0,2025-09-04T13:37:47.153787
2025-09-04,30720,2025090404009273,AHPC,South Asian Bulls Pvt. Ltd.,Market Securities & Exchange (PVT) Ltd.,100,280.9,28090.0,2025-09-04T13:37:53.163273
2025-09-04,30719,2025090404009274,AHPC,Miyo Securities Pvt Ltd,Market Securities & Exchange (PVT) Ltd.,300,280.9,84270.0,2025-09-04T13:37:53.163926
2025-09-04,30718,2025090404009275,AHPC,Kumari Securities Private Limited,Market Securities & Exchange (PVT) Ltd.,100,280.9,28090.0,2025-09-04T13:37:53.16436
2025-09-04,30365,2025090404009331,AHPC,Swarna Laxmi Securities Pvt. Ltd.,Naasa Securities Co. Ltd.,379,281.0,106499.0,2025-09-04T13:39:22.329534
2025-09-04,30364,2025090404009332,AHPC,Swarna Laxmi Securities Pvt. Ltd.,K.B.L. Securities Limited ,621,281.0,174501.0,2025-09-04T13:39:22.329873
2025-09-04,30122,2025090404009388,AHPC,Oxford Securities Pvt. Ltd.,K.B.L. Securities Limited ,679,281.0,190799.0,2025-09-04T13:40:25.288579
2025-09-04,30081,2025090404009397,AHPC,Kumari Securities Private Limited,Kalika Securities Pvt. Ltd.,100,280.9,28090.0,2025-09-04T13:40:39.009673
2025-09-04,29756,2025090404009454,AHPC,Aryatara Investment & Securities,Naasa Securities Co. Ltd.,500,281.0,140500.0,2025-09-04T13:41:25.699987
2025-09-04,29755,2025090404009455,AHPC,ABC Securities Private Limited,Naasa Securities Co. Ltd.,265,281.0,74465.0,2025-09-04T13:41:25.700339
2025-09-04,29305,2025090404009547,AHPC,Nepal Stock House (PVT) Ltd.,Naasa Securities Co. Ltd.,65,281.0,18265.0,2025-09-04T13:42:53.426696
2025-09-04,29175,2025090404009582,AHPC,Kumari Securities Private Limited,Kohinoor Investment & Securities Pvt. Ltd.,300,280.9,84270.0,2025-09-04T13:43:28.478568
2025-09-04,29007,2025090404009620,AHPC,Aryatara Investment & Securities,Kohinoor Investment & Securities Pvt. Ltd.,50,280.9,14045.0,2025-09-04T13:44:10.315387
2025-09-04,28923,2025090404009625,AHPC,Aryatara Investment & Securities,Naasa Securities Co. Ltd.,362,281.0,101722.0,2025-09-04T13:44:25.422075
2025-09-04,28799,2025090404009652,AHPC,Sunrise Securities Limited,Dakshinkali Investment & Securities Pvt. Ltd.,500,280.8,140400.0,2025-09-04T13:44:54.846467
2025-09-04,28621,2025090404009675,AHPC,Naasa Securities Co. Ltd.,Naasa Securities Co. Ltd.,205,281.0,57605.0,2025-09-04T13:45:37.270153
2025-09-04,28617,2025090404009676,AHPC,Sunrise Securities Limited,Market Securities & Exchange (PVT) Ltd.,500,280.8,140400.0,2025-09-04T13:45:38.151545
2025-09-04,28567,2025090404009689,AHPC,Secured Securities Ltd.,Naasa Securities Co. Ltd.,603,281.0,169443.0,2025-09-04T13:45:58.182393
2025-09-04,28566,2025090404009690,AHPC,Secured Securities Ltd.,J.F. Securites (PVT) Ltd.,100,281.0,28100.0,2025-09-04T13:45:58.183049
2025-09-04,28400,2025090404009728,AHPC,Trishakti Securities Public Limited,Sani Securities Company Ltd.,20,281.0,5620.0,2025-09-04T13:46:42.685584
2025-09-04,28386,2025090404009732,AHPC,Trishakti Securities Public Limited,Dakshinkali Investment & Securities Pvt. Ltd.,480,281.0,134880.0,2025-09-04T13:46:49.5927
2025-09-04,28385,2025090404009733,AHPC,Secured Securities Ltd.,Dakshinkali Investment & Securities Pvt. Ltd.,20,281.0,5620.0,2025-09-04T13:46:49.593057
2025-09-04,28384,2025090404009734,AHPC,Sunrise Securities Limited,Dakshinkali Investment & Securities Pvt. Ltd.,345,280.8,96876.0,2025-09-04T13:46:49.593229
2025-09-04,28383,2025090404009735,AHPC,Linch Stock Market Ltd.,Dakshinkali Investment & Securities Pvt. Ltd.,100,280.8,28080.0,2025-09-04T13:46:49.593422
2025-09-04,28382,2025090404009736,AHPC,Creative Securities Pvt Ltd,Dakshinkali Investment & Securities Pvt. Ltd.,10,280.8,2808.0,2025-09-04T13:46:49.593567
2025-09-04,28381,2025090404009737,AHPC,Linch Stock Market Ltd.,Dakshinkali Investment & Securities Pvt. Ltd.,50,280.8,14040.0,2025-09-04T13:46:49.593694
2025-09-04,28380,2025090404009738,AHPC,Asian Securities Private Ltd.,Dakshinkali Investment & Securities Pvt. Ltd.,317,280.8,89013.6,2025-09-04T13:46:49.593828
2025-09-04,28149,2025090404009777,AHPC,South Asian Bulls Pvt. Ltd.,Shree Krishna Securities Ltd.,703,281.0,197543.0,2025-09-04T13:47:41.271872
2025-09-04,27949,2025090404009847,AHPC,Asian Securities Private Ltd.,Cristal Kanchanjanga Securites Pvt. Ltd.,150,280.8,42120.0,2025-09-04T13:48:25.054871
2025-09-04,27741,2025090404009901,AHPC,Sani Securities Company Ltd.,Dakshinkali Investment & Securities Pvt. Ltd.,25,281.0,7025.0,2025-09-04T13:49:05.739654
2025-09-04,27248,2025090404010030,AHPC,Sani Securities Company Ltd.,South Asian Bulls Pvt. Ltd.,17,280.9,4775.3,2025-09-04T13:51:01.933925
2025-09-04,27247,2025090404010031,AHPC,Asian Securities Private Ltd.,South Asian Bulls Pvt. Ltd.,33,280.8,9266.4,2025-09-04T13:51:01.93428
2025-09-04,27246,2025090404010032,AHPC,Premier Securities Company Ltd.,South Asian Bulls Pvt. Ltd.,712,280.8,199929.6,2025-09-04T13:51:01.934442
2025-09-04,27141,2025090404010064,AHPC,South Asian Bulls Pvt. Ltd.,Vision Securities Pvt. Ltd,500,280.7,140350.0,2025-09-04T13:51:23.861949
2025-09-04,27140,2025090404010065,AHPC,Oxford Securities Pvt. Ltd.,Vision Securities Pvt. Ltd,2000,280.6,561200.0,2025-09-04T13:51:23.862038
2025-09-04,27139,2025090404010066,AHPC,Nepal Stock House (PVT) Ltd.,Vision Securities Pvt. Ltd,2000,280.6,561200.0,2025-09-04T13:51:23.862069
2025-09-04,27138,2025090404010067,AHPC,Sundhara Securities Limited,Vision Securities Pvt. Ltd,100,280.6,28060.0,2025-09-04T13:51:23.862097
2025-09-04,27137,2025090404010068,AHPC,Imperial Securities Company Pvt. Ltd.,Vision Securities Pvt. Ltd,900,280.6,252540.0,2025-09-04T13:51:23.86213
2025-09-04,27109,2025090404010077,AHPC,Imperial Securities Company Pvt. Ltd.,Dakshinkali Investment & Securities Pvt. Ltd.,500,280.6,140300.0,2025-09-04T13:51:30.166023
2025-09-04,26805,2025090404010140,AHPC,Secured Securities Ltd.,South Asian Bulls Pvt. Ltd.,100,280.8,28080.0,2025-09-04T13:52:35.493706
2025-09-04,26646,2025090404010178,AHPC,Sharepro Securities Private Limited,Imperial Securities Company Pvt. Ltd.,937,280.7,263015.9,2025-09-04T13:53:17.70155
2025-09-04,26534,2025090404010217,AHPC,Imperial Securities Company Pvt. Ltd.,South Asian Bulls Pvt. Ltd.,100,280.8,28080.0,2025-09-04T13:53:40.802235
2025-09-04,26505,2025090404010218,AHPC,Online Securities Pvt. Ltd.,Dakshinkali Investment & Securities Pvt. Ltd.,1000,280.7,280700.0,2025-09-04T13:53:47.916516
2025-09-04,26427,2025090404010261,AHPC,Oxford Securities Pvt. Ltd.,South Asian Bulls Pvt. Ltd.,38,280.8,10670.4,2025-09-04T13:54:05.690844
2025-09-04,26426,2025090404010262,AHPC,Oxford Securities Pvt. Ltd.,Dakshinkali Investment & Securities Pvt. Ltd.,55,281.0,15455.0,2025-09-04T13:54:05.691492
2025-09-04,26425,2025090404010263,AHPC,Oxford Securities Pvt. Ltd.,Primo Securities (PVT) Ltd.,281,281.0,78961.0,2025-09-04T13:54:05.691909
2025-09-04,26424,2025090404010264,AHPC,Oxford Securities Pvt. Ltd.,J.F. Securites (PVT) Ltd.,22,281.0,6182.0,2025-09-04T13:54:05.692337
2025-09-04,26379,2025090404010268,AHPC,Arun Securities (PVT) Ltd.,J.F. Securites (PVT) Ltd.,78,281.0,21918.0,2025-09-04T13:54:15.355405
2025-09-04,26378,2025090404010269,AHPC,Arun Securities (PVT) Ltd.,Nepal Investment And Securities Trading Private Limited,500,281.0,140500.0,2025-09-04T13:54:15.356017
2025-09-04,26377,2025090404010270,AHPC,Arun Securities (PVT) Ltd.,Naasa Securities Co. Ltd.,422,281.0,118582.0,2025-09-04T13:54:15.356462
2025-09-04,25045,2025090404010599,AHPC,Sweta Securities Private Limited,Online Securities Pvt. Ltd.,50,280.7,14035.0,2025-09-04T14:00:08.128082
2025-09-04,25044,2025090404010600,AHPC,Imperial Securities Company Pvt. Ltd.,Online Securities Pvt. Ltd.,200,280.6,56120.0,2025-09-04T14:00:08.128459
2025-09-04,24812,2025090404010687,AHPC,Capital Max Securities Ltd,Naasa Securities Co. Ltd.,10,281.0,2810.0,2025-09-04T14:00:58.709989
2025-09-04,24772,2025090404010699,AHPC,Midas Stock Broking Company Private Limited,Naasa Securities Co. Ltd.,68,281.0,19108.0,2025-09-04T14:01:10.305936
2025-09-04,24771,2025090404010700,AHPC,Midas Stock Broking Company Private Limited,Online Securities Pvt. Ltd.,20,281.0,5620.0,2025-09-04T14:01:10.306581
2025-09-04,24770,2025090404010701,AHPC,Midas Stock Broking Company Private Limited,J.F. Securites (PVT) Ltd.,50,281.0,14050.0,2025-09-04T14:01:10.307033
2025-09-04,24769,2025090404010702,AHPC,Midas Stock Broking Company Private Limited,Naasa Securities Co. Ltd.,862,281.0,242222.0,2025-09-04T14:01:10.307493
2025-09-04,24660,2025090404010730,AHPC,Imperial Securities Company Pvt. Ltd.,Naasa Securities Co. Ltd.,50,280.6,14030.0,2025-09-04T14:01:31.614707
2025-09-04,23693,2025090404010934,AHPC,Naasa Securities Co. Ltd.,Naasa Securities Co. Ltd.,800,281.0,224800.0,2025-09-04T14:04:49.837767
2025-09-04,23510,2025090404010977,AHPC,Bhrikuti Stock Broking Co. Pvt. Ltd.,Naasa Securities Co. Ltd.,200,281.0,56200.0,2025-09-04T14:05:37.252394
2025-09-04,23428,2025090404010998,AHPC,SUN SECURITIES PVT LTD,South Asian Bulls Pvt. Ltd.,1500,280.7,421050.0,2025-09-04T14:06:00.140747
2025-09-04,23254,2025090404011044,AHPC,Dynamic Money Managers Securities Pvt. Ltd.,Vision Securities Pvt. Ltd,25,280.7,7017.5,2025-09-04T14:06:44.334066
2025-09-04,23241,2025090404011047,AHPC,Kohinoor Investment & Securities Pvt. Ltd.,Naasa Securities Co. Ltd.,150,281.0,42150.0,2025-09-04T14:06:50.380371
2025-09-04,22991,2025090404011101,AHPC,MILKY WAY SHARE BROKER COMPANY LTD ,Naasa Securities Co. Ltd.,2988,281.0,839628.0,2025-09-04T14:07:46.573215
2025-09-04,22990,2025090404011102,AHPC,MILKY WAY SHARE BROKER COMPANY LTD ,Trisul Securities & Invt. Ltd.,250,281.0,70250.0,2025-09-04T14:07:46.57357
2025-09-04,22957,2025090404011116,AHPC,Naasa Securities Co. Ltd.,Dakshinkali Investment & Securities Pvt. Ltd.,343,281.0,96383.0,2025-09-04T14:07:52.022474
2025-09-04,22506,2025090404011237,AHPC,Dynamic Money Managers Securities Pvt. Ltd.,Kumari Securities Private Limited,100,280.7,28070.0,2025-09-04T14:09:40.518106
2025-09-04,22470,2025090404011244,AHPC,Dynamic Money Managers Securities Pvt. Ltd.,Trishakti Securities Public Limited,100,280.7,28070.0,2025-09-04T14:09:51.067742
2025-09-04,22271,2025090404011287,AHPC,South Asian Bulls Pvt. Ltd.,Dakshinkali Investment & Securities Pvt. Ltd.,327,281.0,91887.0,2025-09-04T14:10:30.341531
2025-09-04,22270,2025090404011288,AHPC,South Asian Bulls Pvt. Ltd.,Imperial Securities Company Pvt. Ltd.,200,281.0,56200.0,2025-09-04T14:10:30.342172
2025-09-04,21787,2025090404011389,AHPC,Vision Securities Pvt. Ltd,Creative Securities Pvt Ltd,200,281.1,56220.0,2025-09-04T14:12:16.437954
2025-09-04,21322,2025090404011534,AHPC,Dynamic Money Managers Securities Pvt. Ltd.,Nepal Stock House (PVT) Ltd.,75,280.7,21052.5,2025-09-04T14:14:00.883834
2025-09-04,21321,2025090404011535,AHPC,Agrawal Securities (PVT) Ltd.,Nepal Stock House (PVT) Ltd.,300,280.7,84210.0,2025-09-04T14:14:00.884546
2025-09-04,21320,2025090404011536,AHPC,Trisul Securities & Invt. Ltd.,Nepal Stock House (PVT) Ltd.,100,280.7,28070.0,2025-09-04T14:14:00.885022
2025-09-04,21319,2025090404011537,AHPC,Imperial Securities Company Pvt. Ltd.,Nepal Stock House (PVT) Ltd.,850,280.6,238510.0,2025-09-04T14:14:00.885509
2025-09-04,21318,2025090404011538,AHPC,Malla & Malla Stock Broking Company Pvt. Limited,Nepal Stock House (PVT) Ltd.,50,280.6,14030.0,2025-09-04T14:14:00.885955
2025-09-04,21317,2025090404011539,AHPC,Premier Securities Company Ltd.,Nepal Stock House (PVT) Ltd.,200,280.6,56120.0,2025-09-04T14:14:00.88641
2025-09-04,21316,2025090404011540,AHPC,Aryatara Investment & Securities,Nepal Stock House (PVT) Ltd.,300,280.6,84180.0,2025-09-04T14:14:00.886851
2025-09-04,21315,2025090404011541,AHPC,Creative Securities Pvt Ltd,Nepal Stock House (PVT) Ltd.,131,280.6,36758.6,2025-09-04T14:14:00.887336
2025-09-04,21232,2025090404011566,AHPC,Naasa Securities Co. Ltd.,Sharepro Securities Private Limited,10,280.7,2807.0,2025-09-04T14:14:21.110522
2025-09-04,21231,2025090404011567,AHPC,Creative Securities Pvt Ltd,Sharepro Securities Private Limited,69,280.6,19361.4,2025-09-04T14:14:21.110868
2025-09-04,21230,2025090404011568,AHPC,Secured Securities Ltd.,Sharepro Securities Private Limited,195,280.5,54697.5,2025-09-04T14:14:21.111024
2025-09-04,21229,2025090404011569,AHPC,Trishakti Securities Public Limited,Sharepro Securities Private Limited,300,280.5,84150.0,2025-09-04T14:14:21.111173
2025-09-04,21228,2025090404011570,AHPC,Shree Krishna Securities Ltd.,Sharepro Securities Private Limited,416,280.5,116688.0,2025-09-04T14:14:21.111337
2025-09-04,21044,2025090404011606,AHPC,Sewa Securities Pvt. Ltd.,Naasa Securities Co. Ltd.,100,281.0,28100.0,2025-09-04T14:15:06.814222
2025-09-04,20985,2025090404011611,AHPC,Shree Krishna Securities Ltd.,Sharepro Securities Private Limited,10,280.5,2805.0,2025-09-04T14:15:19.293666
2025-09-04,20276,2025090404011795,AHPC,Sharepro Securities Private Limited,Nepal Stock House (PVT) Ltd.,206,280.9,57865.4,2025-09-04T14:17:39.671658
2025-09-04,20272,2025090404011797,AHPC,Vision Securities Pvt. Ltd,Bhrikuti Stock Broking Co. Pvt. Ltd.,1000,280.6,280600.0,2025-09-04T14:17:40.413578
2025-09-04,20172,2025090404011825,AHPC,Shree Krishna Securities Ltd.,Creative Securities Pvt Ltd,100,281.1,28110.0,2025-09-04T14:18:04.218491
2025-09-04,20171,2025090404011826,AHPC,Shree Krishna Securities Ltd.,Arun Securities (PVT) Ltd.,4010,281.2,1127612.0,2025-09-04T14:18:04.218818
2025-09-04,20170,2025090404011827,AHPC,Shree Krishna Securities Ltd.,Himalayan Brokerage Company Limited,79,281.2,22214.8,2025-09-04T14:18:04.218975
2025-09-04,20086,2025090404011833,AHPC,Midas Stock Broking Company Private Limited,Linch Stock Market Ltd.,5,280.7,1403.5,2025-09-04T14:18:15.232822
2025-09-04,18942,2025090404012100,AHPC,Asian Securities Private Ltd.,Vision Securities Pvt. Ltd,20,281.5,5630.0,2025-09-04T14:22:23.202445
2025-09-04,18941,2025090404012101,AHPC,Asian Securities Private Ltd.,Vision Securities Pvt. Ltd,30,281.0,8430.0,2025-09-04T14:22:23.202886
2025-09-04,18940,2025090404012102,AHPC,Trisul Securities & Invt. Ltd.,Vision Securities Pvt. Ltd,500,281.0,140500.0,2025-09-04T14:22:23.20305
2025-09-04,18821,2025090404012133,AHPC,Online Securities Pvt. Ltd.,Naasa Securities Co. Ltd.,10,281.0,2810.0,2025-09-04T14:22:47.955348
2025-09-04,18726,2025090404012160,AHPC,Shree Krishna Securities Ltd.,Vision Securities Pvt. Ltd,4450,281.7,1253565.0,2025-09-04T14:23:12.300161
2025-09-04,18565,2025090404012193,AHPC,Shree Krishna Securities Ltd.,Vision Securities Pvt. Ltd,1000,281.7,281700.0,2025-09-04T14:23:38.810189
2025-09-04,18467,2025090404012208,AHPC,Shree Krishna Securities Ltd.,SUN SECURITIES PVT LTD,50,281.8,14090.0,2025-09-04T14:23:55.453925
2025-09-04,18466,2025090404012209,AHPC,Shree Krishna Securities Ltd.,SUN SECURITIES PVT LTD,20,281.8,5636.0,2025-09-04T14:23:55.454676
2025-09-04,18465,2025090404012210,AHPC,Shree Krishna Securities Ltd.,SUN SECURITIES PVT LTD,67,281.9,18887.3,2025-09-04T14:23:55.455156
2025-09-04,18464,2025090404012211,AHPC,Shree Krishna Securities Ltd.,Malla & Malla Stock Broking Company Pvt. Limited,60,282.0,16920.0,2025-09-04T14:23:55.455759
2025-09-04,18463,2025090404012212,AHPC,Shree Krishna Securities Ltd.,Siprabi Securities Pvt. Ltd.,10,282.0,2820.0,2025-09-04T14:23:55.456368
2025-09-04,18462,2025090404012213,AHPC,Shree Krishna Securities Ltd.,Sewa Securities Pvt. Ltd.,154,282.0,43428.0,2025-09-04T14:23:55.45683
2025-09-04,17999,2025090404012318,AHPC,Online Securities Pvt. Ltd.,Sani Securities Company Ltd.,210,281.0,59010.0,2025-09-04T14:25:42.110249
2025-09-04,17481,2025090404012426,AHPC,Asian Securities Private Ltd.,SUN SECURITIES PVT LTD,10,281.8,2818.0,2025-09-04T14:27:33.195603
2025-09-04,17480,2025090404012427,AHPC,Asian Securities Private Ltd.,Vision Securities Pvt. Ltd,10,281.9,2819.0,2025-09-04T14:27:33.195968
2025-09-04,17181,2025090404012496,AHPC,Midas Stock Broking Company Private Limited,Ashutosh Brokerage & Securities (PVT) Ltd.,10,281.5,2815.0,2025-09-04T14:28:35.97248
2025-09-04,17180,2025090404012497,AHPC,Midas Stock Broking Company Private Limited,Vision Securities Pvt. Ltd,10,281.9,2819.0,2025-09-04T14:28:35.972806
2025-09-04,17049,2025090404012545,AHPC,Arun Securities (PVT) Ltd.,Vision Securities Pvt. Ltd,4980,281.9,1403862.0,2025-09-04T14:28:53.177573
2025-09-04,17048,2025090404012546,AHPC,Arun Securities (PVT) Ltd.,Sewa Securities Pvt. Ltd.,246,282.0,69372.0,2025-09-04T14:28:53.178225
2025-09-04,17047,2025090404012547,AHPC,Arun Securities (PVT) Ltd.,Imperial Securities Company Pvt. Ltd.,200,282.0,56400.0,2025-09-04T14:28:53.178719
2025-09-04,17046,2025090404012548,AHPC,Arun Securities (PVT) Ltd.,Vision Securities Pvt. Ltd,200,282.0,56400.0,2025-09-04T14:28:53.179179
2025-09-04,17045,2025090404012549,AHPC,Arun Securities (PVT) Ltd.,Bhrikuti Stock Broking Co. Pvt. Ltd.,250,282.0,70500.0,2025-09-04T14:28:53.179655
2025-09-04,17044,2025090404012550,AHPC,Arun Securities (PVT) Ltd.,Linch Stock Market Ltd.,100,282.0,28200.0,2025-09-04T14:28:53.180115
2025-09-04,17043,2025090404012551,AHPC,Arun Securities (PVT) Ltd.,Citizens Share Broker Limited,810,282.0,228420.0,2025-09-04T14:28:53.180587
2025-09-04,17042,2025090404012552,AHPC,Arun Securities (PVT) Ltd.,Siprabi Securities Pvt. Ltd.,1000,282.0,282000.0,2025-09-04T14:28:53.181034
2025-09-04,17041,2025090404012553,AHPC,Arun Securities (PVT) Ltd.,Naasa Securities Co. Ltd.,100,282.0,28200.0,2025-09-04T14:28:53.181498
2025-09-04,17040,2025090404012554,AHPC,Arun Securities (PVT) Ltd.,Trisul Securities & Invt. Ltd.,1000,282.0,282000.0,2025-09-04T14:28:53.181968
2025-09-04,16835,2025090404012607,AHPC,Imperial Securities Company Pvt. Ltd.,Naasa Securities Co. Ltd.,45,282.3,12703.5,2025-09-04T14:29:26.108785
2025-09-04,16489,2025090404012702,AHPC,Dipshikha Dhitopatra Karobar Co. Pvt Ltd.,Naasa Securities Co. Ltd.,20,282.3,5646.0,2025-09-04T14:30:35.415306
2025-09-04,16411,2025090404012734,AHPC,Arun Securities (PVT) Ltd.,Siprabi Securities Pvt. Ltd.,250,282.0,70500.0,2025-09-04T14:30:49.91843
2025-09-04,16210,2025090404012778,AHPC,Arun Securities (PVT) Ltd.,ABC Securities Private Limited,22,282.0,6204.0,2025-09-04T14:31:23.005561
2025-09-04,16062,2025090404012828,AHPC,Arun Securities (PVT) Ltd.,Naasa Securities Co. Ltd.,75,282.0,21150.0,2025-09-04T14:31:46.47397
2025-09-04,16010,2025090404012837,AHPC,Asian Securities Private Ltd.,Naasa Securities Co. Ltd.,30,282.3,8469.0,2025-09-04T14:31:54.259869
2025-09-04,15941,2025090404012855,AHPC,Aryatara Investment & Securities,Naasa Securities Co. Ltd.,100,282.3,28230.0,2025-09-04T14:32:09.56185
2025-09-04,15675,2025090404012921,AHPC,Swarna Laxmi Securities Pvt. Ltd.,Naasa Securities Co. Ltd.,1000,282.3,282300.0,2025-09-04T14:32:58.935958
2025-09-04,15660,2025090404012924,AHPC,Sri Hari Securities Pvt. Ltd.,Naasa Securities Co. Ltd.,10,282.3,2823.0,2025-09-04T14:33:00.583576
2025-09-04,15574,2025090404012944,AHPC,Magnet Securities and Investment Company Private Limited,Naasa Securities Co. Ltd.,710,282.3,200433.0,2025-09-04T14:33:15.152241
2025-09-04,15573,2025090404012945,AHPC,Magnet Securities and Investment Company Private Limited,Asian Securities Private Ltd.,190,282.3,53637.0,2025-09-04T14:33:15.152653
2025-09-04,15513,2025090404012957,AHPC,Arun Securities (PVT) Ltd.,Trisul Securities & Invt. Ltd.,767,282.0,216294.0,2025-09-04T14:33:21.385364
2025-09-04,15512,2025090404012958,AHPC,ABC Securities Private Limited,Trisul Securities & Invt. Ltd.,233,282.0,65706.0,2025-09-04T14:33:21.385702
2025-09-04,15182,2025090404013065,AHPC,ABC Securities Private Limited,Ashutosh Brokerage & Securities (PVT) Ltd.,50,282.0,14100.0,2025-09-04T14:34:08.282725
2025-09-04,15029,2025090404013122,AHPC,ABC Securities Private Limited,South Asian Bulls Pvt. Ltd.,90,282.0,25380.0,2025-09-04T14:34:32.694072
2025-09-04,14296,2025090404013291,AHPC,Sri Hari Securities Pvt. Ltd.,Asian Securities Private Ltd.,10,282.3,2823.0,2025-09-04T14:36:13.736718
2025-09-04,14295,2025090404013292,AHPC,Sri Hari Securities Pvt. Ltd.,Himalayan Brokerage Company Limited,10,282.3,2823.0,2025-09-04T14:36:13.737088
2025-09-04,14113,2025090404013350,AHPC,Asian Securities Private Ltd.,South Asian Bulls Pvt. Ltd.,100,282.4,28240.0,2025-09-04T14:36:46.7509
2025-09-04,14112,2025090404013351,AHPC,Asian Securities Private Ltd.,Sewa Securities Pvt. Ltd.,100,282.4,28240.0,2025-09-04T14:36:46.751321
2025-09-04,13686,2025090404013466,AHPC,Premier Securities Company Ltd.,Bhrikuti Stock Broking Co. Pvt. Ltd.,200,283.0,56600.0,2025-09-04T14:37:49.059654
2025-09-04,13685,2025090404013467,AHPC,Premier Securities Company Ltd.,Imperial Securities Company Pvt. Ltd.,100,283.0,28300.0,2025-09-04T14:37:49.060049
2025-09-04,13684,2025090404013468,AHPC,Premier Securities Company Ltd.,Sharepro Securities Private Limited,800,283.0,226400.0,2025-09-04T14:37:49.060238
2025-09-04,13579,2025090404013507,AHPC,Naasa Securities Co. Ltd.,Linch Stock Market Ltd.,2060,283.3,583598.0,2025-09-04T14:38:03.498828
2025-09-04,13347,2025090404013560,AHPC,Online Securities Pvt. Ltd.,Sumeru Securities Pvt. Ltd.,99,283.7,28086.3,2025-09-04T14:38:37.312465
2025-09-04,13346,2025090404013561,AHPC,Online Securities Pvt. Ltd.,Sumeru Securities Pvt. Ltd.,175,284.0,49700.0,2025-09-04T14:38:37.313183
2025-09-04,13345,2025090404013562,AHPC,Online Securities Pvt. Ltd.,Agrawal Securities (PVT) Ltd.,70,284.0,19880.0,2025-09-04T14:38:37.313728
2025-09-04,13344,2025090404013563,AHPC,Online Securities Pvt. Ltd.,Thrive Brokerage House Pvt. Ltd,122,284.0,34648.0,2025-09-04T14:38:37.314236
2025-09-04,13343,2025090404013564,AHPC,Online Securities Pvt. Ltd.,Market Securities & Exchange (PVT) Ltd.,500,284.0,142000.0,2025-09-04T14:38:37.314717
2025-09-04,13342,2025090404013565,AHPC,Online Securities Pvt. Ltd.,Sewa Securities Pvt. Ltd.,200,284.0,56800.0,2025-09-04T14:38:37.315211
2025-09-04,13341,2025090404013566,AHPC,Online Securities Pvt. Ltd.,Vision Securities Pvt. Ltd,300,284.0,85200.0,2025-09-04T14:38:37.315705
2025-09-04,13340,2025090404013567,AHPC,Online Securities Pvt. Ltd.,J.F. Securites (PVT) Ltd.,13,284.0,3692.0,2025-09-04T14:38:37.316192
2025-09-04,13338,2025090404013569,AHPC,Online Securities Pvt. Ltd.,Aryatara Investment & Securities,21,284.0,5964.0,2025-09-04T14:38:37.458912
2025-09-04,13337,2025090404013570,AHPC,Naasa Securities Co. Ltd.,Aryatara Investment & Securities,479,283.3,135700.7,2025-09-04T14:38:37.459619
2025-09-04,13230,2025090404013594,AHPC,Sri Hari Securities Pvt. Ltd.,Aryatara Investment & Securities,50,283.8,14190.0,2025-09-04T14:39:01.283915
2025-09-04,12803,2025090404013662,AHPC,Naasa Securities Co. Ltd.,Trisul Securities & Invt. Ltd.,10,284.8,2848.0,2025-09-04T14:39:56.483137
2025-09-04,12535,2025090404013744,AHPC,Sagarmatha Securities Private Limited,Trisul Securities & Invt. Ltd.,800,284.8,227840.0,2025-09-04T14:40:38.958072
2025-09-04,11815,2025090404013901,AHPC,Sri Hari Securities Pvt. Ltd.,Trisul Securities & Invt. Ltd.,400,284.0,113600.0,2025-09-04T14:42:30.839608
2025-09-04,11814,2025090404013902,AHPC,Vision Securities Pvt. Ltd,Trisul Securities & Invt. Ltd.,270,284.0,76680.0,2025-09-04T14:42:30.839987
2025-09-04,11813,2025090404013903,AHPC,Naasa Securities Co. Ltd.,Trisul Securities & Invt. Ltd.,461,283.3,130601.3,2025-09-04T14:42:30.840155
2025-09-04,11812,2025090404013904,AHPC,Kohinoor Investment & Securities Pvt. Ltd.,Trisul Securities & Invt. Ltd.,300,283.3,84990.0,2025-09-04T14:42:30.840326
2025-09-04,11811,2025090404013905,AHPC,Premier Securities Company Ltd.,Trisul Securities & Invt. Ltd.,900,283.0,254700.0,2025-09-04T14:42:30.840486
2025-09-04,11810,2025090404013906,AHPC,Asian Securities Private Ltd.,Trisul Securities & Invt. Ltd.,10,283.0,2830.0,2025-09-04T14:42:30.840647
2025-09-04,11809,2025090404013907,AHPC,Kohinoor Investment & Securities Pvt. Ltd.,Trisul Securities & Invt. Ltd.,159,283.0,44997.0,2025-09-04T14:42:30.840814
2025-09-04,11515,2025090404013979,AHPC,Sani Securities Company Ltd.,Trisul Securities & Invt. Ltd.,10,284.8,2848.0,2025-09-04T14:43:13.073074
2025-09-04,11016,2025090404014068,AHPC,Imperial Securities Company Pvt. Ltd.,Trisul Securities & Invt. Ltd.,500,284.0,142000.0,2025-09-04T14:44:30.043474
2025-09-04,10529,2025090404014190,AHPC,Sri Hari Securities Pvt. Ltd.,Dipshikha Dhitopatra Karobar Co. Pvt Ltd.,20,284.0,5680.0,2025-09-04T14:45:41.275801
2025-09-04,10079,2025090404014260,AHPC,Online Securities Pvt. Ltd.,Dakshinkali Investment & Securities Pvt. Ltd.,10,284.7,2847.0,2025-09-04T14:46:38.249712
2025-09-04,9076,2025090404014527,AHPC,Naasa Securities Co. Ltd.,Nepal Investment And Securities Trading Private Limited,15,283.5,4252.5,2025-09-04T14:48:37.617757
2025-09-04,9075,2025090404014528,AHPC,Sri Hari Securities Pvt. Ltd.,Nepal Investment And Securities Trading Private Limited,137,283.5,38839.5,2025-09-04T14:48:37.618496
2025-09-04,9066,2025090404014532,AHPC,Sri Hari Securities Pvt. Ltd.,Premier Securities Company Ltd.,363,283.5,102910.5,2025-09-04T14:48:39.480933
2025-09-04,8941,2025090404014578,AHPC,Naasa Securities Co. Ltd.,Premier Securities Company Ltd.,137,283.5,38839.5,2025-09-04T14:48:57.323694
2025-09-04,8940,2025090404014579,AHPC,Naasa Securities Co. Ltd.,Trisul Securities & Invt. Ltd.,101,284.0,28684.0,2025-09-04T14:48:57.324062
2025-09-04,8289,2025090404014739,AHPC,Deevyaa Securities & Stock House Pvt. Ltd,Trisul Securities & Invt. Ltd.,160,284.0,45440.0,2025-09-04T14:50:05.773241
2025-09-04,7975,2025090404014798,AHPC,Siprabi Securities Pvt. Ltd.,Trisul Securities & Invt. Ltd.,20,284.0,5680.0,2025-09-04T14:50:39.482026
2025-09-04,7738,2025090404014868,AHPC,Sri Hari Securities Pvt. Ltd.,Nepal Investment And Securities Trading Private Limited,600,283.9,170340.0,2025-09-04T14:51:11.840288
2025-09-04,6814,2025090404015126,AHPC,Aryatara Investment & Securities,Trisul Securities & Invt. Ltd.,50,283.0,14150.0,2025-09-04T14:52:54.935212
2025-09-04,6813,2025090404015127,AHPC,Asian Securities Private Ltd.,Trisul Securities & Invt. Ltd.,100,283.0,28300.0,2025-09-04T14:52:54.935655
2025-09-04,6812,2025090404015128,AHPC,Dakshinkali Investment & Securities Pvt. Ltd.,Trisul Securities & Invt. Ltd.,200,283.0,56600.0,2025-09-04T14:52:54.935827
2025-09-04,6811,2025090404015129,AHPC,Kohinoor Investment & Securities Pvt. Ltd.,Trisul Securities & Invt. Ltd.,100,283.0,28300.0,2025-09-04T14:52:54.935993
2025-09-04,6810,2025090404015130,AHPC,Nepal Stock House (PVT) Ltd.,Trisul Securities & Invt. Ltd.,100,283.0,28300.0,2025-09-04T14:52:54.936164
2025-09-04,6809,2025090404015131,AHPC,South Asian Bulls Pvt. Ltd.,Trisul Securities & Invt. Ltd.,500,283.0,141500.0,2025-09-04T14:52:54.936361
2025-09-04,6808,2025090404015132,AHPC,Naasa Securities Co. Ltd.,Trisul Securities & Invt. Ltd.,250,283.0,70750.0,2025-09-04T14:52:54.936557
2025-09-04,6696,2025090404015162,AHPC,ABC Securities Private Limited,Nepal Investment And Securities Trading Private Limited,42,283.9,11923.8,2025-09-04T14:53:06.149195
2025-09-04,6681,2025090404015165,AHPC,Sri Hari Securities Pvt. Ltd.,Nepal Stock House (PVT) Ltd.,200,283.0,56600.0,2025-09-04T14:53:08.343923
2025-09-04,6653,2025090404015167,AHPC,Online Securities Pvt. Ltd.,Nepal Investment And Securities Trading Private Limited,500,283.9,141950.0,2025-09-04T14:53:09.443681
2025-09-04,6338,2025090404015239,AHPC,Capital Max Securities Ltd,Online Securities Pvt. Ltd.,1000,283.0,283000.0,2025-09-04T14:53:44.15198
2025-09-04,5536,2025090404015470,AHPC,Sani Securities Company Ltd.,Sani Securities Company Ltd.,100,283.0,28300.0,2025-09-04T14:54:55.122868
2025-09-04,5535,2025090404015471,AHPC,Sundhara Securities Limited,Sani Securities Company Ltd.,415,283.0,117445.0,2025-09-04T14:54:55.123223
2025-09-04,5477,2025090404015490,AHPC,Sundhara Securities Limited,Online Securities Pvt. Ltd.,85,283.0,24055.0,2025-09-04T14:54:59.965185
2025-09-04,5476,2025090404015491,AHPC,Sri Hari Securities Pvt. Ltd.,Online Securities Pvt. Ltd.,100,283.0,28300.0,2025-09-04T14:54:59.965967
2025-09-04,5475,2025090404015492,AHPC,Cristal Kanchanjanga Securites Pvt. Ltd.,Online Securities Pvt. Ltd.,330,283.0,93390.0,2025-09-04T14:54:59.966633
2025-09-04,5400,2025090404015516,AHPC,Cristal Kanchanjanga Securites Pvt. Ltd.,Trisul Securities & Invt. Ltd.,550,283.0,155650.0,2025-09-04T14:55:05.677375
2025-09-04,5399,2025090404015517,AHPC,Online Securities Pvt. Ltd.,Trisul Securities & Invt. Ltd.,10,283.0,2830.0,2025-09-04T14:55:06.054378
2025-09-04,5293,2025090404015546,AHPC,Imperial Securities Company Pvt. Ltd.,Trisul Securities & Invt. Ltd.,146,283.0,41318.0,2025-09-04T14:55:16.731552
2025-09-04,5191,2025090404015565,AHPC,Naasa Securities Co. Ltd.,Trisul Securities & Invt. Ltd.,138,283.0,39054.0,2025-09-04T14:55:25.814798
2025-09-04,5134,2025090404015592,AHPC,Nepal Stock House (PVT) Ltd.,Trisul Securities & Invt. Ltd.,736,283.0,208288.0,2025-09-04T14:55:32.061369
2025-09-04,5133,2025090404015593,AHPC,Nepal Stock House (PVT) Ltd.,Dakshinkali Investment & Securities Pvt. Ltd.,264,283.0,74712.0,2025-09-04T14:55:32.062169
2025-09-04,5092,2025090404015611,AHPC,Swarna Laxmi Securities Pvt. Ltd.,Dakshinkali Investment & Securities Pvt. Ltd.,725,283.0,205175.0,2025-09-04T14:55:37.700907
2025-09-04,4216,2025090404015821,AHPC,Trishakti Securities Public Limited,Kohinoor Investment & Securities Pvt. Ltd.,354,283.2,100252.8,2025-09-04T14:56:33.473206
2025-09-04,4087,2025090404015845,AHPC,Swarna Laxmi Securities Pvt. Ltd.,Nepal Investment And Securities Trading Private Limited,275,283.3,77907.5,2025-09-04T14:56:41.509404
2025-09-04,4086,2025090404015846,AHPC,South Asian Bulls Pvt. Ltd.,Nepal Investment And Securities Trading Private Limited,25,283.3,7082.5,2025-09-04T14:56:41.509803
2025-09-04,4069,2025090404015853,AHPC,Kumari Securities Private Limited,Hatemalo Financial Services Private Limited,30,283.5,8505.0,2025-09-04T14:56:42.942988
2025-09-04,4066,2025090404015855,AHPC,South Asian Bulls Pvt. Ltd.,Nepal Investment And Securities Trading Private Limited,20,283.3,5666.0,2025-09-04T14:56:43.52157
2025-09-04,3999,2025090404015878,AHPC,Sani Securities Company Ltd.,Hatemalo Financial Services Private Limited,20,283.5,5670.0,2025-09-04T14:56:47.530101
2025-09-04,3611,2025090404015988,AHPC,J.F. Securites (PVT) Ltd.,K.B.L. Securities Limited ,30,283.5,8505.0,2025-09-04T14:57:11.275924
2025-09-04,3593,2025090404015997,AHPC,South Asian Bulls Pvt. Ltd.,Secured Securities Ltd.,455,283.3,128901.5,2025-09-04T14:57:13.091851
2025-09-04,3592,2025090404015998,AHPC,Midas Stock Broking Company Private Limited,Secured Securities Ltd.,500,283.3,141650.0,2025-09-04T14:57:13.092205
2025-09-04,3591,2025090404015999,AHPC,Nepal Stock House (PVT) Ltd.,Secured Securities Ltd.,45,283.3,12748.5,2025-09-04T14:57:13.092369
2025-09-04,3552,2025090404016014,AHPC,Online Securities Pvt. Ltd.,K.B.L. Securities Limited ,300,283.5,85050.0,2025-09-04T14:57:16.220796
2025-09-04,3524,2025090404016018,AHPC,Imperial Securities Company Pvt. Ltd.,Primo Securities (PVT) Ltd.,50,283.4,14170.0,2025-09-04T14:57:17.838367
2025-09-04,3523,2025090404016019,AHPC,Nepal Stock House (PVT) Ltd.,Primo Securities (PVT) Ltd.,55,283.3,15581.5,2025-09-04T14:57:17.838433
2025-09-04,3522,2025090404016020,AHPC,Trishakti Securities Public Limited,Primo Securities (PVT) Ltd.,1895,283.2,536664.0,2025-09-04T14:57:17.838458
2025-09-04,3313,2025090404016072,AHPC,Online Securities Pvt. Ltd.,K.B.L. Securities Limited ,2670,283.5,756945.0,2025-09-04T14:57:30.417023
2025-09-04,3312,2025090404016073,AHPC,Online Securities Pvt. Ltd.,Aryatara Investment & Securities,320,283.5,90720.0,2025-09-04T14:57:30.417359
2025-09-04,3292,2025090404016081,AHPC,Online Securities Pvt. Ltd.,Nepal Investment And Securities Trading Private Limited,10,283.5,2835.0,2025-09-04T14:57:31.793404
2025-09-04,3291,2025090404016082,AHPC,Aryatara Investment & Securities,Nepal Investment And Securities Trading Private Limited,500,283.4,141700.0,2025-09-04T14:57:31.794285
2025-09-04,3263,2025090404016099,AHPC,Kohinoor Investment & Securities Pvt. Ltd.,Opal Securities Investment (PVT) Ltd.,200,283.3,56660.0,2025-09-04T14:57:33.821872
2025-09-04,3117,2025090404016128,AHPC,Sri Hari Securities Pvt. Ltd.,Opal Securities Investment (PVT) Ltd.,30,283.3,8499.0,2025-09-04T14:57:46.336184
2025-09-04,3081,2025090404016134,AHPC,Kohinoor Investment & Securities Pvt. Ltd.,Opal Securities Investment (PVT) Ltd.,270,283.3,76491.0,2025-09-04T14:57:49.125183
2025-09-04,3023,2025090404016148,AHPC,Kohinoor Investment & Securities Pvt. Ltd.,Trisul Securities & Invt. Ltd.,30,283.3,8499.0,2025-09-04T14:57:52.873817
2025-09-04,3022,2025090404016149,AHPC,Asian Securities Private Ltd.,Trisul Securities & Invt. Ltd.,100,283.3,28330.0,2025-09-04T14:57:52.874208
2025-09-04,3021,2025090404016150,AHPC,Magnet Securities and Investment Company Private Limited,Trisul Securities & Invt. Ltd.,200,283.3,56660.0,2025-09-04T14:57:52.874389
2025-09-04,3020,2025090404016151,AHPC,Trishakti Securities Public Limited,Trisul Securities & Invt. Ltd.,2670,283.2,756144.0,2025-09-04T14:57:52.874562
2025-09-04,2743,2025090404016258,AHPC,Siprabi Securities Pvt. Ltd.,Nepal Investment And Securities Trading Private Limited,48,283.4,13603.2,2025-09-04T14:58:09.699535
2025-09-04,2742,2025090404016259,AHPC,Siprabi Securities Pvt. Ltd.,Agrawal Securities (PVT) Ltd.,30,283.7,8511.0,2025-09-04T14:58:09.700247
2025-09-04,2741,2025090404016260,AHPC,Siprabi Securities Pvt. Ltd.,Naasa Securities Co. Ltd.,122,283.7,34611.4,2025-09-04T14:58:09.700773
2025-09-04,2489,2025090404016333,AHPC,Naasa Securities Co. Ltd.,Naasa Securities Co. Ltd.,178,283.7,50498.6,2025-09-04T14:58:26.835761
2025-09-04,2488,2025090404016334,AHPC,Naasa Securities Co. Ltd.,Trisul Securities & Invt. Ltd.,719,284.0,204196.0,2025-09-04T14:58:26.836103
2025-09-04,2487,2025090404016335,AHPC,Naasa Securities Co. Ltd.,Primo Securities (PVT) Ltd.,100,284.0,28400.0,2025-09-04T14:58:26.836343
2025-09-04,2486,2025090404016336,AHPC,Naasa Securities Co. Ltd.,Oxford Securities Pvt. Ltd.,150,284.0,42600.0,2025-09-04T14:58:26.836529
2025-09-04,2485,2025090404016337,AHPC,Naasa Securities Co. Ltd.,Ashutosh Brokerage & Securities (PVT) Ltd.,353,284.0,100252.0,2025-09-04T14:58:26.836686
2025-09-04,2325,2025090404016380,AHPC,Online Securities Pvt. Ltd.,Naasa Securities Co. Ltd.,20,284.0,5680.0,2025-09-04T14:58:34.260284
2025-09-04,2104,2025090404016461,AHPC,Naasa Securities Co. Ltd.,Investment Management Nepal Pvt. Ltd.,23,283.4,6518.2,2025-09-04T14:58:46.204111
2025-09-04,2103,2025090404016462,AHPC,Sewa Securities Pvt. Ltd.,Investment Management Nepal Pvt. Ltd.,10,283.3,2833.0,2025-09-04T14:58:46.204461
2025-09-04,2102,2025090404016463,AHPC,Trishakti Securities Public Limited,Investment Management Nepal Pvt. Ltd.,381,283.2,107899.2,2025-09-04T14:58:46.204626
2025-09-04,2101,2025090404016464,AHPC,Aryatara Investment & Securities,Investment Management Nepal Pvt. Ltd.,500,283.2,141600.0,2025-09-04T14:58:46.204785
2025-09-04,2100,2025090404016465,AHPC,Naasa Securities Co. Ltd.,Investment Management Nepal Pvt. Ltd.,86,283.1,24346.6,2025-09-04T14:58:46.204944
2025-09-04,1822,2025090404016560,AHPC,Sani Securities Company Ltd.,Opal Securities Investment (PVT) Ltd.,350,283.5,99225.0,2025-09-04T14:59:01.191448
2025-09-04,1726,2025090404016575,AHPC,J.F. Securites (PVT) Ltd.,Opal Securities Investment (PVT) Ltd.,150,283.5,42525.0,2025-09-04T14:59:04.175862
2025-09-04,1725,2025090404016576,AHPC,J.F. Securites (PVT) Ltd.,Naasa Securities Co. Ltd.,4331,283.5,1227838.5,2025-09-04T14:59:04.176177
2025-09-04,1724,2025090404016577,AHPC,J.F. Securites (PVT) Ltd.,Naasa Securities Co. Ltd.,80,284.0,22720.0,2025-09-04T14:59:04.176346
2025-09-04,1723,2025090404016578,AHPC,J.F. Securites (PVT) Ltd.,Trisul Securities & Invt. Ltd.,439,284.0,124676.0,2025-09-04T14:59:04.176502
2025-09-04,1530,2025090404016637,AHPC,Online Securities Pvt. Ltd.,Trisul Securities & Invt. Ltd.,10,284.0,2840.0,2025-09-04T14:59:12.989954
2025-09-04,1022,2025090404016773,AHPC,Imperial Securities Company Pvt. Ltd.,Trisul Securities & Invt. Ltd.,500,284.0,142000.0,2025-09-04T14:59:28.629402
2025-09-04,792,2025090404016816,AHPC,Swarna Laxmi Securities Pvt. Ltd.,Linch Stock Market Ltd.,300,283.5,85050.0,2025-09-04T14:59:34.597889
2025-09-04,769,2025090404016830,AHPC,Kumari Securities Private Limited,Linch Stock Market Ltd.,200,283.5,56700.0,2025-09-04T14:59:35.20186
2025-09-04,768,2025090404016831,AHPC,Kumari Securities Private Limited,Trisul Securities & Invt. Ltd.,51,284.0,14484.0,2025-09-04T14:59:35.202214
2025-09-04,767,2025090404016832,AHPC,Kumari Securities Private Limited,Creative Securities Pvt Ltd,249,284.0,70716.0,2025-09-04T14:59:35.202395
2025-09-04,5,2025090404017043,AHPC,Sagarmatha Securities Private Limited,Creative Securities Pvt Ltd,205,284.0,58220.0,2025-09-04T14:59:59.63148
