Date,S.N.,Contract ID,Symbol,Buyer Broker,Seller Broker,quantity,rate,amount,transaction_time
2025-09-04,68880,2025090403000014,MNBBL,Nagarik Stock Dealer ,Imperial Securities Company Pvt. Ltd.,10,449.0,4490.0,2025-09-04T11:01:13.249315
2025-09-04,67611,2025090403000111,MNBBL,ABC Securities Private Limited,K.B.L. Securities Limited ,20,441.0,8820.0,2025-09-04T11:07:48.192332
2025-09-04,67610,2025090403000112,MNBBL,Aakashbhairab Securities Ltd.,K.B.L. Securities Limited ,80,441.0,35280.0,2025-09-04T11:07:48.192424
2025-09-04,67545,2025090403000120,MNBBL,Aakashbhairab Securities Ltd.,SHUBHAKAMANA SECURITIES PVT. LTD,420,441.0,185220.0,2025-09-04T11:08:08.974734
2025-09-04,67544,2025090403000121,MNBBL,Aryatara Investment & Securities,SHUBHAKAMANA SECURITIES PVT. LTD,500,440.1,220050.0,2025-09-04T11:08:08.974824
2025-09-04,67477,2025090403000126,MNBBL,Secured Securities Ltd.,SHUBHAKAMANA SECURITIES PVT. LTD,80,440.0,35200.0,2025-09-04T11:08:28.835901
2025-09-04,67276,2025090403000144,MNBBL,Siprabi Securities Pvt. Ltd.,Capital Hub P. Ltd,10,439.0,4390.0,2025-09-04T11:09:35.291008
2025-09-04,66307,2025090403000215,MNBBL,Capital Max Securities Ltd,Thrive Brokerage House Pvt. Ltd,7,430.3,3012.1,2025-09-04T11:13:10.076302
2025-09-04,66097,2025090403000231,MNBBL,Secured Securities Ltd.,Cristal Kanchanjanga Securites Pvt. Ltd.,200,440.0,88000.0,2025-09-04T11:13:58.125186
2025-09-04,66096,2025090403000232,MNBBL,Secured Securities Ltd.,Naasa Securities Co. Ltd.,44,440.0,19360.0,2025-09-04T11:13:58.125298
2025-09-04,65480,2025090403000290,MNBBL,Nepal Stock House (PVT) Ltd.,Vision Securities Pvt. Ltd,200,442.0,88400.0,2025-09-04T11:16:12.586921
2025-09-04,65278,2025090403000318,MNBBL,Himalayan Brokerage Company Limited,Vision Securities Pvt. Ltd,41,442.0,18122.0,2025-09-04T11:16:58.401059
2025-09-04,65277,2025090403000319,MNBBL,Himalayan Brokerage Company Limited,Sundhara Securities Limited,59,442.0,26078.0,2025-09-04T11:16:58.401161
2025-09-04,64695,2025090403000390,MNBBL,Nepal Stock House (PVT) Ltd.,Premier Securities Company Ltd.,200,441.0,88200.0,2025-09-04T11:19:00.319331
2025-09-04,63670,2025090403000478,MNBBL,Aryatara Investment & Securities,Premier Securities Company Ltd.,49,441.0,21609.0,2025-09-04T11:23:09.814899
2025-09-04,63669,2025090403000479,MNBBL,Aryatara Investment & Securities,Sundhara Securities Limited,51,442.0,22542.0,2025-09-04T11:23:09.814948
2025-09-04,63316,2025090403000506,MNBBL,Cristal Kanchanjanga Securites Pvt. Ltd.,Kumari Securities Private Limited,20,439.0,8780.0,2025-09-04T11:24:33.170424
2025-09-04,62771,2025090403000567,MNBBL,Cristal Kanchanjanga Securites Pvt. Ltd.,Midas Stock Broking Company Private Limited,74,439.0,32486.0,2025-09-04T11:27:06.70148
2025-09-04,62742,2025090403000569,MNBBL,K.B.L. Securities Limited ,Kumari Securities Private Limited,20,439.0,8780.0,2025-09-04T11:27:13.711955
2025-09-04,62063,2025090403000643,MNBBL,Kumari Securities Private Limited,Dakshinkali Investment & Securities Pvt. Ltd.,100,442.0,44200.0,2025-09-04T11:30:09.150765
2025-09-04,61966,2025090403000657,MNBBL,Kumari Securities Private Limited,Naasa Securities Co. Ltd.,100,442.0,44200.0,2025-09-04T11:30:35.992572
2025-09-04,61802,2025090403000691,MNBBL,Secured Securities Ltd.,Aakashbhairab Securities Ltd.,100,443.0,44300.0,2025-09-04T11:30:59.782992
2025-09-04,60643,2025090403000815,MNBBL,Online Securities Pvt. Ltd.,Dynamic Money Managers Securities Pvt. Ltd.,11,443.0,4873.0,2025-09-04T11:35:35.253791
2025-09-04,60611,2025090403000820,MNBBL,Online Securities Pvt. Ltd.,Siprabi Securities Pvt. Ltd.,10,444.0,4440.0,2025-09-04T11:35:46.526166
2025-09-04,60490,2025090403000842,MNBBL,Online Securities Pvt. Ltd.,J.F. Securites (PVT) Ltd.,39,444.8,17347.2,2025-09-04T11:36:19.178935
2025-09-04,60429,2025090403000851,MNBBL,Online Securities Pvt. Ltd.,J.F. Securites (PVT) Ltd.,40,444.8,17792.0,2025-09-04T11:36:39.230093
2025-09-04,60037,2025090403000884,MNBBL,Online Securities Pvt. Ltd.,Aakashbhairab Securities Ltd.,50,444.0,22200.0,2025-09-04T11:38:14.712954
2025-09-04,56731,2025090403001174,MNBBL,Sani Securities Company Ltd.,Vision Securities Pvt. Ltd,15,441.4,6621.0,2025-09-04T11:54:02.198248
2025-09-04,56691,2025090403001182,MNBBL,Sani Securities Company Ltd.,Capital Max Securities Ltd,185,441.4,81659.0,2025-09-04T11:54:10.683588
2025-09-04,56690,2025090403001183,MNBBL,Sani Securities Company Ltd.,Capital Max Securities Ltd,100,441.3,44130.0,2025-09-04T11:54:10.683735
2025-09-04,56689,2025090403001184,MNBBL,Dynamic Money Managers Securities Pvt. Ltd.,Capital Max Securities Ltd,215,441.2,94858.0,2025-09-04T11:54:10.683813
2025-09-04,56486,2025090403001198,MNBBL,Dynamic Money Managers Securities Pvt. Ltd.,Sanima Securities Limited,37,441.2,16324.4,2025-09-04T11:55:08.666232
2025-09-04,56454,2025090403001206,MNBBL,Dynamic Money Managers Securities Pvt. Ltd.,Trisul Securities & Invt. Ltd.,48,441.2,21177.6,2025-09-04T11:55:19.676956
2025-09-04,56453,2025090403001207,MNBBL,Dynamic Money Managers Securities Pvt. Ltd.,Trisul Securities & Invt. Ltd.,200,441.2,88240.0,2025-09-04T11:55:19.677101
2025-09-04,56452,2025090403001208,MNBBL,Dynamic Money Managers Securities Pvt. Ltd.,Trisul Securities & Invt. Ltd.,189,441.1,83367.9,2025-09-04T11:55:19.677251
2025-09-04,56210,2025090403001236,MNBBL,Dynamic Money Managers Securities Pvt. Ltd.,Swarna Laxmi Securities Pvt. Ltd.,11,441.1,4852.1,2025-09-04T11:56:17.025305
2025-09-04,56209,2025090403001237,MNBBL,Dynamic Money Managers Securities Pvt. Ltd.,Swarna Laxmi Securities Pvt. Ltd.,89,441.1,39257.9,2025-09-04T11:56:17.02557
2025-09-04,55610,2025090403001293,MNBBL,Dynamic Money Managers Securities Pvt. Ltd.,Imperial Securities Company Pvt. Ltd.,100,441.2,44120.0,2025-09-04T11:59:03.556754
2025-09-04,55597,2025090403001294,MNBBL,Dynamic Money Managers Securities Pvt. Ltd.,Secured Securities Ltd.,124,441.2,54708.8,2025-09-04T11:59:06.171621
2025-09-04,55212,2025090403001351,MNBBL,Midas Stock Broking Company Private Limited,Kumari Securities Private Limited,5,433.0,2165.0,2025-09-04T12:00:43.640497
2025-09-04,55165,2025090403001356,MNBBL,Dynamic Money Managers Securities Pvt. Ltd.,Imperial Securities Company Pvt. Ltd.,200,441.2,88240.0,2025-09-04T12:00:49.712644
2025-09-04,54279,2025090403001427,MNBBL,Midas Stock Broking Company Private Limited,ABC Securities Private Limited,1,433.0,433.0,2025-09-04T12:03:59.422451
2025-09-04,52770,2025090403001538,MNBBL,KALASH STOCK MARKET PVT. LTD.,Aryatara Investment & Securities,10,442.0,4420.0,2025-09-04T12:10:14.179827
2025-09-04,51755,2025090403001656,MNBBL,Deevyaa Securities & Stock House Pvt. Ltd,Aryatara Investment & Securities,90,442.0,39780.0,2025-09-04T12:14:03.219882
2025-09-04,51754,2025090403001657,MNBBL,Deevyaa Securities & Stock House Pvt. Ltd,Opal Securities Investment (PVT) Ltd.,242,442.0,106964.0,2025-09-04T12:14:03.220206
2025-09-04,50647,2025090403001800,MNBBL,Dynamic Money Managers Securities Pvt. Ltd.,Siprabi Securities Pvt. Ltd.,76,441.2,33531.2,2025-09-04T12:19:07.09683
2025-09-04,50646,2025090403001801,MNBBL,Aryatara Investment & Securities,Siprabi Securities Pvt. Ltd.,42,441.2,18530.4,2025-09-04T12:19:07.097052
2025-09-04,50569,2025090403001811,MNBBL,Capital Max Securities Ltd,Kumari Securities Private Limited,5,433.0,2165.0,2025-09-04T12:19:37.157873
2025-09-04,50512,2025090403001822,MNBBL,Capital Max Securities Ltd,Vision Securities Pvt. Ltd,2,433.0,866.0,2025-09-04T12:19:55.210497
2025-09-04,50337,2025090403001850,MNBBL,Naasa Securities Co. Ltd.,Opal Securities Investment (PVT) Ltd.,58,442.0,25636.0,2025-09-04T12:20:48.905892
2025-09-04,49339,2025090403001971,MNBBL,Naasa Securities Co. Ltd.,Sewa Securities Pvt. Ltd.,52,442.0,22984.0,2025-09-04T12:25:08.482884
2025-09-04,48827,2025090403002043,MNBBL,Aryatara Investment & Securities,Trishakti Securities Public Limited,500,441.2,220600.0,2025-09-04T12:27:33.336223
2025-09-04,48681,2025090403002052,MNBBL,Aryatara Investment & Securities,Oxford Securities Pvt. Ltd.,458,441.2,202069.6,2025-09-04T12:28:11.033562
2025-09-04,48680,2025090403002053,MNBBL,Dynamic Money Managers Securities Pvt. Ltd.,Oxford Securities Pvt. Ltd.,42,441.1,18526.2,2025-09-04T12:28:11.033731
2025-09-04,48006,2025090403002127,MNBBL,Dynamic Money Managers Securities Pvt. Ltd.,Shree Krishna Securities Ltd.,69,441.1,30435.9,2025-09-04T12:30:58.71868
2025-09-04,48005,2025090403002128,MNBBL,Dynamic Money Managers Securities Pvt. Ltd.,Shree Krishna Securities Ltd.,134,441.1,59107.4,2025-09-04T12:30:58.718865
2025-09-04,46412,2025090403002398,MNBBL,Dynamic Money Managers Securities Pvt. Ltd.,Premier Securities Company Ltd.,366,441.1,161442.6,2025-09-04T12:36:46.808691
2025-09-04,46411,2025090403002399,MNBBL,Swarna Laxmi Securities Pvt. Ltd.,Premier Securities Company Ltd.,134,441.0,59094.0,2025-09-04T12:36:46.808859
2025-09-04,46155,2025090403002455,MNBBL,Swarna Laxmi Securities Pvt. Ltd.,Imperial Securities Company Pvt. Ltd.,366,441.0,161406.0,2025-09-04T12:37:38.180728
2025-09-04,46154,2025090403002456,MNBBL,Nepal Stock House (PVT) Ltd.,Imperial Securities Company Pvt. Ltd.,124,441.0,54684.0,2025-09-04T12:37:38.18089
2025-09-04,46134,2025090403002461,MNBBL,Nepal Stock House (PVT) Ltd.,Sharepro Securities Private Limited,876,441.0,386316.0,2025-09-04T12:37:41.870792
2025-09-04,46133,2025090403002462,MNBBL,Naasa Securities Co. Ltd.,Sharepro Securities Private Limited,10,441.0,4410.0,2025-09-04T12:37:41.870952
2025-09-04,45913,2025090403002505,MNBBL,Nepal Stock House (PVT) Ltd.,Sharepro Securities Private Limited,100,441.0,44100.0,2025-09-04T12:38:31.490253
2025-09-04,45422,2025090403002571,MNBBL,Trishakti Securities Public Limited,Arun Securities (PVT) Ltd.,150,440.2,66030.0,2025-09-04T12:40:20.146104
2025-09-04,45289,2025090403002583,MNBBL,Sundhara Securities Limited,Arun Securities (PVT) Ltd.,250,440.1,110025.0,2025-09-04T12:40:49.520686
2025-09-04,45277,2025090403002584,MNBBL,Sipla Securities Private Limited,Kohinoor Investment & Securities Pvt. Ltd.,1405,440.0,618200.0,2025-09-04T12:40:54.081229
2025-09-04,45113,2025090403002601,MNBBL,Trishakti Securities Public Limited,Arun Securities (PVT) Ltd.,100,440.1,44010.0,2025-09-04T12:41:31.341017
2025-09-04,44531,2025090403002688,MNBBL,Deevyaa Securities & Stock House Pvt. Ltd,Sharepro Securities Private Limited,14,441.0,6174.0,2025-09-04T12:43:30.936578
2025-09-04,43710,2025090403002794,MNBBL,Deevyaa Securities & Stock House Pvt. Ltd,Naasa Securities Co. Ltd.,100,441.0,44100.0,2025-09-04T12:46:08.530245
2025-09-04,43084,2025090403002886,MNBBL,Online Securities Pvt. Ltd.,Imperial Securities Company Pvt. Ltd.,228,440.1,100342.8,2025-09-04T12:48:25.695467
2025-09-04,43083,2025090403002887,MNBBL,Sipla Securities Private Limited,Imperial Securities Company Pvt. Ltd.,272,440.0,119680.0,2025-09-04T12:48:25.69582
2025-09-04,42950,2025090403002927,MNBBL,Sipla Securities Private Limited,Imperial Securities Company Pvt. Ltd.,1000,440.0,440000.0,2025-09-04T12:48:45.828868
2025-09-04,42842,2025090403002944,MNBBL,Sipla Securities Private Limited,Imperial Securities Company Pvt. Ltd.,323,440.0,142120.0,2025-09-04T12:49:02.951355
2025-09-04,42841,2025090403002945,MNBBL,Asian Securities Private Ltd.,Imperial Securities Company Pvt. Ltd.,68,440.0,29920.0,2025-09-04T12:49:02.951511
2025-09-04,42840,2025090403002946,MNBBL,Sani Securities Company Ltd.,Imperial Securities Company Pvt. Ltd.,20,440.0,8800.0,2025-09-04T12:49:02.951584
2025-09-04,42839,2025090403002947,MNBBL,Naasa Securities Co. Ltd.,Imperial Securities Company Pvt. Ltd.,89,440.0,39160.0,2025-09-04T12:49:02.951648
2025-09-04,42815,2025090403002950,MNBBL,Naasa Securities Co. Ltd.,Nepal Investment And Securities Trading Private Limited,200,440.0,88000.0,2025-09-04T12:49:08.955797
2025-09-04,42425,2025090403003029,MNBBL,Naasa Securities Co. Ltd.,Vision Securities Pvt. Ltd,711,440.0,312840.0,2025-09-04T12:50:20.688448
2025-09-04,42424,2025090403003030,MNBBL,Thrive Brokerage House Pvt. Ltd,Vision Securities Pvt. Ltd,289,439.1,126899.9,2025-09-04T12:50:20.688495
2025-09-04,42286,2025090403003049,MNBBL,Midas Stock Broking Company Private Limited,Imperial Securities Company Pvt. Ltd.,100,441.0,44100.0,2025-09-04T12:50:40.626247
2025-09-04,42045,2025090403003098,MNBBL,Thrive Brokerage House Pvt. Ltd,Himalayan Brokerage Company Limited,711,439.1,312200.1,2025-09-04T12:51:36.008885
2025-09-04,42044,2025090403003099,MNBBL,K.B.L. Securities Limited ,Himalayan Brokerage Company Limited,230,439.0,100970.0,2025-09-04T12:51:36.009075
2025-09-04,42043,2025090403003100,MNBBL,Kumari Securities Private Limited,Himalayan Brokerage Company Limited,25,439.0,10975.0,2025-09-04T12:51:36.009146
2025-09-04,42042,2025090403003101,MNBBL,Linch Stock Market Ltd.,Himalayan Brokerage Company Limited,34,439.0,14926.0,2025-09-04T12:51:36.009211
2025-09-04,40558,2025090403003384,MNBBL,ABC Securities Private Limited,Primo Securities (PVT) Ltd.,10,440.0,4400.0,2025-09-04T12:56:49.794285
2025-09-04,39722,2025090403003486,MNBBL,Deevyaa Securities & Stock House Pvt. Ltd,Deevyaa Securities & Stock House Pvt. Ltd,68,441.0,29988.0,2025-09-04T13:00:10.820069
2025-09-04,39069,2025090403003565,MNBBL,Trishakti Securities Public Limited,Dynamic Money Managers Securities Pvt. Ltd.,70,439.2,30744.0,2025-09-04T13:02:42.776006
2025-09-04,39053,2025090403003566,MNBBL,Naasa Securities Co. Ltd.,Sagarmatha Securities Private Limited,100,440.0,44000.0,2025-09-04T13:02:44.407271
2025-09-04,38937,2025090403003583,MNBBL,Nepal Stock House (PVT) Ltd.,Sagarmatha Securities Private Limited,100,440.0,44000.0,2025-09-04T13:03:03.603962
2025-09-04,38077,2025090403003702,MNBBL,Nepal Stock House (PVT) Ltd.,Aryatara Investment & Securities,100,441.0,44100.0,2025-09-04T13:06:19.065443
2025-09-04,37884,2025090403003720,MNBBL,Secured Securities Ltd.,Naasa Securities Co. Ltd.,87,441.0,38367.0,2025-09-04T13:07:04.014164
2025-09-04,37883,2025090403003721,MNBBL,Secured Securities Ltd.,Trisul Securities & Invt. Ltd.,350,441.0,154350.0,2025-09-04T13:07:04.014343
2025-09-04,37771,2025090403003750,MNBBL,Nepal Stock House (PVT) Ltd.,Trisul Securities & Invt. Ltd.,100,441.0,44100.0,2025-09-04T13:07:23.460742
2025-09-04,37259,2025090403003827,MNBBL,Oxford Securities Pvt. Ltd.,Naasa Securities Co. Ltd.,40,440.0,17600.0,2025-09-04T13:09:14.335281
2025-09-04,37241,2025090403003828,MNBBL,Trishakti Securities Public Limited,Trisul Securities & Invt. Ltd.,50,441.0,22050.0,2025-09-04T13:09:19.801434
2025-09-04,37037,2025090403003842,MNBBL,Secured Securities Ltd.,Linch Stock Market Ltd.,150,440.1,66015.0,2025-09-04T13:10:13.869169
2025-09-04,36412,2025090403003949,MNBBL,Oxford Securities Pvt. Ltd.,Sewa Securities Pvt. Ltd.,10,442.0,4420.0,2025-09-04T13:12:57.37571
2025-09-04,35753,2025090403004026,MNBBL,Cristal Kanchanjanga Securites Pvt. Ltd.,Dynamic Money Managers Securities Pvt. Ltd.,1000,440.1,440100.0,2025-09-04T13:15:54.161522
2025-09-04,35752,2025090403004027,MNBBL,Naasa Securities Co. Ltd.,Dynamic Money Managers Securities Pvt. Ltd.,50,440.0,22000.0,2025-09-04T13:15:54.161868
2025-09-04,35751,2025090403004028,MNBBL,Online Securities Pvt. Ltd.,Dynamic Money Managers Securities Pvt. Ltd.,10,440.0,4400.0,2025-09-04T13:15:54.162114
2025-09-04,35750,2025090403004029,MNBBL,SHUBHAKAMANA SECURITIES PVT. LTD,Dynamic Money Managers Securities Pvt. Ltd.,440,440.0,193600.0,2025-09-04T13:15:54.162339
2025-09-04,34533,2025090403004189,MNBBL,Secured Securities Ltd.,Nepal Investment And Securities Trading Private Limited,890,440.5,392045.0,2025-09-04T13:21:24.397296
2025-09-04,34431,2025090403004204,MNBBL,SHUBHAKAMANA SECURITIES PVT. LTD,Nepal Investment And Securities Trading Private Limited,16,440.0,7040.0,2025-09-04T13:22:00.169054
2025-09-04,34025,2025090403004275,MNBBL,ABC Securities Private Limited,J.F. Securites (PVT) Ltd.,20,441.8,8836.0,2025-09-04T13:23:53.800842
2025-09-04,33865,2025090403004297,MNBBL,KALASH STOCK MARKET PVT. LTD.,J.F. Securites (PVT) Ltd.,201,441.8,88801.8,2025-09-04T13:24:23.538539
2025-09-04,33864,2025090403004298,MNBBL,KALASH STOCK MARKET PVT. LTD.,Aryatara Investment & Securities,399,441.9,176318.1,2025-09-04T13:24:23.538794
2025-09-04,33196,2025090403004373,MNBBL,Midas Stock Broking Company Private Limited,Nepal Investment And Securities Trading Private Limited,30,441.7,13251.0,2025-09-04T13:26:57.312199
2025-09-04,32269,2025090403004527,MNBBL,Elite Stock House Limited,Primo Securities (PVT) Ltd.,200,441.0,88200.0,2025-09-04T13:31:24.257386
2025-09-04,32084,2025090403004565,MNBBL,Elite Stock House Limited,Naasa Securities Co. Ltd.,112,441.0,49392.0,2025-09-04T13:32:20.010316
2025-09-04,31874,2025090403004594,MNBBL,Elite Stock House Limited,Nepal Investment And Securities Trading Private Limited,243,441.0,107163.0,2025-09-04T13:33:13.808549
2025-09-04,31582,2025090403004632,MNBBL,SHUBHAKAMANA SECURITIES PVT. LTD,Thrive Brokerage House Pvt. Ltd,44,440.0,19360.0,2025-09-04T13:34:29.255159
2025-09-04,31581,2025090403004633,MNBBL,Dipshikha Dhitopatra Karobar Co. Pvt Ltd.,Thrive Brokerage House Pvt. Ltd,456,440.0,200640.0,2025-09-04T13:34:29.255501
2025-09-04,31171,2025090403004686,MNBBL,Dipshikha Dhitopatra Karobar Co. Pvt Ltd.,Sundhara Securities Limited,44,440.0,19360.0,2025-09-04T13:35:57.30234
2025-09-04,31170,2025090403004687,MNBBL,Siprabi Securities Pvt. Ltd.,Sundhara Securities Limited,11,440.0,4840.0,2025-09-04T13:35:57.302686
2025-09-04,31169,2025090403004688,MNBBL,Investment Management Nepal Pvt. Ltd.,Sundhara Securities Limited,50,440.0,22000.0,2025-09-04T13:35:57.302905
2025-09-04,30392,2025090403004793,MNBBL,Cristal Kanchanjanga Securites Pvt. Ltd.,Midas Stock Broking Company Private Limited,200,439.3,87860.0,2025-09-04T13:39:16.296882
2025-09-04,30391,2025090403004794,MNBBL,Trishakti Securities Public Limited,Midas Stock Broking Company Private Limited,30,439.2,13176.0,2025-09-04T13:39:16.297094
2025-09-04,30390,2025090403004795,MNBBL,Trishakti Securities Public Limited,Midas Stock Broking Company Private Limited,100,439.2,43920.0,2025-09-04T13:39:16.297199
2025-09-04,30389,2025090403004796,MNBBL,Linch Stock Market Ltd.,Midas Stock Broking Company Private Limited,36,439.0,15804.0,2025-09-04T13:39:16.297274
2025-09-04,30123,2025090403004841,MNBBL,Linch Stock Market Ltd.,Sundhara Securities Limited,15,439.0,6585.0,2025-09-04T13:40:25.27677
2025-09-04,29843,2025090403004865,MNBBL,Secured Securities Ltd.,Aryatara Investment & Securities,81,440.0,35640.0,2025-09-04T13:40:54.825911
2025-09-04,28544,2025090403005060,MNBBL,Linch Stock Market Ltd.,Secured Securities Ltd.,10,439.0,4390.0,2025-09-04T13:46:01.76899
2025-09-04,28470,2025090403005070,MNBBL,Secured Securities Ltd.,Linch Stock Market Ltd.,500,440.0,220000.0,2025-09-04T13:46:24.889685
2025-09-04,28469,2025090403005071,MNBBL,Secured Securities Ltd.,Dipshikha Dhitopatra Karobar Co. Pvt Ltd.,50,440.0,22000.0,2025-09-04T13:46:24.889913
2025-09-04,27688,2025090403005207,MNBBL,Investment Management Nepal Pvt. Ltd.,Agrawal Securities (PVT) Ltd.,300,439.1,131730.0,2025-09-04T13:49:14.331339
2025-09-04,27527,2025090403005223,MNBBL,Linch Stock Market Ltd.,Siprabi Securities Pvt. Ltd.,210,439.0,92190.0,2025-09-04T13:49:55.493262
2025-09-04,27389,2025090403005245,MNBBL,Linch Stock Market Ltd.,Stoxkarts Securities Limited,100,439.0,43900.0,2025-09-04T13:50:26.213786
2025-09-04,27336,2025090403005260,MNBBL,Secured Securities Ltd.,J.F. Securites (PVT) Ltd.,250,440.0,110000.0,2025-09-04T13:50:43.546967
2025-09-04,26668,2025090403005366,MNBBL,Naasa Securities Co. Ltd.,Naasa Securities Co. Ltd.,20,439.5,8790.0,2025-09-04T13:53:12.427283
2025-09-04,26582,2025090403005385,MNBBL,Nepal Stock House (PVT) Ltd.,Aryatara Investment & Securities,100,440.5,44050.0,2025-09-04T13:53:37.678062
2025-09-04,25714,2025090403005495,MNBBL,Nepal Stock House (PVT) Ltd.,Agrawal Securities (PVT) Ltd.,200,440.5,88100.0,2025-09-04T13:57:06.701499
2025-09-04,25627,2025090403005501,MNBBL,Naasa Securities Co. Ltd.,Aryatara Investment & Securities,100,440.0,44000.0,2025-09-04T13:57:35.46738
2025-09-04,25592,2025090403005502,MNBBL,Naasa Securities Co. Ltd.,Vision Securities Pvt. Ltd,80,440.0,35200.0,2025-09-04T13:57:47.963305
2025-09-04,25591,2025090403005503,MNBBL,Naasa Securities Co. Ltd.,Vision Securities Pvt. Ltd,20,440.0,8800.0,2025-09-04T13:57:47.9635
2025-09-04,25386,2025090403005532,MNBBL,Nepal Stock House (PVT) Ltd.,Nepal Investment And Securities Trading Private Limited,74,441.0,32634.0,2025-09-04T13:58:44.686844
2025-09-04,25385,2025090403005533,MNBBL,Nepal Stock House (PVT) Ltd.,Online Securities Pvt. Ltd.,126,441.0,55566.0,2025-09-04T13:58:44.687253
2025-09-04,24698,2025090403005627,MNBBL,Nepal Stock House (PVT) Ltd.,Online Securities Pvt. Ltd.,74,441.0,32634.0,2025-09-04T14:01:22.53329
2025-09-04,24697,2025090403005628,MNBBL,Nepal Stock House (PVT) Ltd.,Aryatara Investment & Securities,26,441.0,11466.0,2025-09-04T14:01:22.533497
2025-09-04,24462,2025090403005659,MNBBL,Primo Securities (PVT) Ltd.,Aryatara Investment & Securities,74,441.0,32634.0,2025-09-04T14:02:07.092902
2025-09-04,24461,2025090403005660,MNBBL,Primo Securities (PVT) Ltd.,Imperial Securities Company Pvt. Ltd.,50,441.7,22085.0,2025-09-04T14:02:07.093106
2025-09-04,24460,2025090403005661,MNBBL,Primo Securities (PVT) Ltd.,Aryatara Investment & Securities,376,441.9,166154.4,2025-09-04T14:02:07.093194
2025-09-04,24149,2025090403005721,MNBBL,Naasa Securities Co. Ltd.,Opal Securities Investment (PVT) Ltd.,74,440.0,32560.0,2025-09-04T14:03:10.767519
2025-09-04,23642,2025090403005799,MNBBL,Premier Securities Company Ltd.,South Asian Bulls Pvt. Ltd.,20,441.8,8836.0,2025-09-04T14:05:06.900466
2025-09-04,23272,2025090403005834,MNBBL,Naasa Securities Co. Ltd.,Investment Management Nepal Pvt. Ltd.,100,440.0,44000.0,2025-09-04T14:06:39.271321
2025-09-04,22526,2025090403005943,MNBBL,Naasa Securities Co. Ltd.,Thrive Brokerage House Pvt. Ltd,50,440.0,22000.0,2025-09-04T14:09:36.96537
2025-09-04,22198,2025090403005985,MNBBL,Naasa Securities Co. Ltd.,Deevyaa Securities & Stock House Pvt. Ltd,100,440.0,44000.0,2025-09-04T14:10:48.745426
2025-09-04,21534,2025090403006069,MNBBL,Investment Management Nepal Pvt. Ltd.,J.F. Securites (PVT) Ltd.,450,441.0,198450.0,2025-09-04T14:13:26.856581
2025-09-04,21533,2025090403006070,MNBBL,Investment Management Nepal Pvt. Ltd.,Linch Stock Market Ltd.,50,441.0,22050.0,2025-09-04T14:13:26.856816
2025-09-04,20685,2025090403006164,MNBBL,Online Securities Pvt. Ltd.,Linch Stock Market Ltd.,50,441.0,22050.0,2025-09-04T14:16:20.697581
2025-09-04,20684,2025090403006165,MNBBL,Online Securities Pvt. Ltd.,SUN SECURITIES PVT LTD,450,441.0,198450.0,2025-09-04T14:16:20.697834
2025-09-04,20249,2025090403006204,MNBBL,Kumari Securities Private Limited,Sewa Securities Pvt. Ltd.,70,440.5,30835.0,2025-09-04T14:17:45.600653
2025-09-04,18593,2025090403006429,MNBBL,Kumari Securities Private Limited,Kumari Securities Private Limited,17,440.5,7488.5,2025-09-04T14:23:35.493671
2025-09-04,17743,2025090403006561,MNBBL,Aryatara Investment & Securities,SUN SECURITIES PVT LTD,100,441.0,44100.0,2025-09-04T14:26:37.31741
2025-09-04,17441,2025090403006620,MNBBL,Capital Max Securities Ltd,Malla & Malla Stock Broking Company Pvt. Limited,90,440.6,39654.0,2025-09-04T14:27:39.880846
2025-09-04,17324,2025090403006638,MNBBL,Trishakti Securities Public Limited,SUN SECURITIES PVT LTD,140,441.0,61740.0,2025-09-04T14:28:13.30372
2025-09-04,17323,2025090403006639,MNBBL,Trishakti Securities Public Limited,Swarna Laxmi Securities Pvt. Ltd.,186,441.0,82026.0,2025-09-04T14:28:13.303966
2025-09-04,17322,2025090403006640,MNBBL,Trishakti Securities Public Limited,Trisul Securities & Invt. Ltd.,500,441.0,220500.0,2025-09-04T14:28:13.304076
2025-09-04,17321,2025090403006641,MNBBL,Trishakti Securities Public Limited,Premier Securities Company Ltd.,310,441.3,136803.0,2025-09-04T14:28:13.304158
2025-09-04,17320,2025090403006642,MNBBL,Trishakti Securities Public Limited,Naasa Securities Co. Ltd.,193,441.5,85209.5,2025-09-04T14:28:13.304235
2025-09-04,17319,2025090403006643,MNBBL,Trishakti Securities Public Limited,Magnet Securities and Investment Company Private Limited,348,441.6,153676.8,2025-09-04T14:28:13.304313
2025-09-04,17318,2025090403006644,MNBBL,Trishakti Securities Public Limited,South Asian Bulls Pvt. Ltd.,40,441.7,17668.0,2025-09-04T14:28:13.30439
2025-09-04,17317,2025090403006645,MNBBL,Trishakti Securities Public Limited,South Asian Bulls Pvt. Ltd.,100,441.7,44170.0,2025-09-04T14:28:13.304466
2025-09-04,17316,2025090403006646,MNBBL,Trishakti Securities Public Limited,South Asian Bulls Pvt. Ltd.,30,441.8,13254.0,2025-09-04T14:28:13.304544
2025-09-04,17315,2025090403006647,MNBBL,Trishakti Securities Public Limited,Aryatara Investment & Securities,225,441.9,99427.5,2025-09-04T14:28:13.304628
2025-09-04,17314,2025090403006648,MNBBL,Trishakti Securities Public Limited,Sewa Securities Pvt. Ltd.,138,442.0,60996.0,2025-09-04T14:28:13.30471
2025-09-04,17313,2025090403006649,MNBBL,Trishakti Securities Public Limited,Naasa Securities Co. Ltd.,150,442.0,66300.0,2025-09-04T14:28:13.304785
2025-09-04,17312,2025090403006650,MNBBL,Trishakti Securities Public Limited,Ashutosh Brokerage & Securities (PVT) Ltd.,109,442.0,48178.0,2025-09-04T14:28:13.304875
2025-09-04,17311,2025090403006651,MNBBL,Trishakti Securities Public Limited,Trishakti Securities Public Limited,20,442.0,8840.0,2025-09-04T14:28:13.304984
2025-09-04,17310,2025090403006652,MNBBL,Trishakti Securities Public Limited,Thrive Brokerage House Pvt. Ltd,50,442.0,22100.0,2025-09-04T14:28:13.305086
2025-09-04,17309,2025090403006653,MNBBL,Trishakti Securities Public Limited,Trisul Securities & Invt. Ltd.,50,442.0,22100.0,2025-09-04T14:28:13.305174
2025-09-04,17308,2025090403006654,MNBBL,Trishakti Securities Public Limited,Premier Securities Company Ltd.,103,442.0,45526.0,2025-09-04T14:28:13.305259
2025-09-04,17307,2025090403006655,MNBBL,Trishakti Securities Public Limited,Trishakti Securities Public Limited,500,442.0,221000.0,2025-09-04T14:28:13.305334
2025-09-04,17306,2025090403006656,MNBBL,Trishakti Securities Public Limited,Online Securities Pvt. Ltd.,195,442.0,86190.0,2025-09-04T14:28:13.30542
2025-09-04,17238,2025090403006666,MNBBL,Trishakti Securities Public Limited,Trishakti Securities Public Limited,249,442.0,110058.0,2025-09-04T14:28:27.392703
2025-09-04,17160,2025090403006677,MNBBL,Trishakti Securities Public Limited,Naasa Securities Co. Ltd.,120,442.9,53148.0,2025-09-04T14:28:41.46348
2025-09-04,17159,2025090403006678,MNBBL,Trishakti Securities Public Limited,ABC Securities Private Limited,30,442.9,13287.0,2025-09-04T14:28:41.463677
2025-09-04,17158,2025090403006679,MNBBL,Trishakti Securities Public Limited,Cristal Kanchanjanga Securites Pvt. Ltd.,500,443.0,221500.0,2025-09-04T14:28:41.463763
2025-09-04,17157,2025090403006680,MNBBL,Trishakti Securities Public Limited,Sani Securities Company Ltd.,200,443.0,88600.0,2025-09-04T14:28:41.463835
2025-09-04,17156,2025090403006681,MNBBL,Trishakti Securities Public Limited,Linch Stock Market Ltd.,10,443.4,4434.0,2025-09-04T14:28:41.46391
2025-09-04,17155,2025090403006682,MNBBL,Trishakti Securities Public Limited,Ashutosh Brokerage & Securities (PVT) Ltd.,62,443.6,27503.2,2025-09-04T14:28:41.463984
2025-09-04,17154,2025090403006683,MNBBL,Trishakti Securities Public Limited,Aakashbhairab Securities Ltd.,150,444.0,66600.0,2025-09-04T14:28:41.464068
2025-09-04,17153,2025090403006684,MNBBL,Trishakti Securities Public Limited,Agrawal Securities (PVT) Ltd.,500,444.0,222000.0,2025-09-04T14:28:41.464143
2025-09-04,17152,2025090403006685,MNBBL,Trishakti Securities Public Limited,Trademow Securities Private Limited,50,444.0,22200.0,2025-09-04T14:28:41.464271
2025-09-04,17151,2025090403006686,MNBBL,Trishakti Securities Public Limited,Trishakti Securities Public Limited,100,444.0,44400.0,2025-09-04T14:28:41.464344
2025-09-04,17150,2025090403006687,MNBBL,Trishakti Securities Public Limited,Sipla Securities Private Limited,180,444.0,79920.0,2025-09-04T14:28:41.464418
2025-09-04,17149,2025090403006688,MNBBL,Trishakti Securities Public Limited,Imperial Securities Company Pvt. Ltd.,1000,444.0,444000.0,2025-09-04T14:28:41.464488
2025-09-04,16453,2025090403006787,MNBBL,Trishakti Securities Public Limited,South Asian Bulls Pvt. Ltd.,40,443.8,17752.0,2025-09-04T14:30:43.273809
2025-09-04,16452,2025090403006788,MNBBL,Trishakti Securities Public Limited,J.F. Securites (PVT) Ltd.,300,443.9,133170.0,2025-09-04T14:30:43.274056
2025-09-04,16451,2025090403006789,MNBBL,Trishakti Securities Public Limited,Aryatara Investment & Securities,100,444.0,44400.0,2025-09-04T14:30:43.274153
2025-09-04,16450,2025090403006790,MNBBL,Trishakti Securities Public Limited,Trishakti Securities Public Limited,300,444.5,133350.0,2025-09-04T14:30:43.274226
2025-09-04,16449,2025090403006791,MNBBL,Trishakti Securities Public Limited,Neev Securities Pvt. Ltd.,200,445.0,89000.0,2025-09-04T14:30:43.274295
2025-09-04,16448,2025090403006792,MNBBL,Trishakti Securities Public Limited,Kumari Securities Private Limited,120,445.0,53400.0,2025-09-04T14:30:43.274365
2025-09-04,16447,2025090403006793,MNBBL,Trishakti Securities Public Limited,Sri Hari Securities Pvt. Ltd.,300,445.0,133500.0,2025-09-04T14:30:43.274433
2025-09-04,16446,2025090403006794,MNBBL,Trishakti Securities Public Limited,Kohinoor Investment & Securities Pvt. Ltd.,15,445.0,6675.0,2025-09-04T14:30:43.274501
2025-09-04,16445,2025090403006795,MNBBL,Trishakti Securities Public Limited,Trishakti Securities Public Limited,500,445.0,222500.0,2025-09-04T14:30:43.27457
2025-09-04,16444,2025090403006796,MNBBL,Trishakti Securities Public Limited,Dakshinkali Investment & Securities Pvt. Ltd.,70,445.0,31150.0,2025-09-04T14:30:43.274641
2025-09-04,16443,2025090403006797,MNBBL,Trishakti Securities Public Limited,Premier Securities Company Ltd.,1517,445.0,675065.0,2025-09-04T14:30:43.274708
2025-09-04,16124,2025090403006851,MNBBL,Ashutosh Brokerage & Securities (PVT) Ltd.,J.F. Securites (PVT) Ltd.,400,444.8,177920.0,2025-09-04T14:31:39.465452
2025-09-04,16123,2025090403006852,MNBBL,Ashutosh Brokerage & Securities (PVT) Ltd.,South Asian Bulls Pvt. Ltd.,100,444.9,44490.0,2025-09-04T14:31:39.465637
2025-09-04,15783,2025090403006892,MNBBL,Deevyaa Securities & Stock House Pvt. Ltd,Vision Securities Pvt. Ltd,1,441.0,441.0,2025-09-04T14:32:40.592126
2025-09-04,15199,2025090403006991,MNBBL,Capital Max Securities Ltd,Trisul Securities & Invt. Ltd.,1,439.0,439.0,2025-09-04T14:34:04.471155
2025-09-04,15110,2025090403006997,MNBBL,Capital Max Securities Ltd,Agrawal Securities (PVT) Ltd.,3,440.0,1320.0,2025-09-04T14:34:20.55332
2025-09-04,14381,2025090403007069,MNBBL,Deevyaa Securities & Stock House Pvt. Ltd,J.F. Securites (PVT) Ltd.,300,442.1,132630.0,2025-09-04T14:36:02.080979
2025-09-04,14380,2025090403007070,MNBBL,Dipshikha Dhitopatra Karobar Co. Pvt Ltd.,J.F. Securites (PVT) Ltd.,40,442.0,17680.0,2025-09-04T14:36:02.081204
2025-09-04,14379,2025090403007071,MNBBL,Sumeru Securities Pvt. Ltd.,J.F. Securites (PVT) Ltd.,50,441.1,22055.0,2025-09-04T14:36:02.08128
2025-09-04,14378,2025090403007072,MNBBL,Trisul Securities & Invt. Ltd.,J.F. Securites (PVT) Ltd.,250,441.0,110250.0,2025-09-04T14:36:02.081352
2025-09-04,14180,2025090403007104,MNBBL,N.I.M.B. Stock Markets Limited,Sani Securities Company Ltd.,500,443.9,221950.0,2025-09-04T14:36:30.712734
2025-09-04,14123,2025090403007115,MNBBL,Vision Securities Pvt. Ltd,Imperial Securities Company Pvt. Ltd.,100,443.5,44350.0,2025-09-04T14:36:44.844536
2025-09-04,14122,2025090403007116,MNBBL,Vision Securities Pvt. Ltd,Sani Securities Company Ltd.,450,443.9,199755.0,2025-09-04T14:36:44.844637
2025-09-04,14121,2025090403007117,MNBBL,Vision Securities Pvt. Ltd,Trisul Securities & Invt. Ltd.,650,444.0,288600.0,2025-09-04T14:36:44.844765
2025-09-04,14120,2025090403007118,MNBBL,Vision Securities Pvt. Ltd,Sundhara Securities Limited,300,444.0,133200.0,2025-09-04T14:36:44.844841
2025-09-04,14119,2025090403007119,MNBBL,Vision Securities Pvt. Ltd,Trisul Securities & Invt. Ltd.,500,444.9,222450.0,2025-09-04T14:36:44.844917
2025-09-04,13210,2025090403007242,MNBBL,Kumari Securities Private Limited,J.F. Securites (PVT) Ltd.,20,442.2,8844.0,2025-09-04T14:39:05.034662
2025-09-04,12909,2025090403007292,MNBBL,Capital Max Securities Ltd,Kumari Securities Private Limited,5,437.0,2185.0,2025-09-04T14:39:37.010811
2025-09-04,11562,2025090403007510,MNBBL,Siprabi Securities Pvt. Ltd.,Dipshikha Dhitopatra Karobar Co. Pvt Ltd.,13,443.0,5759.0,2025-09-04T14:43:03.928309
2025-09-04,11561,2025090403007511,MNBBL,Infinity Securities Limited,Dipshikha Dhitopatra Karobar Co. Pvt Ltd.,210,443.0,93030.0,2025-09-04T14:43:03.928659
2025-09-04,11560,2025090403007512,MNBBL,Capital Max Securities Ltd,Dipshikha Dhitopatra Karobar Co. Pvt Ltd.,403,442.8,178448.4,2025-09-04T14:43:03.928887
2025-09-04,11559,2025090403007513,MNBBL,Arun Securities (PVT) Ltd.,Dipshikha Dhitopatra Karobar Co. Pvt Ltd.,25,442.6,11065.0,2025-09-04T14:43:03.929129
2025-09-04,11542,2025090403007516,MNBBL,Linch Stock Market Ltd.,Dipshikha Dhitopatra Karobar Co. Pvt Ltd.,50,442.0,22100.0,2025-09-04T14:43:07.357902
2025-09-04,11285,2025090403007544,MNBBL,Aryatara Investment & Securities,Nepal Stock House (PVT) Ltd.,19,441.0,8379.0,2025-09-04T14:43:52.576867
2025-09-04,10370,2025090403007686,MNBBL,Aryatara Investment & Securities,Dipshikha Dhitopatra Karobar Co. Pvt Ltd.,81,441.0,35721.0,2025-09-04T14:46:07.491331
2025-09-04,10369,2025090403007687,MNBBL,Kumari Securities Private Limited,Dipshikha Dhitopatra Karobar Co. Pvt Ltd.,500,441.0,220500.0,2025-09-04T14:46:07.491563
2025-09-04,9061,2025090403007890,MNBBL,Trishakti Securities Public Limited,Sundhara Securities Limited,25,441.5,11037.5,2025-09-04T14:48:40.731126
2025-09-04,9060,2025090403007891,MNBBL,Trishakti Securities Public Limited,Shree Krishna Securities Ltd.,275,441.9,121522.5,2025-09-04T14:48:40.731246
2025-09-04,8889,2025090403007910,MNBBL,Sani Securities Company Ltd.,Property Wiard Limited,40,441.8,17672.0,2025-09-04T14:49:03.255114
2025-09-04,8888,2025090403007911,MNBBL,Sani Securities Company Ltd.,Shree Krishna Securities Ltd.,210,441.9,92799.0,2025-09-04T14:49:03.255303
2025-09-04,7851,2025090403008058,MNBBL,Kumari Securities Private Limited,Dipshikha Dhitopatra Karobar Co. Pvt Ltd.,480,441.0,211680.0,2025-09-04T14:50:55.264651
2025-09-04,7825,2025090403008063,MNBBL,Swarna Laxmi Securities Pvt. Ltd.,Dipshikha Dhitopatra Karobar Co. Pvt Ltd.,990,441.0,436590.0,2025-09-04T14:50:57.927549
2025-09-04,7789,2025090403008069,MNBBL,Sri Hari Securities Pvt. Ltd.,Dipshikha Dhitopatra Karobar Co. Pvt Ltd.,300,441.0,132300.0,2025-09-04T14:51:05.778232
2025-09-04,7658,2025090403008113,MNBBL,Cristal Kanchanjanga Securites Pvt. Ltd.,Dipshikha Dhitopatra Karobar Co. Pvt Ltd.,500,441.0,220500.0,2025-09-04T14:51:21.291454
2025-09-04,7632,2025090403008117,MNBBL,Deevyaa Securities & Stock House Pvt. Ltd,Dipshikha Dhitopatra Karobar Co. Pvt Ltd.,120,441.0,52920.0,2025-09-04T14:51:27.199367
2025-09-04,7561,2025090403008128,MNBBL,Deevyaa Securities & Stock House Pvt. Ltd,Dipshikha Dhitopatra Karobar Co. Pvt Ltd.,150,441.0,66150.0,2025-09-04T14:51:36.255735
2025-09-04,7439,2025090403008148,MNBBL,Dakshinkali Investment & Securities Pvt. Ltd.,Dipshikha Dhitopatra Karobar Co. Pvt Ltd.,178,441.0,78498.0,2025-09-04T14:51:50.718123
2025-09-04,7233,2025090403008164,MNBBL,Dakshinkali Investment & Securities Pvt. Ltd.,Vision Securities Pvt. Ltd,90,441.0,39690.0,2025-09-04T14:52:12.364275
2025-09-04,6807,2025090403008219,MNBBL,Trishakti Securities Public Limited,Shree Krishna Securities Ltd.,15,441.9,6628.5,2025-09-04T14:52:55.148456
2025-09-04,6806,2025090403008220,MNBBL,Trishakti Securities Public Limited,Midas Stock Broking Company Private Limited,50,443.0,22150.0,2025-09-04T14:52:55.148682
2025-09-04,6805,2025090403008221,MNBBL,Trishakti Securities Public Limited,Oxford Securities Pvt. Ltd.,240,443.5,106440.0,2025-09-04T14:52:55.148764
2025-09-04,6804,2025090403008222,MNBBL,Trishakti Securities Public Limited,Sani Securities Company Ltd.,200,444.0,88800.0,2025-09-04T14:52:55.148842
2025-09-04,6803,2025090403008223,MNBBL,Trishakti Securities Public Limited,Linch Stock Market Ltd.,495,444.0,219780.0,2025-09-04T14:52:55.148915
2025-09-04,6260,2025090403008290,MNBBL,Capital Max Securities Ltd,J.F. Securites (PVT) Ltd.,8,441.0,3528.0,2025-09-04T14:53:51.192079
2025-09-04,5912,2025090403008338,MNBBL,Capital Max Securities Ltd,Sundhara Securities Limited,2,442.0,884.0,2025-09-04T14:54:22.36264
2025-09-04,5819,2025090403008354,MNBBL,Trisul Securities & Invt. Ltd.,Trisul Securities & Invt. Ltd.,850,441.1,374935.0,2025-09-04T14:54:30.440773
2025-09-04,5818,2025090403008355,MNBBL,Dakshinkali Investment & Securities Pvt. Ltd.,Trisul Securities & Invt. Ltd.,732,441.0,322812.0,2025-09-04T14:54:30.440989
2025-09-04,5817,2025090403008356,MNBBL,Vision Securities Pvt. Ltd,Trisul Securities & Invt. Ltd.,40,441.0,17640.0,2025-09-04T14:54:30.441077
2025-09-04,5816,2025090403008357,MNBBL,Dakshinkali Investment & Securities Pvt. Ltd.,Trisul Securities & Invt. Ltd.,700,441.0,308700.0,2025-09-04T14:54:30.441155
2025-09-04,5815,2025090403008358,MNBBL,Shree Krishna Securities Ltd.,Trisul Securities & Invt. Ltd.,1678,441.0,739998.0,2025-09-04T14:54:30.441228
2025-09-04,5565,2025090403008392,MNBBL,Trishakti Securities Public Limited,Linch Stock Market Ltd.,10,444.0,4440.0,2025-09-04T14:54:52.129739
2025-09-04,3751,2025090403008735,MNBBL,Roadshow securities limited,Trisul Securities & Invt. Ltd.,1000,443.9,443900.0,2025-09-04T14:57:03.99602
2025-09-04,2986,2025090403008863,MNBBL,Nagarik Stock Dealer ,J.F. Securites (PVT) Ltd.,65,442.1,28736.5,2025-09-04T14:57:55.568837
2025-09-04,2811,2025090403008891,MNBBL,Sipla Securities Private Limited,ABC Securities Private Limited,300,443.9,133170.0,2025-09-04T14:58:06.105031
2025-09-04,2460,2025090403008954,MNBBL,Nagarik Stock Dealer ,Sani Securities Company Ltd.,435,442.1,192313.5,2025-09-04T14:58:28.478198
2025-09-04,2459,2025090403008955,MNBBL,Naasa Securities Co. Ltd.,Sani Securities Company Ltd.,500,442.0,221000.0,2025-09-04T14:58:28.478457
2025-09-04,2458,2025090403008956,MNBBL,Trishakti Securities Public Limited,Sani Securities Company Ltd.,100,442.0,44200.0,2025-09-04T14:58:28.478544
2025-09-04,2457,2025090403008957,MNBBL,Aryatara Investment & Securities,Sani Securities Company Ltd.,30,442.0,13260.0,2025-09-04T14:58:28.478622
2025-09-04,2017,2025090403009019,MNBBL,Premier Securities Company Ltd.,Sani Securities Company Ltd.,35,442.0,15470.0,2025-09-04T14:58:50.912779
2025-09-04,2016,2025090403009020,MNBBL,Premier Securities Company Ltd.,Cristal Kanchanjanga Securites Pvt. Ltd.,100,442.0,44200.0,2025-09-04T14:58:50.912972
2025-09-04,1946,2025090403009041,MNBBL,Creative Securities Pvt Ltd,Kohinoor Investment & Securities Pvt. Ltd.,10,443.9,4439.0,2025-09-04T14:58:54.150077
2025-09-04,1839,2025090403009054,MNBBL,Premier Securities Company Ltd.,Kohinoor Investment & Securities Pvt. Ltd.,40,443.0,17720.0,2025-09-04T14:59:00.202935
2025-09-04,1544,2025090403009107,MNBBL,Premier Securities Company Ltd.,Linch Stock Market Ltd.,25,443.0,11075.0,2025-09-04T14:59:12.28289
2025-09-04,695,2025090403009262,MNBBL,Creative Securities Pvt Ltd,Linch Stock Market Ltd.,10,443.0,4430.0,2025-09-04T14:59:37.518815
2025-09-04,396,2025090403009327,MNBBL,Malla & Malla Stock Broking Company Pvt. Limited,Linch Stock Market Ltd.,50,443.0,22150.0,2025-09-04T14:59:47.171888
2025-09-04,307,2025090403009342,MNBBL,Agrawal Securities (PVT) Ltd.,Cristal Kanchanjanga Securites Pvt. Ltd.,50,441.1,22055.0,2025-09-04T14:59:50.263796
2025-09-04,306,2025090403009343,MNBBL,Siprabi Securities Pvt. Ltd.,Cristal Kanchanjanga Securites Pvt. Ltd.,950,441.1,419045.0,2025-09-04T14:59:50.264005
2025-09-04,70,2025090403009374,MNBBL,Capital Max Securities Ltd,Linch Stock Market Ltd.,15,443.0,6645.0,2025-09-04T14:59:58.171796
2025-09-04,33,2025090403009384,MNBBL,Trisul Securities & Invt. Ltd.,Linch Stock Market Ltd.,400,443.0,177200.0,2025-09-04T14:59:59.175143
2025-09-04,32,2025090403009385,MNBBL,Trisul Securities & Invt. Ltd.,Siprabi Securities Pvt. Ltd.,600,443.0,265800.0,2025-09-04T14:59:59.17533
2025-09-04,20,2025090403009386,MNBBL,Trishakti Securities Public Limited,Siprabi Securities Pvt. Ltd.,21,443.0,9303.0,2025-09-04T14:59:59.386302
2025-09-04,19,2025090403009387,MNBBL,Trishakti Securities Public Limited,Naasa Securities Co. Ltd.,437,443.0,193591.0,2025-09-04T14:59:59.386513
2025-09-04,18,2025090403009388,MNBBL,Trishakti Securities Public Limited,Dynamic Money Managers Securities Pvt. Ltd.,42,443.0,18606.0,2025-09-04T14:59:59.386594
