Date,S.N.,Contract ID,Symbol,Buyer Broker,Seller Broker,volume,rate,amount,transaction_time
2025-09-04,68688,2025090401000114,NABIL,Primo Securities (PVT) Ltd.,Sri Hari Securities Pvt. Ltd.,10,528.0,5280.0,2025-09-04T11:02:38.749134
2025-09-04,67465,2025090401000709,NABIL,Midas Stock Broking Company Private Limited,Kohinoor Investment & Securities Pvt. Ltd.,20,520.0,10400.0,2025-09-04T11:08:33.68993
2025-09-04,67336,2025090401000761,NABIL,Midas Stock Broking Company Private Limited,Cristal Kanchanjanga Securites Pvt. Ltd.,15,520.0,7800.0,2025-09-04T11:09:16.801461
2025-09-04,67335,2025090401000762,NABIL,Neev Securities Pvt. Ltd.,Cristal Kanchanjanga Securites Pvt. Ltd.,15,519.9,7798.5,2025-09-04T11:09:16.801711
2025-09-04,67334,2025090401000763,NABIL,Sani Securities Company Ltd.,Cristal Kanchanjanga Securites Pvt. Ltd.,30,519.0,15570.0,2025-09-04T11:09:16.801874
2025-09-04,67179,2025090401000819,NABIL,Agrawal Securities (PVT) Ltd.,Cristal Kanchanjanga Securites Pvt. Ltd.,62,519.0,32178.0,2025-09-04T11:10:03.724457
2025-09-04,67142,2025090401000840,NABIL,Agrawal Securities (PVT) Ltd.,Naasa Securities Co. Ltd.,11,520.0,5720.0,2025-09-04T11:10:16.272391
2025-09-04,67118,2025090401000845,NABIL,Agrawal Securities (PVT) Ltd.,Kumari Securities Private Limited,48,520.0,24960.0,2025-09-04T11:10:21.314546
2025-09-04,67051,2025090401000870,NABIL,Agrawal Securities (PVT) Ltd.,Siprabi Securities Pvt. Ltd.,100,518.1,51810.0,2025-09-04T11:10:39.084305
2025-09-04,66998,2025090401000889,NABIL,Online Securities Pvt. Ltd.,Siprabi Securities Pvt. Ltd.,35,518.0,18130.0,2025-09-04T11:10:51.653118
2025-09-04,66997,2025090401000890,NABIL,J.F. Securites (PVT) Ltd.,Siprabi Securities Pvt. Ltd.,10,518.0,5180.0,2025-09-04T11:10:51.653242
2025-09-04,66996,2025090401000891,NABIL,Sundhara Securities Limited,Siprabi Securities Pvt. Ltd.,15,518.0,7770.0,2025-09-04T11:10:51.653311
2025-09-04,66660,2025090401000978,NABIL,Sundhara Securities Limited,Imperial Securities Company Pvt. Ltd.,13,518.0,6734.0,2025-09-04T11:11:57.739964
2025-09-04,66659,2025090401000979,NABIL,Creative Securities Pvt Ltd,Imperial Securities Company Pvt. Ltd.,18,518.0,9324.0,2025-09-04T11:11:57.740129
2025-09-04,66465,2025090401001049,NABIL,Primo Securities (PVT) Ltd.,Vision Securities Pvt. Ltd,30,517.6,15528.0,2025-09-04T11:12:37.66675
2025-09-04,66464,2025090401001050,NABIL,Agrawal Securities (PVT) Ltd.,Vision Securities Pvt. Ltd,70,517.0,36190.0,2025-09-04T11:12:37.666904
2025-09-04,66329,2025090401001096,NABIL,Agrawal Securities (PVT) Ltd.,Imperial Securities Company Pvt. Ltd.,30,517.0,15510.0,2025-09-04T11:13:05.754909
2025-09-04,66328,2025090401001097,NABIL,Dynamic Money Managers Securities Pvt. Ltd.,Imperial Securities Company Pvt. Ltd.,150,517.0,77550.0,2025-09-04T11:13:05.755054
2025-09-04,66154,2025090401001159,NABIL,Malla & Malla Stock Broking Company Pvt. Limited,Imperial Securities Company Pvt. Ltd.,52,515.2,26790.4,2025-09-04T11:13:43.449879
2025-09-04,65917,2025090401001256,NABIL,Malla & Malla Stock Broking Company Pvt. Limited,Linch Stock Market Ltd.,30,515.2,15456.0,2025-09-04T11:14:34.827488
2025-09-04,65890,2025090401001262,NABIL,Malla & Malla Stock Broking Company Pvt. Limited,Cristal Kanchanjanga Securites Pvt. Ltd.,38,515.2,19577.6,2025-09-04T11:14:37.758502
2025-09-04,65889,2025090401001263,NABIL,Shree Krishna Securities Ltd.,Cristal Kanchanjanga Securites Pvt. Ltd.,62,515.2,31942.4,2025-09-04T11:14:37.758775
2025-09-04,65684,2025090401001341,NABIL,Shree Krishna Securities Ltd.,Pragyan Securities (PVT) Ltd.,70,515.2,36064.0,2025-09-04T11:15:26.477857
2025-09-04,65400,2025090401001443,NABIL,Siprabi Securities Pvt. Ltd.,Dakshinkali Investment & Securities Pvt. Ltd.,100,515.3,51530.0,2025-09-04T11:16:32.331873
2025-09-04,65399,2025090401001444,NABIL,Shree Krishna Securities Ltd.,Dakshinkali Investment & Securities Pvt. Ltd.,68,515.2,35033.6,2025-09-04T11:16:32.332021
2025-09-04,65398,2025090401001445,NABIL,Naasa Securities Co. Ltd.,Dakshinkali Investment & Securities Pvt. Ltd.,50,515.2,25760.0,2025-09-04T11:16:32.332108
2025-09-04,65397,2025090401001446,NABIL,Creative Securities Pvt Ltd,Dakshinkali Investment & Securities Pvt. Ltd.,100,515.2,51520.0,2025-09-04T11:16:32.332199
2025-09-04,65396,2025090401001447,NABIL,Kumari Securities Private Limited,Dakshinkali Investment & Securities Pvt. Ltd.,25,515.1,12877.5,2025-09-04T11:16:32.332296
2025-09-04,65395,2025090401001448,NABIL,Shree Krishna Securities Ltd.,Dakshinkali Investment & Securities Pvt. Ltd.,170,515.1,87567.0,2025-09-04T11:16:32.332374
2025-09-04,65394,2025090401001449,NABIL,Vision Securities Pvt. Ltd,Dakshinkali Investment & Securities Pvt. Ltd.,487,515.0,250805.0,2025-09-04T11:16:32.332435
2025-09-04,65235,2025090401001496,NABIL,Vision Securities Pvt. Ltd,Siprabi Securities Pvt. Ltd.,500,515.0,257500.0,2025-09-04T11:17:05.808392
2025-09-04,65194,2025090401001512,NABIL,Aryatara Investment & Securities,Cristal Kanchanjanga Securites Pvt. Ltd.,50,516.0,25800.0,2025-09-04T11:17:18.14605
2025-09-04,65190,2025090401001515,NABIL,Aryatara Investment & Securities,Sani Securities Company Ltd.,50,516.0,25800.0,2025-09-04T11:17:19.443072
2025-09-04,65189,2025090401001516,NABIL,Vision Securities Pvt. Ltd,Sani Securities Company Ltd.,450,515.0,231750.0,2025-09-04T11:17:19.443212
2025-09-04,64925,2025090401001640,NABIL,Bhrikuti Stock Broking Co. Pvt. Ltd.,Vision Securities Pvt. Ltd,1,510.0,510.0,2025-09-04T11:18:13.035308
2025-09-04,64450,2025090401001797,NABIL,Agrawal Securities (PVT) Ltd.,Imperial Securities Company Pvt. Ltd.,119,518.0,61642.0,2025-09-04T11:20:04.256964
2025-09-04,64449,2025090401001798,NABIL,Agrawal Securities (PVT) Ltd.,Cristal Kanchanjanga Securites Pvt. Ltd.,50,518.0,25900.0,2025-09-04T11:20:04.257133
2025-09-04,63449,2025090401002186,NABIL,Malla & Malla Stock Broking Company Pvt. Limited,Trisul Securities & Invt. Ltd.,50,518.0,25900.0,2025-09-04T11:24:01.112016
2025-09-04,62775,2025090401002437,NABIL,Blue Chip Securities Ltd,Trisul Securities & Invt. Ltd.,850,518.0,440300.0,2025-09-04T11:27:04.968992
2025-09-04,61304,2025090401002976,NABIL,Kumari Securities Private Limited,Trisul Securities & Invt. Ltd.,200,520.0,104000.0,2025-09-04T11:33:04.555332
2025-09-04,61220,2025090401003008,NABIL,Blue Chip Securities Ltd,Malla & Malla Stock Broking Company Pvt. Limited,50,518.0,25900.0,2025-09-04T11:33:28.641319
2025-09-04,60609,2025090401003339,NABIL,Naasa Securities Co. Ltd.,Trisul Securities & Invt. Ltd.,10,520.0,5200.0,2025-09-04T11:35:46.720421
2025-09-04,60586,2025090401003342,NABIL,Machhapuchchhre Securities Limited,Trisul Securities & Invt. Ltd.,10,520.0,5200.0,2025-09-04T11:35:52.193742
2025-09-04,60472,2025090401003392,NABIL,Blue Chip Securities Ltd,Trisul Securities & Invt. Ltd.,474,520.0,246480.0,2025-09-04T11:36:25.64168
2025-09-04,60096,2025090401003495,NABIL,Machhapuchchhre Securities Limited,Online Securities Pvt. Ltd.,50,518.2,25910.0,2025-09-04T11:37:59.691225
2025-09-04,60095,2025090401003496,NABIL,Sumeru Securities Pvt. Ltd.,Online Securities Pvt. Ltd.,120,518.2,62184.0,2025-09-04T11:37:59.691631
2025-09-04,59751,2025090401003606,NABIL,Sani Securities Company Ltd.,Neev Securities Pvt. Ltd.,150,518.3,77745.0,2025-09-04T11:39:25.98127
2025-09-04,59750,2025090401003607,NABIL,Sumeru Securities Pvt. Ltd.,Neev Securities Pvt. Ltd.,490,518.2,253918.0,2025-09-04T11:39:25.981528
2025-09-04,59477,2025090401003688,NABIL,Sumeru Securities Pvt. Ltd.,Trisul Securities & Invt. Ltd.,58,518.2,30055.6,2025-09-04T11:40:35.776508
2025-09-04,59338,2025090401003741,NABIL,Sumeru Securities Pvt. Ltd.,Online Securities Pvt. Ltd.,15,518.2,7773.0,2025-09-04T11:41:13.222672
2025-09-04,59281,2025090401003762,NABIL,Sumeru Securities Pvt. Ltd.,Naasa Securities Co. Ltd.,300,518.2,155460.0,2025-09-04T11:41:29.300381
2025-09-04,58908,2025090401003898,NABIL,Machhapuchchhre Securities Limited,Kumari Securities Private Limited,10,520.0,5200.0,2025-09-04T11:43:22.674731
2025-09-04,58722,2025090401003977,NABIL,Naasa Securities Co. Ltd.,N.I.M.B. Stock Markets Limited,10,518.5,5185.0,2025-09-04T11:44:15.019274
2025-09-04,58246,2025090401004148,NABIL,Sani Securities Company Ltd.,N.I.M.B. Stock Markets Limited,63,518.5,32665.5,2025-09-04T11:46:44.058519
2025-09-04,58245,2025090401004149,NABIL,Sani Securities Company Ltd.,Asian Securities Private Ltd.,20,518.5,10370.0,2025-09-04T11:46:44.058942
2025-09-04,58068,2025090401004215,NABIL,Vision Securities Pvt. Ltd,Creative Securities Pvt Ltd,11,519.0,5709.0,2025-09-04T11:47:42.265246
2025-09-04,58067,2025090401004216,NABIL,Sumeru Securities Pvt. Ltd.,Creative Securities Pvt Ltd,17,518.2,8809.4,2025-09-04T11:47:42.265679
2025-09-04,58066,2025090401004217,NABIL,J.F. Securites (PVT) Ltd.,Creative Securities Pvt Ltd,100,518.1,51810.0,2025-09-04T11:47:42.265957
2025-09-04,58065,2025090401004218,NABIL,Dynamic Money Managers Securities Pvt. Ltd.,Creative Securities Pvt Ltd,172,518.0,89096.0,2025-09-04T11:47:42.266267
2025-09-04,58053,2025090401004222,NABIL,Investment Management Nepal Pvt. Ltd.,Kumari Securities Private Limited,20,520.0,10400.0,2025-09-04T11:47:47.335594
2025-09-04,57891,2025090401004278,NABIL,Sani Securities Company Ltd.,Sri Hari Securities Pvt. Ltd.,14,518.2,7254.8,2025-09-04T11:48:18.661375
2025-09-04,57890,2025090401004279,NABIL,Dynamic Money Managers Securities Pvt. Ltd.,Sri Hari Securities Pvt. Ltd.,328,518.0,169904.0,2025-09-04T11:48:18.661805
2025-09-04,57889,2025090401004280,NABIL,Premier Securities Company Ltd.,Sri Hari Securities Pvt. Ltd.,10,518.0,5180.0,2025-09-04T11:48:18.662117
2025-09-04,57888,2025090401004281,NABIL,Dipshikha Dhitopatra Karobar Co. Pvt Ltd.,Sri Hari Securities Pvt. Ltd.,50,518.0,25900.0,2025-09-04T11:48:18.66239
2025-09-04,57887,2025090401004282,NABIL,Naasa Securities Co. Ltd.,Sri Hari Securities Pvt. Ltd.,98,518.0,50764.0,2025-09-04T11:48:18.66267
2025-09-04,57075,2025090401004639,NABIL,Machhapuchchhre Securities Limited,Sri Hari Securities Pvt. Ltd.,10,519.0,5190.0,2025-09-04T11:52:38.242692
2025-09-04,56191,2025090401004895,NABIL,Capital Max Securities Ltd,Sri Hari Securities Pvt. Ltd.,12,518.0,6216.0,2025-09-04T11:56:22.88029
2025-09-04,56063,2025090401004933,NABIL,J.F. Securites (PVT) Ltd.,Naasa Securities Co. Ltd.,9,515.0,4635.0,2025-09-04T11:56:51.410659
2025-09-04,56049,2025090401004940,NABIL,Online Securities Pvt. Ltd.,Sri Hari Securities Pvt. Ltd.,24,518.0,12432.0,2025-09-04T11:56:55.889002
2025-09-04,56040,2025090401004945,NABIL,ABC Securities Private Limited,Sri Hari Securities Pvt. Ltd.,964,518.0,499352.0,2025-09-04T11:56:59.241473
2025-09-04,55987,2025090401004972,NABIL,ABC Securities Private Limited,Sri Hari Securities Pvt. Ltd.,24,518.0,12432.0,2025-09-04T11:57:14.630842
2025-09-04,55701,2025090401005083,NABIL,Sani Securities Company Ltd.,Swarna Laxmi Securities Pvt. Ltd.,20,517.0,10340.0,2025-09-04T11:58:35.585089
2025-09-04,55700,2025090401005084,NABIL,J.F. Securites (PVT) Ltd.,Swarna Laxmi Securities Pvt. Ltd.,50,517.0,25850.0,2025-09-04T11:58:35.585565
2025-09-04,55528,2025090401005129,NABIL,Trisul Securities & Invt. Ltd.,Swarna Laxmi Securities Pvt. Ltd.,28,516.6,14464.8,2025-09-04T11:59:20.743521
2025-09-04,54598,2025090401005375,NABIL,Kohinoor Investment & Securities Pvt. Ltd.,Sri Hari Securities Pvt. Ltd.,10,518.0,5180.0,2025-09-04T12:02:37.669116
2025-09-04,54129,2025090401005534,NABIL,Sani Securities Company Ltd.,Sri Hari Securities Pvt. Ltd.,10,518.0,5180.0,2025-09-04T12:04:36.555301
2025-09-04,53779,2025090401005651,NABIL,Online Securities Pvt. Ltd.,Naasa Securities Co. Ltd.,10,517.0,5170.0,2025-09-04T12:05:41.92212
2025-09-04,53671,2025090401005676,NABIL,Malla & Malla Stock Broking Company Pvt. Limited,Naasa Securities Co. Ltd.,27,517.0,13959.0,2025-09-04T12:06:05.995543
2025-09-04,52973,2025090401005897,NABIL,Machhapuchchhre Securities Limited,Sri Hari Securities Pvt. Ltd.,10,518.0,5180.0,2025-09-04T12:09:17.2042
2025-09-04,52936,2025090401005908,NABIL,Nabil Stock Dealer Ltd.,Sri Hari Securities Pvt. Ltd.,10,518.0,5180.0,2025-09-04T12:09:26.315074
2025-09-04,52675,2025090401005976,NABIL,Thrive Brokerage House Pvt. Ltd,Sri Hari Securities Pvt. Ltd.,50,518.0,25900.0,2025-09-04T12:10:36.830612
2025-09-04,52578,2025090401006005,NABIL,Midas Stock Broking Company Private Limited,Sri Hari Securities Pvt. Ltd.,10,518.0,5180.0,2025-09-04T12:11:01.274918
2025-09-04,51866,2025090401006210,NABIL,Sani Securities Company Ltd.,Sri Hari Securities Pvt. Ltd.,10,518.0,5180.0,2025-09-04T12:13:32.327049
2025-09-04,51314,2025090401006420,NABIL,Naasa Securities Co. Ltd.,Sri Hari Securities Pvt. Ltd.,27,518.0,13986.0,2025-09-04T12:16:08.426241
2025-09-04,50777,2025090401006578,NABIL,Naasa Securities Co. Ltd.,Swarna Laxmi Securities Pvt. Ltd.,25,517.5,12937.5,2025-09-04T12:18:39.148245
2025-09-04,50776,2025090401006579,NABIL,Aryatara Investment & Securities,Swarna Laxmi Securities Pvt. Ltd.,10,517.0,5170.0,2025-09-04T12:18:39.148869
2025-09-04,50775,2025090401006580,NABIL,Naasa Securities Co. Ltd.,Swarna Laxmi Securities Pvt. Ltd.,10,517.0,5170.0,2025-09-04T12:18:39.149709
2025-09-04,49992,2025090401006856,NABIL,Siprabi Securities Pvt. Ltd.,Sri Hari Securities Pvt. Ltd.,20,517.0,10340.0,2025-09-04T12:22:17.00427
2025-09-04,49991,2025090401006857,NABIL,Trisul Securities & Invt. Ltd.,Sri Hari Securities Pvt. Ltd.,10,516.6,5166.0,2025-09-04T12:22:17.004592
2025-09-04,49990,2025090401006858,NABIL,Blue Chip Securities Ltd,Sri Hari Securities Pvt. Ltd.,20,516.6,10332.0,2025-09-04T12:22:17.004726
2025-09-04,49989,2025090401006859,NABIL,Sundhara Securities Limited,Sri Hari Securities Pvt. Ltd.,100,516.2,51620.0,2025-09-04T12:22:17.004852
2025-09-04,49988,2025090401006860,NABIL,Investment Management Nepal Pvt. Ltd.,Sri Hari Securities Pvt. Ltd.,20,516.0,10320.0,2025-09-04T12:22:17.004984
2025-09-04,49987,2025090401006861,NABIL,Dipshikha Dhitopatra Karobar Co. Pvt Ltd.,Sri Hari Securities Pvt. Ltd.,16,516.0,8256.0,2025-09-04T12:22:17.005113
2025-09-04,49986,2025090401006862,NABIL,Midas Stock Broking Company Private Limited,Sri Hari Securities Pvt. Ltd.,60,516.0,30960.0,2025-09-04T12:22:17.005237
2025-09-04,49985,2025090401006863,NABIL,Malla & Malla Stock Broking Company Pvt. Limited,Sri Hari Securities Pvt. Ltd.,50,516.0,25800.0,2025-09-04T12:22:17.005363
2025-09-04,49984,2025090401006864,NABIL,Nepal Stock House (PVT) Ltd.,Sri Hari Securities Pvt. Ltd.,50,516.0,25800.0,2025-09-04T12:22:17.005487
2025-09-04,49983,2025090401006865,NABIL,Online Securities Pvt. Ltd.,Sri Hari Securities Pvt. Ltd.,10,516.0,5160.0,2025-09-04T12:22:17.005609
2025-09-04,49982,2025090401006866,NABIL,Online Securities Pvt. Ltd.,Sri Hari Securities Pvt. Ltd.,10,516.0,5160.0,2025-09-04T12:22:17.005736
2025-09-04,49981,2025090401006867,NABIL,Naasa Securities Co. Ltd.,Sri Hari Securities Pvt. Ltd.,20,516.0,10320.0,2025-09-04T12:22:17.005858
2025-09-04,49980,2025090401006868,NABIL,Trishakti Securities Public Limited,Sri Hari Securities Pvt. Ltd.,300,516.0,154800.0,2025-09-04T12:22:17.00598
2025-09-04,49979,2025090401006869,NABIL,Naasa Securities Co. Ltd.,Sri Hari Securities Pvt. Ltd.,194,515.5,100007.0,2025-09-04T12:22:17.006107
2025-09-04,49978,2025090401006870,NABIL,Agrawal Securities (PVT) Ltd.,Sri Hari Securities Pvt. Ltd.,200,515.2,103040.0,2025-09-04T12:22:17.006231
2025-09-04,49977,2025090401006871,NABIL,Aryatara Investment & Securities,Sri Hari Securities Pvt. Ltd.,600,515.1,309060.0,2025-09-04T12:22:17.006354
2025-09-04,49976,2025090401006872,NABIL,Siprabi Securities Pvt. Ltd.,Sri Hari Securities Pvt. Ltd.,200,515.1,103020.0,2025-09-04T12:22:17.006472
2025-09-04,49975,2025090401006873,NABIL,Nepal Investment And Securities Trading Private Limited,Sri Hari Securities Pvt. Ltd.,10,515.1,5151.0,2025-09-04T12:22:17.00659
2025-09-04,49974,2025090401006874,NABIL,Vision Securities Pvt. Ltd,Sri Hari Securities Pvt. Ltd.,510,515.0,262650.0,2025-09-04T12:22:17.006718
2025-09-04,49638,2025090401006976,NABIL,Kohinoor Investment & Securities Pvt. Ltd.,Sri Hari Securities Pvt. Ltd.,10,518.0,5180.0,2025-09-04T12:23:42.74729
2025-09-04,49602,2025090401006996,NABIL,Infinity Securities Limited,Sri Hari Securities Pvt. Ltd.,10,517.9,5179.0,2025-09-04T12:23:56.870296
2025-09-04,49568,2025090401007005,NABIL,Naasa Securities Co. Ltd.,J.F. Securites (PVT) Ltd.,1,515.0,515.0,2025-09-04T12:24:05.780334
2025-09-04,49077,2025090401007177,NABIL,KALASH STOCK MARKET PVT. LTD.,Imperial Securities Company Pvt. Ltd.,11,516.0,5676.0,2025-09-04T12:26:29.85482
2025-09-04,48690,2025090401007306,NABIL,Sweta Securities Private Limited,Sri Hari Securities Pvt. Ltd.,30,516.0,15480.0,2025-09-04T12:28:08.917268
2025-09-04,48689,2025090401007307,NABIL,Naasa Securities Co. Ltd.,Sri Hari Securities Pvt. Ltd.,40,516.0,20640.0,2025-09-04T12:28:08.917573
2025-09-04,47826,2025090401007620,NABIL,Agrawal Securities (PVT) Ltd.,Kohinoor Investment & Securities Pvt. Ltd.,50,516.1,25805.0,2025-09-04T12:31:47.865218
2025-09-04,47812,2025090401007626,NABIL,J.F. Securites (PVT) Ltd.,Creative Securities Pvt Ltd,30,516.5,15495.0,2025-09-04T12:31:51.684823
2025-09-04,47616,2025090401007690,NABIL,Agrawal Securities (PVT) Ltd.,Creative Securities Pvt Ltd,50,516.1,25805.0,2025-09-04T12:32:35.626497
2025-09-04,47615,2025090401007691,NABIL,Naasa Securities Co. Ltd.,Creative Securities Pvt Ltd,10,516.0,5160.0,2025-09-04T12:32:35.627084
2025-09-04,47614,2025090401007692,NABIL,Investment Management Nepal Pvt. Ltd.,Creative Securities Pvt Ltd,10,516.0,5160.0,2025-09-04T12:32:35.627476
2025-09-04,47613,2025090401007693,NABIL,Premier Securities Company Ltd.,Creative Securities Pvt Ltd,260,516.0,134160.0,2025-09-04T12:32:35.627875
2025-09-04,47592,2025090401007703,NABIL,Premier Securities Company Ltd.,Sri Hari Securities Pvt. Ltd.,40,516.0,20640.0,2025-09-04T12:32:41.741913
2025-09-04,47591,2025090401007704,NABIL,Nepal Investment And Securities Trading Private Limited,Sri Hari Securities Pvt. Ltd.,100,515.2,51520.0,2025-09-04T12:32:41.742203
2025-09-04,47590,2025090401007705,NABIL,Agrawal Securities (PVT) Ltd.,Sri Hari Securities Pvt. Ltd.,200,515.2,103040.0,2025-09-04T12:32:41.742331
2025-09-04,47589,2025090401007706,NABIL,Nabil Stock Dealer Ltd.,Sri Hari Securities Pvt. Ltd.,20,515.1,10302.0,2025-09-04T12:32:41.742459
2025-09-04,47588,2025090401007707,NABIL,Trishakti Securities Public Limited,Sri Hari Securities Pvt. Ltd.,100,515.1,51510.0,2025-09-04T12:32:41.742617
2025-09-04,47587,2025090401007708,NABIL,Deevyaa Securities & Stock House Pvt. Ltd,Sri Hari Securities Pvt. Ltd.,369,515.1,190071.9,2025-09-04T12:32:41.742764
2025-09-04,46208,2025090401008071,NABIL,Sajilo Broker Limited,Oxford Securities Pvt. Ltd.,10,516.9,5169.0,2025-09-04T12:37:28.238184
2025-09-04,46124,2025090401008095,NABIL,Aryatara Investment & Securities,Trishakti Securities Public Limited,50,516.6,25830.0,2025-09-04T12:37:44.119037
2025-09-04,45594,2025090401008247,NABIL,Linch Stock Market Ltd.,Trisul Securities & Invt. Ltd.,200,515.5,103100.0,2025-09-04T12:39:42.223746
2025-09-04,45593,2025090401008248,NABIL,Deevyaa Securities & Stock House Pvt. Ltd,Trisul Securities & Invt. Ltd.,131,515.1,67478.1,2025-09-04T12:39:42.224088
2025-09-04,45592,2025090401008249,NABIL,Agrawal Securities (PVT) Ltd.,Trisul Securities & Invt. Ltd.,200,515.1,103020.0,2025-09-04T12:39:42.224245
2025-09-04,45591,2025090401008250,NABIL,Vision Securities Pvt. Ltd,Trisul Securities & Invt. Ltd.,369,515.0,190035.0,2025-09-04T12:39:42.224405
2025-09-04,45097,2025090401008411,NABIL,Vision Securities Pvt. Ltd,Deevyaa Securities & Stock House Pvt. Ltd,48,515.0,24720.0,2025-09-04T12:41:36.51467
2025-09-04,44804,2025090401008480,NABIL,Vision Securities Pvt. Ltd,Sundhara Securities Limited,125,515.0,64375.0,2025-09-04T12:42:38.864133
2025-09-04,44797,2025090401008482,NABIL,Vision Securities Pvt. Ltd,Naasa Securities Co. Ltd.,55,515.0,28325.0,2025-09-04T12:42:39.848135
2025-09-04,44796,2025090401008483,NABIL,Linch Stock Market Ltd.,Oxford Securities Pvt. Ltd.,15,516.9,7753.5,2025-09-04T12:42:40.049719
2025-09-04,44309,2025090401008676,NABIL,Trishakti Securities Public Limited,Aryatara Investment & Securities,50,515.1,25755.0,2025-09-04T12:44:07.632501
2025-09-04,44308,2025090401008677,NABIL,Vision Securities Pvt. Ltd,Aryatara Investment & Securities,60,515.0,30900.0,2025-09-04T12:44:07.633221
2025-09-04,44113,2025090401008736,NABIL,Vision Securities Pvt. Ltd,Online Securities Pvt. Ltd.,100,515.0,51500.0,2025-09-04T12:44:47.466325
2025-09-04,43992,2025090401008783,NABIL,Vision Securities Pvt. Ltd,Arun Securities (PVT) Ltd.,11,515.0,5665.0,2025-09-04T12:45:11.862018
2025-09-04,43825,2025090401008829,NABIL,Vision Securities Pvt. Ltd,Sewa Securities Pvt. Ltd.,10,515.0,5150.0,2025-09-04T12:45:45.320102
2025-09-04,43749,2025090401008868,NABIL,Naasa Securities Co. Ltd.,Online Securities Pvt. Ltd.,5,515.0,2575.0,2025-09-04T12:45:58.356013
2025-09-04,42965,2025090401009087,NABIL,Agrawal Securities (PVT) Ltd.,Nepal Investment And Securities Trading Private Limited,90,516.9,46521.0,2025-09-04T12:48:44.119903
2025-09-04,42750,2025090401009143,NABIL,Ashutosh Brokerage & Securities (PVT) Ltd.,Dynamic Money Managers Securities Pvt. Ltd.,50,515.5,25775.0,2025-09-04T12:49:21.105204
2025-09-04,42080,2025090401009351,NABIL,Agrawal Securities (PVT) Ltd.,Midas Stock Broking Company Private Limited,50,515.1,25755.0,2025-09-04T12:51:28.878443
2025-09-04,41808,2025090401009412,NABIL,KALASH STOCK MARKET PVT. LTD.,Oxford Securities Pvt. Ltd.,3,516.0,1548.0,2025-09-04T12:52:28.971167
2025-09-04,41005,2025090401009591,NABIL,Kohinoor Investment & Securities Pvt. Ltd.,Dipshikha Dhitopatra Karobar Co. Pvt Ltd.,10,517.0,5170.0,2025-09-04T12:55:16.048018
2025-09-04,40988,2025090401009594,NABIL,Trishakti Securities Public Limited,Kalika Securities Pvt. Ltd.,30,515.2,15456.0,2025-09-04T12:55:20.74865
2025-09-04,40987,2025090401009595,NABIL,Sumeru Securities Pvt. Ltd.,Kalika Securities Pvt. Ltd.,400,515.2,206080.0,2025-09-04T12:55:20.748983
2025-09-04,40986,2025090401009596,NABIL,Agrawal Securities (PVT) Ltd.,Kalika Securities Pvt. Ltd.,100,515.1,51510.0,2025-09-04T12:55:20.749138
2025-09-04,40985,2025090401009597,NABIL,Aryatara Investment & Securities,Kalika Securities Pvt. Ltd.,50,515.1,25755.0,2025-09-04T12:55:20.749285
2025-09-04,40984,2025090401009598,NABIL,Vision Securities Pvt. Ltd,Kalika Securities Pvt. Ltd.,144,515.0,74160.0,2025-09-04T12:55:20.749439
2025-09-04,40615,2025090401009712,NABIL,Naasa Securities Co. Ltd.,Oxford Securities Pvt. Ltd.,2,518.0,1036.0,2025-09-04T12:56:36.108219
2025-09-04,40549,2025090401009727,NABIL,Vision Securities Pvt. Ltd,Nepal Investment And Securities Trading Private Limited,131,515.0,67465.0,2025-09-04T12:56:51.111531
2025-09-04,40548,2025090401009728,NABIL,Kumari Securities Private Limited,Nepal Investment And Securities Trading Private Limited,10,515.0,5150.0,2025-09-04T12:56:51.112278
2025-09-04,40547,2025090401009729,NABIL,Agrawal Securities (PVT) Ltd.,Nepal Investment And Securities Trading Private Limited,200,515.0,103000.0,2025-09-04T12:56:51.112826
2025-09-04,40546,2025090401009730,NABIL,Naasa Securities Co. Ltd.,Nepal Investment And Securities Trading Private Limited,20,515.0,10300.0,2025-09-04T12:56:51.113282
2025-09-04,40545,2025090401009731,NABIL,Siprabi Securities Pvt. Ltd.,Nepal Investment And Securities Trading Private Limited,50,515.0,25750.0,2025-09-04T12:56:51.11381
2025-09-04,40544,2025090401009732,NABIL,KALASH STOCK MARKET PVT. LTD.,Nepal Investment And Securities Trading Private Limited,100,515.0,51500.0,2025-09-04T12:56:51.114361
2025-09-04,40543,2025090401009733,NABIL,Sumeru Securities Pvt. Ltd.,Nepal Investment And Securities Trading Private Limited,15,515.0,7725.0,2025-09-04T12:56:51.11479
2025-09-04,40542,2025090401009734,NABIL,Swarna Laxmi Securities Pvt. Ltd.,Nepal Investment And Securities Trading Private Limited,20,515.0,10300.0,2025-09-04T12:56:51.115339
2025-09-04,40541,2025090401009735,NABIL,Trisul Securities & Invt. Ltd.,Nepal Investment And Securities Trading Private Limited,20,515.0,10300.0,2025-09-04T12:56:51.115896
2025-09-04,40540,2025090401009736,NABIL,Trishakti Securities Public Limited,Nepal Investment And Securities Trading Private Limited,10,515.0,5150.0,2025-09-04T12:56:51.116467
2025-09-04,40539,2025090401009737,NABIL,Premier Securities Company Ltd.,Nepal Investment And Securities Trading Private Limited,10,515.0,5150.0,2025-09-04T12:56:51.117061
2025-09-04,40538,2025090401009738,NABIL,Vision Securities Pvt. Ltd,Nepal Investment And Securities Trading Private Limited,114,515.0,58710.0,2025-09-04T12:56:51.117448
2025-09-04,39807,2025090401009953,NABIL,Nepal Stock House (PVT) Ltd.,Linch Stock Market Ltd.,25,515.1,12877.5,2025-09-04T12:59:51.500356
2025-09-04,39806,2025090401009954,NABIL,Vision Securities Pvt. Ltd,Linch Stock Market Ltd.,75,515.0,38625.0,2025-09-04T12:59:51.50068
2025-09-04,39387,2025090401010069,NABIL,Online Securities Pvt. Ltd.,Siprabi Securities Pvt. Ltd.,20,515.1,10302.0,2025-09-04T13:01:28.723151
2025-09-04,39386,2025090401010070,NABIL,Dynamic Money Managers Securities Pvt. Ltd.,Siprabi Securities Pvt. Ltd.,30,515.1,15453.0,2025-09-04T13:01:28.723448
2025-09-04,39263,2025090401010096,NABIL,Dynamic Money Managers Securities Pvt. Ltd.,Dipshikha Dhitopatra Karobar Co. Pvt Ltd.,70,515.1,36057.0,2025-09-04T13:01:55.697753
2025-09-04,38816,2025090401010240,NABIL,Vision Securities Pvt. Ltd,South Asian Bulls Pvt. Ltd.,200,515.0,103000.0,2025-09-04T13:03:33.52098
2025-09-04,38758,2025090401010262,NABIL,Kumari Securities Private Limited,Dipshikha Dhitopatra Karobar Co. Pvt Ltd.,10,515.1,5151.0,2025-09-04T13:03:51.460873
2025-09-04,38742,2025090401010271,NABIL,Vision Securities Pvt. Ltd,Creative Securities Pvt Ltd,11,515.0,5665.0,2025-09-04T13:03:56.082144
2025-09-04,38741,2025090401010272,NABIL,Kumari Securities Private Limited,Creative Securities Pvt Ltd,15,515.0,7725.0,2025-09-04T13:03:56.082799
2025-09-04,38740,2025090401010273,NABIL,Opal Securities Investment (PVT) Ltd.,Creative Securities Pvt Ltd,42,515.0,21630.0,2025-09-04T13:03:56.083301
2025-09-04,38739,2025090401010274,NABIL,Nepal Investment And Securities Trading Private Limited,Creative Securities Pvt Ltd,20,515.0,10300.0,2025-09-04T13:03:56.083782
2025-09-04,38738,2025090401010275,NABIL,ABC Securities Private Limited,Creative Securities Pvt Ltd,20,515.0,10300.0,2025-09-04T13:03:56.084434
2025-09-04,38737,2025090401010276,NABIL,Cristal Kanchanjanga Securites Pvt. Ltd.,Creative Securities Pvt Ltd,10,515.0,5150.0,2025-09-04T13:03:56.084952
2025-09-04,38337,2025090401010393,NABIL,Cristal Kanchanjanga Securites Pvt. Ltd.,Sani Securities Company Ltd.,10,515.0,5150.0,2025-09-04T13:05:21.908486
2025-09-04,38336,2025090401010394,NABIL,Siprabi Securities Pvt. Ltd.,Sani Securities Company Ltd.,40,515.0,20600.0,2025-09-04T13:05:21.908789
2025-09-04,38205,2025090401010435,NABIL,Siprabi Securities Pvt. Ltd.,Nepal Stock House (PVT) Ltd.,10,515.0,5150.0,2025-09-04T13:05:54.216167
2025-09-04,38204,2025090401010436,NABIL,Bhrikuti Stock Broking Co. Pvt. Ltd.,Nepal Stock House (PVT) Ltd.,90,515.0,46350.0,2025-09-04T13:05:54.216504
2025-09-04,38089,2025090401010475,NABIL,Agrawal Securities (PVT) Ltd.,Dipshikha Dhitopatra Karobar Co. Pvt Ltd.,20,515.1,10302.0,2025-09-04T13:06:14.715295
2025-09-04,38063,2025090401010481,NABIL,Agrawal Securities (PVT) Ltd.,Kohinoor Investment & Securities Pvt. Ltd.,50,516.5,25825.0,2025-09-04T13:06:21.794306
2025-09-04,38017,2025090401010492,NABIL,Agrawal Securities (PVT) Ltd.,Naasa Securities Co. Ltd.,20,517.0,10340.0,2025-09-04T13:06:30.847545
2025-09-04,36557,2025090401010864,NABIL,Naasa Securities Co. Ltd.,Imperial Securities Company Pvt. Ltd.,48,516.0,24768.0,2025-09-04T13:12:12.149435
2025-09-04,36483,2025090401010889,NABIL,Kohinoor Investment & Securities Pvt. Ltd.,Naasa Securities Co. Ltd.,10,517.0,5170.0,2025-09-04T13:12:36.014447
2025-09-04,36387,2025090401010920,NABIL,Premier Securities Company Ltd.,Naasa Securities Co. Ltd.,70,517.0,36190.0,2025-09-04T13:13:02.243689
2025-09-04,36386,2025090401010921,NABIL,Premier Securities Company Ltd.,Naasa Securities Co. Ltd.,10,517.0,5170.0,2025-09-04T13:13:02.24375
2025-09-04,36385,2025090401010922,NABIL,Premier Securities Company Ltd.,Thrive Brokerage House Pvt. Ltd,10,517.9,5179.0,2025-09-04T13:13:02.243783
2025-09-04,35182,2025090401011397,NABIL,Linch Stock Market Ltd.,Nepal Stock House (PVT) Ltd.,20,517.5,10350.0,2025-09-04T13:18:29.918542
2025-09-04,35181,2025090401011398,NABIL,Sweta Securities Private Limited,Nepal Stock House (PVT) Ltd.,100,517.1,51710.0,2025-09-04T13:18:29.91897
2025-09-04,35180,2025090401011399,NABIL,Arun Securities (PVT) Ltd.,Nepal Stock House (PVT) Ltd.,34,517.0,17578.0,2025-09-04T13:18:29.919209
2025-09-04,34318,2025090401011669,NABIL,South Asian Bulls Pvt. Ltd.,Nepal Stock House (PVT) Ltd.,100,517.0,51700.0,2025-09-04T13:22:30.954248
2025-09-04,34265,2025090401011695,NABIL,Agrawal Securities (PVT) Ltd.,Nepal Stock House (PVT) Ltd.,25,517.0,12925.0,2025-09-04T13:22:46.428815
2025-09-04,34263,2025090401011696,NABIL,Naasa Securities Co. Ltd.,Nepal Stock House (PVT) Ltd.,18,517.0,9306.0,2025-09-04T13:22:47.519111
2025-09-04,33641,2025090401011880,NABIL,Sani Securities Company Ltd.,Linch Stock Market Ltd.,31,516.0,15996.0,2025-09-04T13:25:20.126874
2025-09-04,33237,2025090401011983,NABIL,Sani Securities Company Ltd.,Dipshikha Dhitopatra Karobar Co. Pvt Ltd.,25,516.5,12912.5,2025-09-04T13:26:45.441394
2025-09-04,33021,2025090401012057,NABIL,Siprabi Securities Pvt. Ltd.,Dipshikha Dhitopatra Karobar Co. Pvt Ltd.,10,515.6,5156.0,2025-09-04T13:27:49.104573
2025-09-04,33002,2025090401012063,NABIL,Deevyaa Securities & Stock House Pvt. Ltd,Dipshikha Dhitopatra Karobar Co. Pvt Ltd.,15,515.6,7734.0,2025-09-04T13:27:53.820079
2025-09-04,32481,2025090401012240,NABIL,Online Securities Pvt. Ltd.,Nepal Stock House (PVT) Ltd.,10,517.0,5170.0,2025-09-04T13:30:26.476951
2025-09-04,32122,2025090401012350,NABIL,J.F. Securites (PVT) Ltd.,Primo Securities (PVT) Ltd.,1,515.1,515.1,2025-09-04T13:32:01.589592
2025-09-04,32104,2025090401012358,NABIL,Online Securities Pvt. Ltd.,Nepal Stock House (PVT) Ltd.,100,517.0,51700.0,2025-09-04T13:32:08.424235
2025-09-04,32091,2025090401012364,NABIL,J.F. Securites (PVT) Ltd.,Dynamic Money Managers Securities Pvt. Ltd.,2,515.1,1030.2,2025-09-04T13:32:13.63533
2025-09-04,31246,2025090401012606,NABIL,Nepal Investment And Securities Trading Private Limited,Nepal Stock House (PVT) Ltd.,10,517.0,5170.0,2025-09-04T13:35:41.384125
2025-09-04,31222,2025090401012617,NABIL,Deevyaa Securities & Stock House Pvt. Ltd,Naasa Securities Co. Ltd.,43,516.0,22188.0,2025-09-04T13:35:48.520504
2025-09-04,31221,2025090401012618,NABIL,Sani Securities Company Ltd.,Naasa Securities Co. Ltd.,50,516.0,25800.0,2025-09-04T13:35:48.520888
2025-09-04,31092,2025090401012648,NABIL,Naasa Securities Co. Ltd.,Trishakti Securities Public Limited,10,516.9,5169.0,2025-09-04T13:36:16.934602
2025-09-04,29739,2025090401013191,NABIL,Dipshikha Dhitopatra Karobar Co. Pvt Ltd.,Trishakti Securities Public Limited,40,516.9,20676.0,2025-09-04T13:41:32.616774
2025-09-04,29738,2025090401013192,NABIL,Dipshikha Dhitopatra Karobar Co. Pvt Ltd.,South Asian Bulls Pvt. Ltd.,30,516.9,15507.0,2025-09-04T13:41:32.617564
2025-09-04,29737,2025090401013193,NABIL,Dipshikha Dhitopatra Karobar Co. Pvt Ltd.,Shree Krishna Securities Ltd.,50,516.9,25845.0,2025-09-04T13:41:32.618105
2025-09-04,28348,2025090401013667,NABIL,Premier Securities Company Ltd.,Trishakti Securities Public Limited,30,516.0,15480.0,2025-09-04T13:46:56.759436
2025-09-04,27654,2025090401013853,NABIL,Premier Securities Company Ltd.,Midas Stock Broking Company Private Limited,20,516.0,10320.0,2025-09-04T13:49:23.844685
2025-09-04,27600,2025090401013876,NABIL,Naasa Securities Co. Ltd.,Online Securities Pvt. Ltd.,100,515.9,51590.0,2025-09-04T13:49:35.763952
2025-09-04,27051,2025090401014041,NABIL,South Asian Bulls Pvt. Ltd.,Online Securities Pvt. Ltd.,50,516.0,25800.0,2025-09-04T13:51:42.986582
2025-09-04,27050,2025090401014042,NABIL,Thrive Brokerage House Pvt. Ltd,Online Securities Pvt. Ltd.,50,516.0,25800.0,2025-09-04T13:51:42.986987
2025-09-04,26218,2025090401014272,NABIL,Sani Securities Company Ltd.,Premier Securities Company Ltd.,100,516.5,51650.0,2025-09-04T13:54:42.051917
2025-09-04,26121,2025090401014305,NABIL,Vision Securities Pvt. Ltd,Kohinoor Investment & Securities Pvt. Ltd.,10,516.0,5160.0,2025-09-04T13:55:15.836661
2025-09-04,25885,2025090401014379,NABIL,Naasa Securities Co. Ltd.,Kohinoor Investment & Securities Pvt. Ltd.,75,516.2,38715.0,2025-09-04T13:56:19.758215
2025-09-04,25884,2025090401014380,NABIL,Vision Securities Pvt. Ltd,Kohinoor Investment & Securities Pvt. Ltd.,10,516.0,5160.0,2025-09-04T13:56:19.759019
2025-09-04,25883,2025090401014381,NABIL,Bhrikuti Stock Broking Co. Pvt. Ltd.,Kohinoor Investment & Securities Pvt. Ltd.,10,516.0,5160.0,2025-09-04T13:56:19.759625
2025-09-04,25882,2025090401014382,NABIL,Sani Securities Company Ltd.,Kohinoor Investment & Securities Pvt. Ltd.,115,516.0,59340.0,2025-09-04T13:56:19.760224
2025-09-04,25851,2025090401014388,NABIL,Sani Securities Company Ltd.,Shree Krishna Securities Ltd.,75,516.0,38700.0,2025-09-04T13:56:30.944857
2025-09-04,25801,2025090401014411,NABIL,Nepal Stock House (PVT) Ltd.,Shree Krishna Securities Ltd.,20,516.0,10320.0,2025-09-04T13:56:42.93899
2025-09-04,25639,2025090401014462,NABIL,Nepal Investment And Securities Trading Private Limited,Kumari Securities Private Limited,10,515.5,5155.0,2025-09-04T13:57:31.914245
2025-09-04,25638,2025090401014463,NABIL,Naasa Securities Co. Ltd.,Kumari Securities Private Limited,16,515.5,8248.0,2025-09-04T13:57:31.915116
2025-09-04,25637,2025090401014464,NABIL,ABC Securities Private Limited,Kumari Securities Private Limited,124,515.5,63922.0,2025-09-04T13:57:31.915869
2025-09-04,25596,2025090401014484,NABIL,ABC Securities Private Limited,Agrawal Securities (PVT) Ltd.,95,515.5,48972.5,2025-09-04T13:57:46.169755
2025-09-04,25414,2025090401014551,NABIL,ABC Securities Private Limited,Deevyaa Securities & Stock House Pvt. Ltd,500,515.5,257750.0,2025-09-04T13:58:38.78769
2025-09-04,25201,2025090401014607,NABIL,ABC Securities Private Limited,Linch Stock Market Ltd.,40,515.5,20620.0,2025-09-04T13:59:32.820695
2025-09-04,24452,2025090401014852,NABIL,Malla & Malla Stock Broking Company Pvt. Limited,Trishakti Securities Public Limited,100,516.0,51600.0,2025-09-04T14:02:12.708719
2025-09-04,24116,2025090401014952,NABIL,Dipshikha Dhitopatra Karobar Co. Pvt Ltd.,Trishakti Securities Public Limited,10,516.0,5160.0,2025-09-04T14:03:20.105158
2025-09-04,23834,2025090401015046,NABIL,Online Securities Pvt. Ltd.,Trishakti Securities Public Limited,15,516.0,7740.0,2025-09-04T14:04:23.509345
2025-09-04,23772,2025090401015066,NABIL,Midas Stock Broking Company Private Limited,Trishakti Securities Public Limited,27,516.0,13932.0,2025-09-04T14:04:36.158315
2025-09-04,23771,2025090401015067,NABIL,Midas Stock Broking Company Private Limited,Naasa Securities Co. Ltd.,23,516.0,11868.0,2025-09-04T14:04:36.158766
2025-09-04,23341,2025090401015252,NABIL,Aryatara Investment & Securities,Neev Securities Pvt. Ltd.,10,515.7,5157.0,2025-09-04T14:06:25.316571
2025-09-04,23340,2025090401015253,NABIL,Aryatara Investment & Securities,Neev Securities Pvt. Ltd.,200,515.6,103120.0,2025-09-04T14:06:25.316702
2025-09-04,23339,2025090401015254,NABIL,Siprabi Securities Pvt. Ltd.,Neev Securities Pvt. Ltd.,82,515.6,42279.2,2025-09-04T14:06:25.316785
2025-09-04,23205,2025090401015300,NABIL,Siprabi Securities Pvt. Ltd.,Sweta Securities Private Limited,15,515.6,7734.0,2025-09-04T14:06:57.936664
2025-09-04,23171,2025090401015312,NABIL,Siprabi Securities Pvt. Ltd.,Primo Securities (PVT) Ltd.,515,515.6,265534.0,2025-09-04T14:07:04.300988
2025-09-04,22954,2025090401015391,NABIL,Naasa Securities Co. Ltd.,Naasa Securities Co. Ltd.,55,516.0,28380.0,2025-09-04T14:07:52.964014
2025-09-04,22934,2025090401015401,NABIL,Sani Securities Company Ltd.,Naasa Securities Co. Ltd.,50,516.0,25800.0,2025-09-04T14:08:01.042794
2025-09-04,22864,2025090401015419,NABIL,Naasa Securities Co. Ltd.,Naasa Securities Co. Ltd.,72,516.0,37152.0,2025-09-04T14:08:12.118515
2025-09-04,22863,2025090401015420,NABIL,Naasa Securities Co. Ltd.,Trishakti Securities Public Limited,300,516.0,154800.0,2025-09-04T14:08:12.118899
2025-09-04,22862,2025090401015421,NABIL,Naasa Securities Co. Ltd.,Kumari Securities Private Limited,500,516.0,258000.0,2025-09-04T14:08:12.119102
2025-09-04,22830,2025090401015433,NABIL,Naasa Securities Co. Ltd.,Naasa Securities Co. Ltd.,96,516.0,49536.0,2025-09-04T14:08:22.933554
2025-09-04,22769,2025090401015457,NABIL,Siprabi Securities Pvt. Ltd.,Dynamic Money Managers Securities Pvt. Ltd.,289,515.6,149008.4,2025-09-04T14:08:34.433791
2025-09-04,22768,2025090401015458,NABIL,ABC Securities Private Limited,Dynamic Money Managers Securities Pvt. Ltd.,191,515.5,98460.5,2025-09-04T14:08:34.434845
2025-09-04,22767,2025090401015459,NABIL,Cristal Kanchanjanga Securites Pvt. Ltd.,Dynamic Money Managers Securities Pvt. Ltd.,145,515.5,74747.5,2025-09-04T14:08:34.435602
2025-09-04,22766,2025090401015460,NABIL,Market Securities & Exchange (PVT) Ltd.,Dynamic Money Managers Securities Pvt. Ltd.,50,515.5,25775.0,2025-09-04T14:08:34.436404
2025-09-04,22765,2025090401015461,NABIL,Trishakti Securities Public Limited,Dynamic Money Managers Securities Pvt. Ltd.,10,515.5,5155.0,2025-09-04T14:08:34.437127
2025-09-04,22764,2025090401015462,NABIL,Dakshinkali Investment & Securities Pvt. Ltd.,Dynamic Money Managers Securities Pvt. Ltd.,35,515.4,18039.0,2025-09-04T14:08:34.437821
2025-09-04,22554,2025090401015520,NABIL,Online Securities Pvt. Ltd.,Kumari Securities Private Limited,10,515.5,5155.0,2025-09-04T14:09:29.394686
2025-09-04,22491,2025090401015536,NABIL,Dakshinkali Investment & Securities Pvt. Ltd.,Kumari Securities Private Limited,57,515.4,29377.8,2025-09-04T14:09:47.54377
2025-09-04,22490,2025090401015537,NABIL,Premier Securities Company Ltd.,Kumari Securities Private Limited,100,515.2,51520.0,2025-09-04T14:09:47.544663
2025-09-04,22489,2025090401015538,NABIL,Dakshinkali Investment & Securities Pvt. Ltd.,Kumari Securities Private Limited,50,515.1,25755.0,2025-09-04T14:09:47.545296
2025-09-04,22488,2025090401015539,NABIL,Global IME Securities Limited,Kumari Securities Private Limited,95,515.1,48934.5,2025-09-04T14:09:47.545985
2025-09-04,22487,2025090401015540,NABIL,Swarna Laxmi Securities Pvt. Ltd.,Kumari Securities Private Limited,150,515.1,77265.0,2025-09-04T14:09:47.546667
2025-09-04,22486,2025090401015541,NABIL,Investment Management Nepal Pvt. Ltd.,Kumari Securities Private Limited,100,515.1,51510.0,2025-09-04T14:09:47.547395
2025-09-04,22485,2025090401015542,NABIL,Creative Securities Pvt Ltd,Kumari Securities Private Limited,20,515.1,10302.0,2025-09-04T14:09:47.548037
2025-09-04,22484,2025090401015543,NABIL,Siprabi Securities Pvt. Ltd.,Kumari Securities Private Limited,68,515.1,35026.8,2025-09-04T14:09:47.5486
2025-09-04,22003,2025090401015641,NABIL,Dipshikha Dhitopatra Karobar Co. Pvt Ltd.,Naasa Securities Co. Ltd.,30,516.0,15480.0,2025-09-04T14:11:34.011562
2025-09-04,21680,2025090401015730,NABIL,Midas Stock Broking Company Private Limited,J.F. Securites (PVT) Ltd.,10,515.2,5152.0,2025-09-04T14:12:39.687467
2025-09-04,21469,2025090401015819,NABIL,Midas Stock Broking Company Private Limited,Agrawal Securities (PVT) Ltd.,28,515.2,14425.6,2025-09-04T14:13:42.736149
2025-09-04,21468,2025090401015820,NABIL,Siprabi Securities Pvt. Ltd.,Agrawal Securities (PVT) Ltd.,32,515.1,16483.2,2025-09-04T14:13:42.73692
2025-09-04,21467,2025090401015821,NABIL,Asian Securities Private Ltd.,Agrawal Securities (PVT) Ltd.,50,515.1,25755.0,2025-09-04T14:13:42.737493
2025-09-04,21466,2025090401015822,NABIL,Dipshikha Dhitopatra Karobar Co. Pvt Ltd.,Agrawal Securities (PVT) Ltd.,50,515.1,25755.0,2025-09-04T14:13:42.738053
2025-09-04,21465,2025090401015823,NABIL,Kohinoor Investment & Securities Pvt. Ltd.,Agrawal Securities (PVT) Ltd.,20,515.1,10302.0,2025-09-04T14:13:42.738597
2025-09-04,21464,2025090401015824,NABIL,Premier Securities Company Ltd.,Agrawal Securities (PVT) Ltd.,300,515.1,154530.0,2025-09-04T14:13:42.739166
2025-09-04,21463,2025090401015825,NABIL,Bhrikuti Stock Broking Co. Pvt. Ltd.,Agrawal Securities (PVT) Ltd.,310,515.0,159650.0,2025-09-04T14:13:42.73972
2025-09-04,21462,2025090401015826,NABIL,Nepal Investment And Securities Trading Private Limited,Agrawal Securities (PVT) Ltd.,10,515.0,5150.0,2025-09-04T14:13:42.740271
2025-09-04,21133,2025090401015950,NABIL,Opal Securities Investment (PVT) Ltd.,Naasa Securities Co. Ltd.,200,516.0,103200.0,2025-09-04T14:14:42.942167
2025-09-04,20821,2025090401016047,NABIL,Market Securities & Exchange (PVT) Ltd.,Thrive Brokerage House Pvt. Ltd,38,515.1,19573.8,2025-09-04T14:16:01.496588
2025-09-04,20639,2025090401016100,NABIL,Market Securities & Exchange (PVT) Ltd.,Thrive Brokerage House Pvt. Ltd,38,515.1,19573.8,2025-09-04T14:16:31.597122
2025-09-04,20134,2025090401016241,NABIL,Market Securities & Exchange (PVT) Ltd.,ABC Securities Private Limited,224,515.1,115382.4,2025-09-04T14:18:11.208433
2025-09-04,20133,2025090401016242,NABIL,Nepal Investment And Securities Trading Private Limited,ABC Securities Private Limited,195,515.0,100425.0,2025-09-04T14:18:11.208497
2025-09-04,20132,2025090401016243,NABIL,Opal Securities Investment (PVT) Ltd.,ABC Securities Private Limited,10,515.0,5150.0,2025-09-04T14:18:11.208525
2025-09-04,20131,2025090401016244,NABIL,Imperial Securities Company Pvt. Ltd.,ABC Securities Private Limited,76,515.0,39140.0,2025-09-04T14:18:11.208555
2025-09-04,20130,2025090401016245,NABIL,Bhrikuti Stock Broking Co. Pvt. Ltd.,ABC Securities Private Limited,200,515.0,103000.0,2025-09-04T14:18:11.208604
2025-09-04,20129,2025090401016246,NABIL,Premier Securities Company Ltd.,ABC Securities Private Limited,30,515.0,15450.0,2025-09-04T14:18:11.208632
2025-09-04,20128,2025090401016247,NABIL,J.F. Securites (PVT) Ltd.,ABC Securities Private Limited,10,515.0,5150.0,2025-09-04T14:18:11.208671
2025-09-04,20127,2025090401016248,NABIL,Dynamic Money Managers Securities Pvt. Ltd.,ABC Securities Private Limited,500,515.0,257500.0,2025-09-04T14:18:11.208701
2025-09-04,20126,2025090401016249,NABIL,Vision Securities Pvt. Ltd,ABC Securities Private Limited,276,515.0,142140.0,2025-09-04T14:18:11.208728
2025-09-04,20125,2025090401016250,NABIL,Secured Securities Ltd.,ABC Securities Private Limited,15,515.0,7725.0,2025-09-04T14:18:11.208752
2025-09-04,20124,2025090401016251,NABIL,Dynamic Money Managers Securities Pvt. Ltd.,ABC Securities Private Limited,388,515.0,199820.0,2025-09-04T14:18:11.20878
2025-09-04,20123,2025090401016252,NABIL,Naasa Securities Co. Ltd.,ABC Securities Private Limited,15,515.0,7725.0,2025-09-04T14:18:11.208808
2025-09-04,20122,2025090401016253,NABIL,Nepal Stock House (PVT) Ltd.,ABC Securities Private Limited,35,515.0,18025.0,2025-09-04T14:18:11.208833
2025-09-04,20121,2025090401016254,NABIL,Malla & Malla Stock Broking Company Pvt. Limited,ABC Securities Private Limited,50,515.0,25750.0,2025-09-04T14:18:11.20886
2025-09-04,20120,2025090401016255,NABIL,Investment Management Nepal Pvt. Ltd.,ABC Securities Private Limited,10,515.0,5150.0,2025-09-04T14:18:11.208888
2025-09-04,20119,2025090401016256,NABIL,Blue Chip Securities Ltd,ABC Securities Private Limited,100,515.0,51500.0,2025-09-04T14:18:11.208913
2025-09-04,20118,2025090401016257,NABIL,Aryatara Investment & Securities,ABC Securities Private Limited,100,515.0,51500.0,2025-09-04T14:18:11.208938
2025-09-04,20117,2025090401016258,NABIL,Online Securities Pvt. Ltd.,ABC Securities Private Limited,20,515.0,10300.0,2025-09-04T14:18:11.208963
2025-09-04,20116,2025090401016259,NABIL,Kohinoor Investment & Securities Pvt. Ltd.,ABC Securities Private Limited,100,515.0,51500.0,2025-09-04T14:18:11.20899
2025-09-04,20115,2025090401016260,NABIL,Sani Securities Company Ltd.,ABC Securities Private Limited,500,515.0,257500.0,2025-09-04T14:18:11.209016
2025-09-04,20114,2025090401016261,NABIL,J.F. Securites (PVT) Ltd.,ABC Securities Private Limited,200,515.0,103000.0,2025-09-04T14:18:11.209054
2025-09-04,20113,2025090401016262,NABIL,Opal Securities Investment (PVT) Ltd.,ABC Securities Private Limited,10,515.0,5150.0,2025-09-04T14:18:11.2091
2025-09-04,20112,2025090401016263,NABIL,Premier Securities Company Ltd.,ABC Securities Private Limited,10,515.0,5150.0,2025-09-04T14:18:11.209122
2025-09-04,20111,2025090401016264,NABIL,Premier Securities Company Ltd.,ABC Securities Private Limited,10,515.0,5150.0,2025-09-04T14:18:11.209147
2025-09-04,20110,2025090401016265,NABIL,ABC Securities Private Limited,ABC Securities Private Limited,58,515.0,29870.0,2025-09-04T14:18:11.209176
2025-09-04,20109,2025090401016266,NABIL,Dipshikha Dhitopatra Karobar Co. Pvt Ltd.,ABC Securities Private Limited,200,515.0,103000.0,2025-09-04T14:18:11.209216
2025-09-04,20108,2025090401016267,NABIL,Kohinoor Investment & Securities Pvt. Ltd.,ABC Securities Private Limited,30,515.0,15450.0,2025-09-04T14:18:11.20925
2025-09-04,20107,2025090401016268,NABIL,Nepal Investment And Securities Trading Private Limited,ABC Securities Private Limited,100,515.0,51500.0,2025-09-04T14:18:11.209282
2025-09-04,20106,2025090401016269,NABIL,Sani Securities Company Ltd.,ABC Securities Private Limited,1600,515.0,824000.0,2025-09-04T14:18:11.209305
2025-09-04,20105,2025090401016270,NABIL,Nepal Investment And Securities Trading Private Limited,ABC Securities Private Limited,100,515.0,51500.0,2025-09-04T14:18:11.20933
2025-09-04,20104,2025090401016271,NABIL,Naasa Securities Co. Ltd.,ABC Securities Private Limited,20,515.0,10300.0,2025-09-04T14:18:11.209351
2025-09-04,20103,2025090401016272,NABIL,Kohinoor Investment & Securities Pvt. Ltd.,ABC Securities Private Limited,100,515.0,51500.0,2025-09-04T14:18:11.209376
2025-09-04,20102,2025090401016273,NABIL,Naasa Securities Co. Ltd.,ABC Securities Private Limited,10,515.0,5150.0,2025-09-04T14:18:11.209401
2025-09-04,20101,2025090401016274,NABIL,Naasa Securities Co. Ltd.,ABC Securities Private Limited,10,515.0,5150.0,2025-09-04T14:18:11.209426
2025-09-04,20100,2025090401016275,NABIL,Naasa Securities Co. Ltd.,ABC Securities Private Limited,20,515.0,10300.0,2025-09-04T14:18:11.20945
2025-09-04,20099,2025090401016276,NABIL,ABC Securities Private Limited,ABC Securities Private Limited,15,515.0,7725.0,2025-09-04T14:18:11.209477
2025-09-04,20098,2025090401016277,NABIL,Sri Hari Securities Pvt. Ltd.,ABC Securities Private Limited,60,515.0,30900.0,2025-09-04T14:18:11.2095
2025-09-04,20097,2025090401016278,NABIL,Sani Securities Company Ltd.,ABC Securities Private Limited,30,515.0,15450.0,2025-09-04T14:18:11.209523
2025-09-04,20096,2025090401016279,NABIL,Ashutosh Brokerage & Securities (PVT) Ltd.,ABC Securities Private Limited,60,515.0,30900.0,2025-09-04T14:18:11.209547
2025-09-04,20095,2025090401016280,NABIL,Midas Stock Broking Company Private Limited,ABC Securities Private Limited,50,515.0,25750.0,2025-09-04T14:18:11.209571
2025-09-04,20094,2025090401016281,NABIL,Sharepro Securities Private Limited,ABC Securities Private Limited,953,515.0,490795.0,2025-09-04T14:18:11.209596
2025-09-04,19950,2025090401016313,NABIL,Sharepro Securities Private Limited,Malla & Malla Stock Broking Company Pvt. Limited,47,515.0,24205.0,2025-09-04T14:18:45.645459
2025-09-04,19949,2025090401016314,NABIL,Dipshikha Dhitopatra Karobar Co. Pvt Ltd.,Malla & Malla Stock Broking Company Pvt. Limited,20,515.0,10300.0,2025-09-04T14:18:45.646155
2025-09-04,19948,2025090401016315,NABIL,Swarna Laxmi Securities Pvt. Ltd.,Malla & Malla Stock Broking Company Pvt. Limited,33,515.0,16995.0,2025-09-04T14:18:45.646683
2025-09-04,19843,2025090401016340,NABIL,Swarna Laxmi Securities Pvt. Ltd.,Aryatara Investment & Securities,15,515.0,7725.0,2025-09-04T14:19:10.933848
2025-09-04,19778,2025090401016346,NABIL,Trishakti Securities Public Limited,Midas Stock Broking Company Private Limited,50,515.0,25750.0,2025-09-04T14:19:23.749912
2025-09-04,19688,2025090401016375,NABIL,Trishakti Securities Public Limited,Imperial Securities Company Pvt. Ltd.,25,515.0,12875.0,2025-09-04T14:19:45.097253
2025-09-04,19687,2025090401016376,NABIL,Siprabi Securities Pvt. Ltd.,Imperial Securities Company Pvt. Ltd.,20,515.0,10300.0,2025-09-04T14:19:45.097589
2025-09-04,19686,2025090401016377,NABIL,Sweta Securities Private Limited,Imperial Securities Company Pvt. Ltd.,20,515.0,10300.0,2025-09-04T14:19:45.097743
2025-09-04,19685,2025090401016378,NABIL,Investment Management Nepal Pvt. Ltd.,Imperial Securities Company Pvt. Ltd.,10,515.0,5150.0,2025-09-04T14:19:45.097892
2025-09-04,19684,2025090401016379,NABIL,ABC Securities Private Limited,Imperial Securities Company Pvt. Ltd.,20,515.0,10300.0,2025-09-04T14:19:45.098049
2025-09-04,19683,2025090401016380,NABIL,Dipshikha Dhitopatra Karobar Co. Pvt Ltd.,Imperial Securities Company Pvt. Ltd.,25,515.0,12875.0,2025-09-04T14:19:45.098196
2025-09-04,19682,2025090401016381,NABIL,Cristal Kanchanjanga Securites Pvt. Ltd.,Imperial Securities Company Pvt. Ltd.,30,515.0,15450.0,2025-09-04T14:19:45.098339
2025-09-04,19681,2025090401016382,NABIL,Sri Hari Securities Pvt. Ltd.,Imperial Securities Company Pvt. Ltd.,20,515.0,10300.0,2025-09-04T14:19:45.098486
2025-09-04,19680,2025090401016383,NABIL,Vision Securities Pvt. Ltd,Imperial Securities Company Pvt. Ltd.,100,515.0,51500.0,2025-09-04T14:19:45.098633
2025-09-04,19679,2025090401016384,NABIL,J.F. Securites (PVT) Ltd.,Imperial Securities Company Pvt. Ltd.,45,515.0,23175.0,2025-09-04T14:19:45.098776
2025-09-04,19678,2025090401016385,NABIL,Sani Securities Company Ltd.,Imperial Securities Company Pvt. Ltd.,10,515.0,5150.0,2025-09-04T14:19:45.098921
2025-09-04,19677,2025090401016386,NABIL,Arun Securities (PVT) Ltd.,Imperial Securities Company Pvt. Ltd.,100,515.0,51500.0,2025-09-04T14:19:45.099068
2025-09-04,19676,2025090401016387,NABIL,Cristal Kanchanjanga Securites Pvt. Ltd.,Imperial Securities Company Pvt. Ltd.,25,515.0,12875.0,2025-09-04T14:19:45.099226
2025-09-04,19174,2025090401016561,NABIL,Imperial Securities Company Pvt. Ltd.,Naasa Securities Co. Ltd.,222,516.0,114552.0,2025-09-04T14:21:26.249531
2025-09-04,19173,2025090401016562,NABIL,Imperial Securities Company Pvt. Ltd.,Naasa Securities Co. Ltd.,578,516.0,298248.0,2025-09-04T14:21:26.249885
2025-09-04,19058,2025090401016601,NABIL,Cristal Kanchanjanga Securites Pvt. Ltd.,Sani Securities Company Ltd.,25,515.0,12875.0,2025-09-04T14:21:54.601973
2025-09-04,19057,2025090401016602,NABIL,Nepal Investment And Securities Trading Private Limited,Sani Securities Company Ltd.,100,515.0,51500.0,2025-09-04T14:21:54.602358
2025-09-04,19056,2025090401016603,NABIL,Sani Securities Company Ltd.,Sani Securities Company Ltd.,10,515.0,5150.0,2025-09-04T14:21:54.602507
2025-09-04,19055,2025090401016604,NABIL,Naasa Securities Co. Ltd.,Sani Securities Company Ltd.,50,515.0,25750.0,2025-09-04T14:21:54.60265
2025-09-04,19054,2025090401016605,NABIL,Siprabi Securities Pvt. Ltd.,Sani Securities Company Ltd.,90,515.0,46350.0,2025-09-04T14:21:54.602797
2025-09-04,18977,2025090401016624,NABIL,Siprabi Securities Pvt. Ltd.,Opal Securities Investment (PVT) Ltd.,10,515.0,5150.0,2025-09-04T14:22:14.682016
2025-09-04,18471,2025090401016764,NABIL,Aryatara Investment & Securities,Naasa Securities Co. Ltd.,222,516.0,114552.0,2025-09-04T14:23:53.854094
2025-09-04,18437,2025090401016774,NABIL,Siprabi Securities Pvt. Ltd.,Dipshikha Dhitopatra Karobar Co. Pvt Ltd.,20,515.0,10300.0,2025-09-04T14:24:02.166173
2025-09-04,17777,2025090401016974,NABIL,Sumeru Securities Pvt. Ltd.,Aryatara Investment & Securities,20,515.0,10300.0,2025-09-04T14:26:28.236877
2025-09-04,17776,2025090401016975,NABIL,Aryatara Investment & Securities,Aryatara Investment & Securities,75,515.0,38625.0,2025-09-04T14:26:28.23727
2025-09-04,17299,2025090401017135,NABIL,Agrawal Securities (PVT) Ltd.,Premier Securities Company Ltd.,12,515.1,6181.2,2025-09-04T14:28:14.452799
2025-09-04,16352,2025090401017387,NABIL,Kohinoor Investment & Securities Pvt. Ltd.,ABC Securities Private Limited,10,516.0,5160.0,2025-09-04T14:30:59.512859
2025-09-04,15413,2025090401017620,NABIL,Deevyaa Securities & Stock House Pvt. Ltd,ABC Securities Private Limited,200,516.0,103200.0,2025-09-04T14:33:34.12733
2025-09-04,15216,2025090401017665,NABIL,Aryatara Investment & Securities,ABC Securities Private Limited,40,516.0,20640.0,2025-09-04T14:34:02.734374
2025-09-04,14936,2025090401017749,NABIL,Naasa Securities Co. Ltd.,ABC Securities Private Limited,19,516.0,9804.0,2025-09-04T14:34:53.453385
2025-09-04,14794,2025090401017803,NABIL,Kumari Securities Private Limited,ABC Securities Private Limited,31,516.0,15996.0,2025-09-04T14:35:13.719431
2025-09-04,14793,2025090401017804,NABIL,Kumari Securities Private Limited,Linch Stock Market Ltd.,69,516.0,35604.0,2025-09-04T14:35:13.720165
2025-09-04,14737,2025090401017808,NABIL,Naasa Securities Co. Ltd.,Linch Stock Market Ltd.,10,516.0,5160.0,2025-09-04T14:35:22.860805
2025-09-04,14534,2025090401017901,NABIL,ABC Securities Private Limited,Naasa Securities Co. Ltd.,50,515.6,25780.0,2025-09-04T14:35:43.138658
2025-09-04,14231,2025090401017989,NABIL,Asian Securities Private Ltd.,Linch Stock Market Ltd.,221,516.0,114036.0,2025-09-04T14:36:20.481005
2025-09-04,14230,2025090401017990,NABIL,Asian Securities Private Ltd.,J.F. Securites (PVT) Ltd.,10,516.0,5160.0,2025-09-04T14:36:20.481323
2025-09-04,14111,2025090401018016,NABIL,Naasa Securities Co. Ltd.,Sri Hari Securities Pvt. Ltd.,3,515.0,1545.0,2025-09-04T14:36:46.808237
2025-09-04,13898,2025090401018065,NABIL,Asian Securities Private Ltd.,Sundhara Securities Limited,10,516.0,5160.0,2025-09-04T14:37:19.675021
2025-09-04,13760,2025090401018128,NABIL,ABC Securities Private Limited,Trishakti Securities Public Limited,50,516.4,25820.0,2025-09-04T14:37:35.258876
2025-09-04,13759,2025090401018129,NABIL,ABC Securities Private Limited,Naasa Securities Co. Ltd.,474,516.4,244773.6,2025-09-04T14:37:35.258956
2025-09-04,13758,2025090401018130,NABIL,ABC Securities Private Limited,Premier Securities Company Ltd.,400,516.5,206600.0,2025-09-04T14:37:35.258989
2025-09-04,13757,2025090401018131,NABIL,ABC Securities Private Limited,Deevyaa Securities & Stock House Pvt. Ltd,500,516.9,258450.0,2025-09-04T14:37:35.259019
2025-09-04,13756,2025090401018132,NABIL,ABC Securities Private Limited,Nepal Stock House (PVT) Ltd.,375,517.0,193875.0,2025-09-04T14:37:35.259057
2025-09-04,13755,2025090401018133,NABIL,ABC Securities Private Limited,Sundhara Securities Limited,114,517.0,58938.0,2025-09-04T14:37:35.259085
2025-09-04,13754,2025090401018134,NABIL,ABC Securities Private Limited,Cristal Kanchanjanga Securites Pvt. Ltd.,87,517.0,44979.0,2025-09-04T14:37:35.259111
2025-09-04,13715,2025090401018139,NABIL,Asian Securities Private Ltd.,Dipshikha Dhitopatra Karobar Co. Pvt Ltd.,47,516.0,24252.0,2025-09-04T14:37:43.839605
2025-09-04,13695,2025090401018143,NABIL,Asian Securities Private Ltd.,Dynamic Money Managers Securities Pvt. Ltd.,10,516.0,5160.0,2025-09-04T14:37:47.251802
2025-09-04,13188,2025090401018277,NABIL,Linch Stock Market Ltd.,Dynamic Money Managers Securities Pvt. Ltd.,55,516.5,28407.5,2025-09-04T14:39:07.729057
2025-09-04,13187,2025090401018278,NABIL,Asian Securities Private Ltd.,Dynamic Money Managers Securities Pvt. Ltd.,202,516.0,104232.0,2025-09-04T14:39:07.729744
2025-09-04,13186,2025090401018279,NABIL,Agrawal Securities (PVT) Ltd.,Dynamic Money Managers Securities Pvt. Ltd.,30,516.0,15480.0,2025-09-04T14:39:07.730213
2025-09-04,13185,2025090401018280,NABIL,Siprabi Securities Pvt. Ltd.,Dynamic Money Managers Securities Pvt. Ltd.,200,516.0,103200.0,2025-09-04T14:39:07.730656
2025-09-04,12904,2025090401018437,NABIL,Premier Securities Company Ltd.,Dynamic Money Managers Securities Pvt. Ltd.,13,516.0,6708.0,2025-09-04T14:39:38.00497
2025-09-04,12676,2025090401018491,NABIL,Trisul Securities & Invt. Ltd.,Cristal Kanchanjanga Securites Pvt. Ltd.,313,517.0,161821.0,2025-09-04T14:40:18.287771
2025-09-04,12654,2025090401018494,NABIL,Naasa Securities Co. Ltd.,Agrawal Securities (PVT) Ltd.,30,517.0,15510.0,2025-09-04T14:40:23.827524
2025-09-04,12499,2025090401018526,NABIL,Premier Securities Company Ltd.,Vision Securities Pvt. Ltd,87,516.0,44892.0,2025-09-04T14:40:44.204171
2025-09-04,12498,2025090401018527,NABIL,Trisul Securities & Invt. Ltd.,Vision Securities Pvt. Ltd,23,516.0,11868.0,2025-09-04T14:40:44.204546
2025-09-04,11280,2025090401018940,NABIL,J.F. Securites (PVT) Ltd.,Agrawal Securities (PVT) Ltd.,20,517.0,10340.0,2025-09-04T14:43:54.620455
2025-09-04,10658,2025090401019117,NABIL,Sri Hari Securities Pvt. Ltd.,Agrawal Securities (PVT) Ltd.,10,517.0,5170.0,2025-09-04T14:45:18.75859
2025-09-04,10641,2025090401019118,NABIL,Aryatara Investment & Securities,Agrawal Securities (PVT) Ltd.,30,517.0,15510.0,2025-09-04T14:45:20.541195
2025-09-04,10640,2025090401019119,NABIL,Aryatara Investment & Securities,Online Securities Pvt. Ltd.,50,517.0,25850.0,2025-09-04T14:45:20.541594
2025-09-04,10475,2025090401019160,NABIL,Online Securities Pvt. Ltd.,Online Securities Pvt. Ltd.,10,517.0,5170.0,2025-09-04T14:45:52.715041
2025-09-04,10308,2025090401019205,NABIL,Trisul Securities & Invt. Ltd.,Online Securities Pvt. Ltd.,140,517.0,72380.0,2025-09-04T14:46:11.927138
2025-09-04,10307,2025090401019206,NABIL,Trisul Securities & Invt. Ltd.,Nepal Investment And Securities Trading Private Limited,30,517.0,15510.0,2025-09-04T14:46:11.927822
2025-09-04,9731,2025090401019422,NABIL,Siprabi Securities Pvt. Ltd.,Nepal Investment And Securities Trading Private Limited,20,517.0,10340.0,2025-09-04T14:47:24.216462
2025-09-04,9470,2025090401019497,NABIL,Linch Stock Market Ltd.,Nepal Investment And Securities Trading Private Limited,50,517.0,25850.0,2025-09-04T14:47:54.57153
2025-09-04,9469,2025090401019498,NABIL,Linch Stock Market Ltd.,Vision Securities Pvt. Ltd,80,517.0,41360.0,2025-09-04T14:47:54.571946
2025-09-04,9468,2025090401019499,NABIL,Linch Stock Market Ltd.,Premier Securities Company Ltd.,77,517.0,39809.0,2025-09-04T14:47:54.572226
2025-09-04,9467,2025090401019500,NABIL,Linch Stock Market Ltd.,Linch Stock Market Ltd.,178,517.0,92026.0,2025-09-04T14:47:54.572418
2025-09-04,8134,2025090401019869,NABIL,Kalika Securities Pvt. Ltd.,Linch Stock Market Ltd.,51,517.0,26367.0,2025-09-04T14:50:21.393036
2025-09-04,8133,2025090401019870,NABIL,Kalika Securities Pvt. Ltd.,Sumeru Securities Pvt. Ltd.,49,517.0,25333.0,2025-09-04T14:50:21.393405
2025-09-04,8053,2025090401019897,NABIL,Naasa Securities Co. Ltd.,Sumeru Securities Pvt. Ltd.,50,517.0,25850.0,2025-09-04T14:50:29.092116
2025-09-04,7901,2025090401019937,NABIL,Asian Securities Private Ltd.,Sumeru Securities Pvt. Ltd.,19,517.0,9823.0,2025-09-04T14:50:47.528437
2025-09-04,7554,2025090401020029,NABIL,Aryatara Investment & Securities,Agrawal Securities (PVT) Ltd.,100,516.5,51650.0,2025-09-04T14:51:38.029368
2025-09-04,7553,2025090401020030,NABIL,Naasa Securities Co. Ltd.,Agrawal Securities (PVT) Ltd.,100,516.5,51650.0,2025-09-04T14:51:38.030048
2025-09-04,7257,2025090401020139,NABIL,Dynamic Money Managers Securities Pvt. Ltd.,Himalayan Brokerage Company Limited,102,517.0,52734.0,2025-09-04T14:52:10.679232
2025-09-04,7256,2025090401020140,NABIL,Dynamic Money Managers Securities Pvt. Ltd.,Sani Securities Company Ltd.,398,517.0,205766.0,2025-09-04T14:52:10.679581
2025-09-04,7040,2025090401020185,NABIL,Sani Securities Company Ltd.,Sani Securities Company Ltd.,20,517.0,10340.0,2025-09-04T14:52:29.225662
2025-09-04,6984,2025090401020203,NABIL,Agrawal Securities (PVT) Ltd.,Sani Securities Company Ltd.,10,517.0,5170.0,2025-09-04T14:52:37.61141
2025-09-04,6753,2025090401020250,NABIL,Linch Stock Market Ltd.,Sani Securities Company Ltd.,50,517.0,25850.0,2025-09-04T14:53:00.632475
2025-09-04,6744,2025090401020256,NABIL,Imperial Securities Company Pvt. Ltd.,Sani Securities Company Ltd.,22,517.0,11374.0,2025-09-04T14:53:01.794403
2025-09-04,6743,2025090401020257,NABIL,Imperial Securities Company Pvt. Ltd.,Dynamic Money Managers Securities Pvt. Ltd.,58,517.0,29986.0,2025-09-04T14:53:01.794729
2025-09-04,6624,2025090401020275,NABIL,Trishakti Securities Public Limited,Dynamic Money Managers Securities Pvt. Ltd.,150,517.0,77550.0,2025-09-04T14:53:15.288055
2025-09-04,5899,2025090401020518,NABIL,Naasa Securities Co. Ltd.,Himalayan Brokerage Company Limited,10,516.5,5165.0,2025-09-04T14:54:24.011708
2025-09-04,5877,2025090401020528,NABIL,Linch Stock Market Ltd.,Dynamic Money Managers Securities Pvt. Ltd.,116,517.0,59972.0,2025-09-04T14:54:25.552164
2025-09-04,5723,2025090401020567,NABIL,ABC Securities Private Limited,Neev Securities Pvt. Ltd.,237,517.5,122647.5,2025-09-04T14:54:41.022559
2025-09-04,5722,2025090401020568,NABIL,ABC Securities Private Limited,Online Securities Pvt. Ltd.,763,517.8,395081.4,2025-09-04T14:54:41.022606
2025-09-04,5510,2025090401020612,NABIL,Secured Securities Ltd.,Himalayan Brokerage Company Limited,150,517.5,77625.0,2025-09-04T14:54:57.300562
2025-09-04,5310,2025090401020649,NABIL,J.F. Securites (PVT) Ltd.,Online Securities Pvt. Ltd.,10,517.8,5178.0,2025-09-04T14:55:15.552854
2025-09-04,5256,2025090401020661,NABIL,Naasa Securities Co. Ltd.,Online Securities Pvt. Ltd.,227,517.8,117540.6,2025-09-04T14:55:21.030823
2025-09-04,5195,2025090401020670,NABIL,Vision Securities Pvt. Ltd,Thrive Brokerage House Pvt. Ltd,50,517.9,25895.0,2025-09-04T14:55:25.241312
2025-09-04,4529,2025090401020962,NABIL,Naasa Securities Co. Ltd.,Thrive Brokerage House Pvt. Ltd,740,517.9,383246.0,2025-09-04T14:56:11.574929
2025-09-04,3997,2025090401021092,NABIL,South Asian Bulls Pvt. Ltd.,Siprabi Securities Pvt. Ltd.,30,518.0,15540.0,2025-09-04T14:56:47.817467
2025-09-04,3908,2025090401021104,NABIL,South Asian Bulls Pvt. Ltd.,Siprabi Securities Pvt. Ltd.,26,518.0,13468.0,2025-09-04T14:56:52.851614
2025-09-04,3907,2025090401021105,NABIL,South Asian Bulls Pvt. Ltd.,Midas Stock Broking Company Private Limited,100,518.0,51800.0,2025-09-04T14:56:52.852048
2025-09-04,3906,2025090401021106,NABIL,South Asian Bulls Pvt. Ltd.,Siprabi Securities Pvt. Ltd.,45,518.0,23310.0,2025-09-04T14:56:52.85229
2025-09-04,3905,2025090401021107,NABIL,South Asian Bulls Pvt. Ltd.,ABC Securities Private Limited,25,518.0,12950.0,2025-09-04T14:56:52.852514
2025-09-04,3904,2025090401021108,NABIL,South Asian Bulls Pvt. Ltd.,Imperial Securities Company Pvt. Ltd.,34,518.0,17612.0,2025-09-04T14:56:52.852726
2025-09-04,3373,2025090401021205,NABIL,Secured Securities Ltd.,Imperial Securities Company Pvt. Ltd.,16,518.0,8288.0,2025-09-04T14:57:28.607991
2025-09-04,3372,2025090401021206,NABIL,Secured Securities Ltd.,Sani Securities Company Ltd.,100,518.0,51800.0,2025-09-04T14:57:28.60831
2025-09-04,3371,2025090401021207,NABIL,Secured Securities Ltd.,Midas Stock Broking Company Private Limited,50,518.0,25900.0,2025-09-04T14:57:28.608461
2025-09-04,3370,2025090401021208,NABIL,Secured Securities Ltd.,Swarna Laxmi Securities Pvt. Ltd.,34,518.0,17612.0,2025-09-04T14:57:28.608614
2025-09-04,2241,2025090401021440,NABIL,Asian Securities Private Ltd.,Imperial Securities Company Pvt. Ltd.,50,518.8,25940.0,2025-09-04T14:58:38.667163
2025-09-04,1866,2025090401021507,NABIL,Naasa Securities Co. Ltd.,Imperial Securities Company Pvt. Ltd.,21,518.8,10894.8,2025-09-04T14:58:58.382244
2025-09-04,1798,2025090401021524,NABIL,ABC Securities Private Limited,Sani Securities Company Ltd.,10,518.0,5180.0,2025-09-04T14:59:02.204379
2025-09-04,1797,2025090401021525,NABIL,Kalika Securities Pvt. Ltd.,Sani Securities Company Ltd.,50,518.0,25900.0,2025-09-04T14:59:02.2047
2025-09-04,1796,2025090401021526,NABIL,Vision Securities Pvt. Ltd,Sani Securities Company Ltd.,25,518.0,12950.0,2025-09-04T14:59:02.20485
2025-09-04,643,2025090401021814,NABIL,Swarna Laxmi Securities Pvt. Ltd.,Imperial Securities Company Pvt. Ltd.,200,518.8,103760.0,2025-09-04T14:59:39.39797
2025-09-04,624,2025090401021817,NABIL,Malla & Malla Stock Broking Company Pvt. Limited,Swarna Laxmi Securities Pvt. Ltd.,10,518.1,5181.0,2025-09-04T14:59:40.408007
2025-09-04,575,2025090401021826,NABIL,Siprabi Securities Pvt. Ltd.,Imperial Securities Company Pvt. Ltd.,20,518.8,10376.0,2025-09-04T14:59:41.930597
2025-09-04,486,2025090401021841,NABIL,Online Securities Pvt. Ltd.,Imperial Securities Company Pvt. Ltd.,110,518.8,57068.0,2025-09-04T14:59:45.166847
2025-09-04,112,2025090401021931,NABIL,Malla & Malla Stock Broking Company Pvt. Limited,Secured Securities Ltd.,20,518.1,10362.0,2025-09-04T14:59:56.968577
2025-09-04,81,2025090401021943,NABIL,Aryatara Investment & Securities,Imperial Securities Company Pvt. Ltd.,75,518.8,38910.0,2025-09-04T14:59:58.149319
