Date,S.N.,contract_id,symbol,buyer_broker,seller_broker,volume,price,amount,transaction_time
2025-09-04,68822,2025090405000042,NIFRA,Sweta Securities Private Limited,Vision Securities Pvt. Ltd,54,271.6,14666.4,2025-09-04T11:01:41.660922
2025-09-04,68793,2025090405000048,NIFRA,Sweta Securities Private Limited,KALASH STOCK MARKET PVT. LTD.,50,271.6,13580.0,2025-09-04T11:01:56.071145
2025-09-04,68154,2025090405000146,NIFRA,Kumari Securities Private Limited,Naasa Securities Co. Ltd.,29,271.7,7879.3,2025-09-04T11:05:38.534731
2025-09-04,68094,2025090405000153,NIFRA,Kumari Securities Private Limited,Online Securities Pvt. Ltd.,64,272.0,17408.0,2025-09-04T11:05:50.968171
2025-09-04,67603,2025090405000241,NIFRA,Trisul Securities & Invt. Ltd.,ABC Securities Private Limited,64,273.0,17472.0,2025-09-04T11:07:51.504843
2025-09-04,67551,2025090405000252,NIFRA,Trisul Securities & Invt. Ltd.,Online Securities Pvt. Ltd.,41,273.0,11193.0,2025-09-04T11:08:06.987788
2025-09-04,67526,2025090405000255,NIFRA,Trisul Securities & Invt. Ltd.,Vision Securities Pvt. Ltd,64,273.0,17472.0,2025-09-04T11:08:15.270128
2025-09-04,67136,2025090405000370,NIFRA,Trisul Securities & Invt. Ltd.,Neev Securities Pvt. Ltd.,10,273.0,2730.0,2025-09-04T11:10:17.103237
2025-09-04,67027,2025090405000409,NIFRA,Trisul Securities & Invt. Ltd.,Linch Stock Market Ltd.,21,273.0,5733.0,2025-09-04T11:10:43.863309
2025-09-04,66907,2025090405000434,NIFRA,Neev Securities Pvt. Ltd.,Linch Stock Market Ltd.,43,273.0,11739.0,2025-09-04T11:11:09.786839
2025-09-04,66550,2025090405000534,NIFRA,Sani Securities Company Ltd.,Kalika Securities Pvt. Ltd.,25,273.1,6827.5,2025-09-04T11:12:17.035367
2025-09-04,66520,2025090405000542,NIFRA,Secured Securities Ltd.,Dipshikha Dhitopatra Karobar Co. Pvt Ltd.,1,271.0,271.0,2025-09-04T11:12:24.495354
2025-09-04,66519,2025090405000543,NIFRA,Kumari Securities Private Limited,Kalika Securities Pvt. Ltd.,39,273.1,10650.9,2025-09-04T11:12:24.589281
2025-09-04,66518,2025090405000544,NIFRA,Kumari Securities Private Limited,Online Securities Pvt. Ltd.,961,274.4,263698.4,2025-09-04T11:12:24.589425
2025-09-04,66496,2025090405000554,NIFRA,Neev Securities Pvt. Ltd.,Linch Stock Market Ltd.,64,273.0,17472.0,2025-09-04T11:12:29.329048
2025-09-04,66270,2025090405000619,NIFRA,Neev Securities Pvt. Ltd.,Nepal Investment And Securities Trading Private Limited,40,273.0,10920.0,2025-09-04T11:13:15.651231
2025-09-04,66254,2025090405000625,NIFRA,Neev Securities Pvt. Ltd.,Nepal Investment And Securities Trading Private Limited,4000,273.0,1092000.0,2025-09-04T11:13:20.662007
2025-09-04,65897,2025090405000733,NIFRA,Sweta Securities Private Limited,South Asian Bulls Pvt. Ltd.,64,273.1,17478.4,2025-09-04T11:14:36.697898
2025-09-04,65257,2025090405000898,NIFRA,Sweta Securities Private Limited,Secured Securities Ltd.,54,273.1,14747.4,2025-09-04T11:17:02.121571
2025-09-04,65086,2025090405000957,NIFRA,Sweta Securities Private Limited,Secured Securities Ltd.,54,273.1,14747.4,2025-09-04T11:17:39.359204
2025-09-04,65084,2025090405000958,NIFRA,Sweta Securities Private Limited,Naasa Securities Co. Ltd.,64,273.1,17478.4,2025-09-04T11:17:39.582871
2025-09-04,64969,2025090405000982,NIFRA,Sweta Securities Private Limited,Vision Securities Pvt. Ltd,300,273.1,81930.0,2025-09-04T11:17:57.968137
2025-09-04,64889,2025090405001016,NIFRA,Sweta Securities Private Limited,Kohinoor Investment & Securities Pvt. Ltd.,464,273.1,126718.4,2025-09-04T11:18:23.000423
2025-09-04,64888,2025090405001017,NIFRA,Neev Securities Pvt. Ltd.,Kohinoor Investment & Securities Pvt. Ltd.,853,273.0,232869.0,2025-09-04T11:18:23.000471
2025-09-04,64887,2025090405001018,NIFRA,Trisul Securities & Invt. Ltd.,Kohinoor Investment & Securities Pvt. Ltd.,1000,273.0,273000.0,2025-09-04T11:18:23.000505
2025-09-04,64886,2025090405001019,NIFRA,Investment Management Nepal Pvt. Ltd.,Kohinoor Investment & Securities Pvt. Ltd.,1000,273.0,273000.0,2025-09-04T11:18:23.000551
2025-09-04,64885,2025090405001020,NIFRA,Sweta Securities Private Limited,Kohinoor Investment & Securities Pvt. Ltd.,83,273.0,22659.0,2025-09-04T11:18:23.000585
2025-09-04,64769,2025090405001040,NIFRA,Sweta Securities Private Limited,Dynamic Money Managers Securities Pvt. Ltd.,17,273.0,4641.0,2025-09-04T11:18:45.251709
2025-09-04,63977,2025090405001278,NIFRA,Naasa Securities Co. Ltd.,Dynamic Money Managers Securities Pvt. Ltd.,26,273.0,7098.0,2025-09-04T11:21:49.617888
2025-09-04,63976,2025090405001279,NIFRA,Naasa Securities Co. Ltd.,Naasa Securities Co. Ltd.,54,273.0,14742.0,2025-09-04T11:21:49.618105
2025-09-04,63975,2025090405001280,NIFRA,Naasa Securities Co. Ltd.,Online Securities Pvt. Ltd.,20,273.0,5460.0,2025-09-04T11:21:49.618184
2025-09-04,63914,2025090405001303,NIFRA,Dipshikha Dhitopatra Karobar Co. Pvt Ltd.,Opal Securities Investment (PVT) Ltd.,170,272.0,46240.0,2025-09-04T11:21:59.960425
2025-09-04,63695,2025090405001364,NIFRA,Dipshikha Dhitopatra Karobar Co. Pvt Ltd.,Bhrikuti Stock Broking Co. Pvt. Ltd.,30,272.0,8160.0,2025-09-04T11:22:58.832122
2025-09-04,63694,2025090405001365,NIFRA,Aryatara Investment & Securities,Bhrikuti Stock Broking Co. Pvt. Ltd.,70,272.0,19040.0,2025-09-04T11:22:58.83246
2025-09-04,63522,2025090405001421,NIFRA,Sundhara Securities Limited,Vision Securities Pvt. Ltd,64,272.0,17408.0,2025-09-04T11:23:42.105301
2025-09-04,63506,2025090405001427,NIFRA,Sundhara Securities Limited,Naasa Securities Co. Ltd.,10,272.0,2720.0,2025-09-04T11:23:47.89841
2025-09-04,63266,2025090405001499,NIFRA,South Asian Bulls Pvt. Ltd.,Online Securities Pvt. Ltd.,30,273.0,8190.0,2025-09-04T11:24:46.819987
2025-09-04,63265,2025090405001500,NIFRA,South Asian Bulls Pvt. Ltd.,Imperial Securities Company Pvt. Ltd.,40,273.0,10920.0,2025-09-04T11:24:46.820389
2025-09-04,63264,2025090405001501,NIFRA,South Asian Bulls Pvt. Ltd.,Vision Securities Pvt. Ltd,30,273.0,8190.0,2025-09-04T11:24:46.820621
2025-09-04,63121,2025090405001545,NIFRA,Sundhara Securities Limited,Nepal Stock House (PVT) Ltd.,20,272.0,5440.0,2025-09-04T11:25:24.044684
2025-09-04,62686,2025090405001663,NIFRA,Siprabi Securities Pvt. Ltd.,Deevyaa Securities & Stock House Pvt. Ltd,100,272.0,27200.0,2025-09-04T11:27:30.079283
2025-09-04,62645,2025090405001670,NIFRA,Siprabi Securities Pvt. Ltd.,KALASH STOCK MARKET PVT. LTD.,54,272.0,14688.0,2025-09-04T11:27:46.613107
2025-09-04,62642,2025090405001671,NIFRA,Siprabi Securities Pvt. Ltd.,Midas Stock Broking Company Private Limited,64,272.0,17408.0,2025-09-04T11:27:46.796124
2025-09-04,62005,2025090405001855,NIFRA,Kumari Securities Private Limited,Dipshikha Dhitopatra Karobar Co. Pvt Ltd.,64,271.7,17388.8,2025-09-04T11:30:27.810378
2025-09-04,61984,2025090405001864,NIFRA,Naasa Securities Co. Ltd.,Investment Management Nepal Pvt. Ltd.,100,272.0,27200.0,2025-09-04T11:30:33.310451
2025-09-04,61535,2025090405002005,NIFRA,Kumari Securities Private Limited,Siprabi Securities Pvt. Ltd.,54,272.0,14688.0,2025-09-04T11:32:09.422034
2025-09-04,61256,2025090405002103,NIFRA,Kumari Securities Private Limited,Premier Securities Company Ltd.,54,271.8,14677.2,2025-09-04T11:33:21.37105
2025-09-04,60836,2025090405002214,NIFRA,Sani Securities Company Ltd.,Vision Securities Pvt. Ltd,200,273.0,54600.0,2025-09-04T11:35:12.768486
2025-09-04,60491,2025090405002276,NIFRA,Kumari Securities Private Limited,Online Securities Pvt. Ltd.,54,272.1,14693.4,2025-09-04T11:36:19.177042
2025-09-04,60197,2025090405002389,NIFRA,Sani Securities Company Ltd.,Midas Stock Broking Company Private Limited,80,272.5,21800.0,2025-09-04T11:37:35.982278
2025-09-04,60089,2025090405002425,NIFRA,Kumari Securities Private Limited,Swarna Laxmi Securities Pvt. Ltd.,296,272.1,80541.6,2025-09-04T11:38:00.819786
2025-09-04,60088,2025090405002426,NIFRA,Nagarik Stock Dealer ,Swarna Laxmi Securities Pvt. Ltd.,704,272.0,191488.0,2025-09-04T11:38:00.820184
2025-09-04,59668,2025090405002578,NIFRA,Agrawal Securities (PVT) Ltd.,Vision Securities Pvt. Ltd,470,273.0,128310.0,2025-09-04T11:39:47.705007
2025-09-04,59667,2025090405002579,NIFRA,Agrawal Securities (PVT) Ltd.,Arun Securities (PVT) Ltd.,30,273.0,8190.0,2025-09-04T11:39:47.705431
2025-09-04,59231,2025090405002733,NIFRA,Kumari Securities Private Limited,Online Securities Pvt. Ltd.,84,272.3,22873.2,2025-09-04T11:41:43.3708
2025-09-04,59227,2025090405002736,NIFRA,Kumari Securities Private Limited,Sani Securities Company Ltd.,25,272.3,6807.5,2025-09-04T11:41:44.784827
2025-09-04,58873,2025090405002830,NIFRA,Kumari Securities Private Limited,Sundhara Securities Limited,33,272.3,8985.9,2025-09-04T11:43:28.330468
2025-09-04,58718,2025090405002874,NIFRA,Sani Securities Company Ltd.,Arun Securities (PVT) Ltd.,24,273.0,6552.0,2025-09-04T11:44:15.687006
2025-09-04,58717,2025090405002875,NIFRA,Sani Securities Company Ltd.,Naasa Securities Co. Ltd.,56,273.0,15288.0,2025-09-04T11:44:15.687505
2025-09-04,58666,2025090405002894,NIFRA,Miyo Securities Pvt Ltd,Secured Securities Ltd.,10,273.0,2730.0,2025-09-04T11:44:31.566856
2025-09-04,58270,2025090405003028,NIFRA,Sundhara Securities Limited,Oxford Securities Pvt. Ltd.,54,272.4,14709.6,2025-09-04T11:46:34.836171
2025-09-04,58231,2025090405003041,NIFRA,Sundhara Securities Limited,Midas Stock Broking Company Private Limited,162,272.4,44128.8,2025-09-04T11:46:49.141992
2025-09-04,58117,2025090405003078,NIFRA,Sundhara Securities Limited,Cristal Kanchanjanga Securites Pvt. Ltd.,54,272.4,14709.6,2025-09-04T11:47:29.265147
2025-09-04,58102,2025090405003080,NIFRA,Sundhara Securities Limited,ABC Securities Private Limited,130,272.4,35412.0,2025-09-04T11:47:32.416404
2025-09-04,58101,2025090405003081,NIFRA,Kumari Securities Private Limited,ABC Securities Private Limited,58,272.3,15793.4,2025-09-04T11:47:32.416852
2025-09-04,58100,2025090405003082,NIFRA,Neev Securities Pvt. Ltd.,ABC Securities Private Limited,50,272.3,13615.0,2025-09-04T11:47:32.417134
2025-09-04,58099,2025090405003083,NIFRA,Kohinoor Investment & Securities Pvt. Ltd.,ABC Securities Private Limited,100,272.3,27230.0,2025-09-04T11:47:32.417427
2025-09-04,58098,2025090405003084,NIFRA,Trishakti Securities Public Limited,ABC Securities Private Limited,193,272.2,52534.6,2025-09-04T11:47:32.417699
2025-09-04,57929,2025090405003125,NIFRA,Ashutosh Brokerage & Securities (PVT) Ltd.,Elite Stock House Limited,64,272.1,17414.4,2025-09-04T11:48:14.385025
2025-09-04,57859,2025090405003138,NIFRA,Trishakti Securities Public Limited,Secured Securities Ltd.,44,273.0,12012.0,2025-09-04T11:48:29.125437
2025-09-04,57858,2025090405003139,NIFRA,Trishakti Securities Public Limited,Agrawal Securities (PVT) Ltd.,50,273.0,13650.0,2025-09-04T11:48:29.125867
2025-09-04,57857,2025090405003140,NIFRA,Trishakti Securities Public Limited,S.P.S.A. Securities Limited,64,273.0,17472.0,2025-09-04T11:48:29.126158
2025-09-04,57856,2025090405003141,NIFRA,Trishakti Securities Public Limited,Naasa Securities Co. Ltd.,42,273.0,11466.0,2025-09-04T11:48:29.12646
2025-09-04,57761,2025090405003171,NIFRA,Naasa Securities Co. Ltd.,Naasa Securities Co. Ltd.,12,273.0,3276.0,2025-09-04T11:49:07.870485
2025-09-04,57760,2025090405003172,NIFRA,Naasa Securities Co. Ltd.,Dipshikha Dhitopatra Karobar Co. Pvt Ltd.,54,273.0,14742.0,2025-09-04T11:49:07.870782
2025-09-04,57759,2025090405003173,NIFRA,Naasa Securities Co. Ltd.,Naasa Securities Co. Ltd.,14,273.0,3822.0,2025-09-04T11:49:07.870882
2025-09-04,57420,2025090405003252,NIFRA,Aryatara Investment & Securities,Aryatara Investment & Securities,1829,272.2,497853.8,2025-09-04T11:51:02.05254
2025-09-04,57419,2025090405003253,NIFRA,Ashutosh Brokerage & Securities (PVT) Ltd.,Aryatara Investment & Securities,1436,272.1,390735.6,2025-09-04T11:51:02.052783
2025-09-04,57418,2025090405003254,NIFRA,Sumeru Securities Pvt. Ltd.,Aryatara Investment & Securities,25,272.1,6802.5,2025-09-04T11:51:02.052884
2025-09-04,57417,2025090405003255,NIFRA,Secured Securities Ltd.,Aryatara Investment & Securities,40,272.1,10884.0,2025-09-04T11:51:02.05298
2025-09-04,57416,2025090405003256,NIFRA,Nagarik Stock Dealer ,Aryatara Investment & Securities,296,272.0,80512.0,2025-09-04T11:51:02.053079
2025-09-04,57415,2025090405003257,NIFRA,Agrawal Securities (PVT) Ltd.,Aryatara Investment & Securities,10,272.0,2720.0,2025-09-04T11:51:02.053177
2025-09-04,57414,2025090405003258,NIFRA,Dipshikha Dhitopatra Karobar Co. Pvt Ltd.,Aryatara Investment & Securities,100,272.0,27200.0,2025-09-04T11:51:02.053276
2025-09-04,57413,2025090405003259,NIFRA,Sani Securities Company Ltd.,Aryatara Investment & Securities,400,272.0,108800.0,2025-09-04T11:51:02.053383
2025-09-04,57412,2025090405003260,NIFRA,Shree Krishna Securities Ltd.,Aryatara Investment & Securities,50,272.0,13600.0,2025-09-04T11:51:02.05348
2025-09-04,57307,2025090405003289,NIFRA,Sundhara Securities Limited,Secured Securities Ltd.,14,271.9,3806.6,2025-09-04T11:51:35.245045
2025-09-04,57228,2025090405003309,NIFRA,Aryatara Investment & Securities,Naasa Securities Co. Ltd.,21,273.5,5743.5,2025-09-04T11:51:59.74376
2025-09-04,57210,2025090405003314,NIFRA,Sundhara Securities Limited,Sundhara Securities Limited,36,271.9,9788.4,2025-09-04T11:52:01.987072
2025-09-04,57159,2025090405003335,NIFRA,Aryatara Investment & Securities,Sundhara Securities Limited,18,271.9,4894.2,2025-09-04T11:52:22.480578
2025-09-04,57158,2025090405003336,NIFRA,Aryatara Investment & Securities,Naasa Securities Co. Ltd.,10,273.5,2735.0,2025-09-04T11:52:22.480786
2025-09-04,56528,2025090405003574,NIFRA,Kumari Securities Private Limited,Siprabi Securities Pvt. Ltd.,37,271.8,10056.6,2025-09-04T11:54:57.51103
2025-09-04,56485,2025090405003593,NIFRA,Kumari Securities Private Limited,Naasa Securities Co. Ltd.,54,271.8,14677.2,2025-09-04T11:55:08.744335
2025-09-04,56142,2025090405003705,NIFRA,Kumari Securities Private Limited,KALASH STOCK MARKET PVT. LTD.,104,271.8,28267.2,2025-09-04T11:56:34.342542
2025-09-04,56058,2025090405003736,NIFRA,Kumari Securities Private Limited,Online Securities Pvt. Ltd.,54,271.8,14677.2,2025-09-04T11:56:53.835611
2025-09-04,55919,2025090405003761,NIFRA,SUN SECURITIES PVT LTD,Agrawal Securities (PVT) Ltd.,54,271.9,14682.6,2025-09-04T11:57:33.221917
2025-09-04,55827,2025090405003781,NIFRA,Secured Securities Ltd.,Ashutosh Brokerage & Securities (PVT) Ltd.,250,272.0,68000.0,2025-09-04T11:57:58.770244
2025-09-04,55687,2025090405003827,NIFRA,SUN SECURITIES PVT LTD,Online Securities Pvt. Ltd.,53,271.9,14410.7,2025-09-04T11:58:39.893397
2025-09-04,55410,2025090405003918,NIFRA,SUN SECURITIES PVT LTD,Nepal Investment And Securities Trading Private Limited,108,271.9,29365.2,2025-09-04T11:59:49.780269
2025-09-04,55350,2025090405003935,NIFRA,SUN SECURITIES PVT LTD,Aryatara Investment & Securities,54,271.9,14682.6,2025-09-04T12:00:09.219781
2025-09-04,55308,2025090405003948,NIFRA,Secured Securities Ltd.,Ashutosh Brokerage & Securities (PVT) Ltd.,10,272.0,2720.0,2025-09-04T12:00:19.846758
2025-09-04,55166,2025090405003975,NIFRA,SUN SECURITIES PVT LTD,Midas Stock Broking Company Private Limited,54,271.9,14682.6,2025-09-04T12:00:49.669261
2025-09-04,55058,2025090405004018,NIFRA,Naasa Securities Co. Ltd.,Ashutosh Brokerage & Securities (PVT) Ltd.,100,272.0,27200.0,2025-09-04T12:01:17.087113
2025-09-04,54849,2025090405004130,NIFRA,SUN SECURITIES PVT LTD,Imperial Securities Company Pvt. Ltd.,10,271.9,2719.0,2025-09-04T12:01:51.313934
2025-09-04,54663,2025090405004175,NIFRA,Kumari Securities Private Limited,Ashutosh Brokerage & Securities (PVT) Ltd.,240,272.0,65280.0,2025-09-04T12:02:21.718737
2025-09-04,54581,2025090405004203,NIFRA,SUN SECURITIES PVT LTD,Bhrikuti Stock Broking Co. Pvt. Ltd.,167,271.9,45407.3,2025-09-04T12:02:43.59041
2025-09-04,54580,2025090405004204,NIFRA,Kumari Securities Private Limited,Bhrikuti Stock Broking Co. Pvt. Ltd.,188,271.8,51098.4,2025-09-04T12:02:43.590706
2025-09-04,54428,2025090405004261,NIFRA,Pragyan Securities (PVT) Ltd.,Kohinoor Investment & Securities Pvt. Ltd.,54,272.0,14688.0,2025-09-04T12:03:23.508579
2025-09-04,54427,2025090405004262,NIFRA,Pragyan Securities (PVT) Ltd.,South Asian Bulls Pvt. Ltd.,64,272.0,17408.0,2025-09-04T12:03:23.877135
2025-09-04,54409,2025090405004266,NIFRA,Pragyan Securities (PVT) Ltd.,Infinity Securities Limited,32,272.0,8704.0,2025-09-04T12:03:30.995112
2025-09-04,54210,2025090405004352,NIFRA,Deevyaa Securities & Stock House Pvt. Ltd,Infinity Securities Limited,32,272.0,8704.0,2025-09-04T12:04:15.724803
2025-09-04,53301,2025090405004617,NIFRA,Naasa Securities Co. Ltd.,Oxford Securities Pvt. Ltd.,495,272.0,134640.0,2025-09-04T12:07:34.797149
2025-09-04,53300,2025090405004618,NIFRA,Sani Securities Company Ltd.,Oxford Securities Pvt. Ltd.,400,272.0,108800.0,2025-09-04T12:07:34.797559
2025-09-04,53015,2025090405004709,NIFRA,Kumari Securities Private Limited,Oxford Securities Pvt. Ltd.,105,271.7,28528.5,2025-09-04T12:09:05.131584
2025-09-04,52980,2025090405004726,NIFRA,Kumari Securities Private Limited,Aryatara Investment & Securities,41,271.7,11139.7,2025-09-04T12:09:15.113273
2025-09-04,52773,2025090405004792,NIFRA,Naasa Securities Co. Ltd.,Ashutosh Brokerage & Securities (PVT) Ltd.,8,271.9,2175.2,2025-09-04T12:10:12.166501
2025-09-04,52728,2025090405004808,NIFRA,Capital Max Securities Ltd,Bhrikuti Stock Broking Co. Pvt. Ltd.,20,272.0,5440.0,2025-09-04T12:10:21.369358
2025-09-04,52395,2025090405004899,NIFRA,Capital Max Securities Ltd,Kohinoor Investment & Securities Pvt. Ltd.,64,272.0,17408.0,2025-09-04T12:11:39.650072
2025-09-04,52374,2025090405004905,NIFRA,Capital Max Securities Ltd,Vision Securities Pvt. Ltd,416,272.0,113152.0,2025-09-04T12:11:44.59868
2025-09-04,52373,2025090405004906,NIFRA,Kumari Securities Private Limited,Vision Securities Pvt. Ltd,84,271.7,22822.8,2025-09-04T12:11:44.598739
2025-09-04,52306,2025090405004927,NIFRA,Naasa Securities Co. Ltd.,Bhrikuti Stock Broking Co. Pvt. Ltd.,4,272.0,1088.0,2025-09-04T12:12:00.091882
2025-09-04,52134,2025090405004996,NIFRA,Thrive Brokerage House Pvt. Ltd,Linch Stock Market Ltd.,100,272.7,27270.0,2025-09-04T12:12:35.262471
2025-09-04,51792,2025090405005115,NIFRA,Naasa Securities Co. Ltd.,Sundhara Securities Limited,4,272.0,1088.0,2025-09-04T12:13:53.540103
2025-09-04,51623,2025090405005140,NIFRA,Naasa Securities Co. Ltd.,Naasa Securities Co. Ltd.,4,272.0,1088.0,2025-09-04T12:14:45.623257
2025-09-04,51427,2025090405005185,NIFRA,ABC Securities Private Limited,Market Securities & Exchange (PVT) Ltd.,250,272.6,68150.0,2025-09-04T12:15:40.924487
2025-09-04,51397,2025090405005188,NIFRA,Naasa Securities Co. Ltd.,Dipshikha Dhitopatra Karobar Co. Pvt Ltd.,54,271.8,14677.2,2025-09-04T12:15:53.178739
2025-09-04,51267,2025090405005221,NIFRA,Naasa Securities Co. Ltd.,Siprabi Securities Pvt. Ltd.,1,271.8,271.8,2025-09-04T12:16:23.673482
2025-09-04,51176,2025090405005249,NIFRA,Secured Securities Ltd.,Market Securities & Exchange (PVT) Ltd.,91,272.6,24806.6,2025-09-04T12:16:56.103381
2025-09-04,51102,2025090405005275,NIFRA,Kumari Securities Private Limited,Aryatara Investment & Securities,18,271.7,4890.6,2025-09-04T12:17:14.854325
2025-09-04,50962,2025090405005321,NIFRA,Naasa Securities Co. Ltd.,Sri Hari Securities Pvt. Ltd.,40,272.0,10880.0,2025-09-04T12:17:53.147418
2025-09-04,50742,2025090405005377,NIFRA,Kumari Securities Private Limited,Imperial Securities Company Pvt. Ltd.,40,271.7,10868.0,2025-09-04T12:18:46.458687
2025-09-04,50722,2025090405005385,NIFRA,Kumari Securities Private Limited,K.B.L. Securities Limited ,119,271.7,32332.3,2025-09-04T12:18:51.974778
2025-09-04,50721,2025090405005386,NIFRA,Sewa Securities Pvt. Ltd.,K.B.L. Securities Limited ,100,271.7,27170.0,2025-09-04T12:18:51.975067
2025-09-04,50616,2025090405005415,NIFRA,ABC Securities Private Limited,K.B.L. Securities Limited ,500,271.5,135750.0,2025-09-04T12:19:21.063044
2025-09-04,50519,2025090405005436,NIFRA,Deevyaa Securities & Stock House Pvt. Ltd,Bhrikuti Stock Broking Co. Pvt. Ltd.,150,271.5,40725.0,2025-09-04T12:19:53.494831
2025-09-04,50406,2025090405005469,NIFRA,Trishakti Securities Public Limited,Naasa Securities Co. Ltd.,64,271.1,17350.4,2025-09-04T12:20:29.097457
2025-09-04,50354,2025090405005486,NIFRA,Trishakti Securities Public Limited,Online Securities Pvt. Ltd.,39,271.1,10572.9,2025-09-04T12:20:43.145277
2025-09-04,50154,2025090405005551,NIFRA,Trishakti Securities Public Limited,South Asian Bulls Pvt. Ltd.,14,271.1,3795.4,2025-09-04T12:21:38.167092
2025-09-04,50143,2025090405005552,NIFRA,Dipshikha Dhitopatra Karobar Co. Pvt Ltd.,Online Securities Pvt. Ltd.,10,271.0,2710.0,2025-09-04T12:21:44.630679
2025-09-04,50142,2025090405005553,NIFRA,Dipshikha Dhitopatra Karobar Co. Pvt Ltd.,Online Securities Pvt. Ltd.,200,271.0,54200.0,2025-09-04T12:21:44.630988
2025-09-04,50141,2025090405005554,NIFRA,Asian Securities Private Ltd.,Online Securities Pvt. Ltd.,100,271.0,27100.0,2025-09-04T12:21:44.631116
2025-09-04,50140,2025090405005555,NIFRA,Kohinoor Investment & Securities Pvt. Ltd.,Online Securities Pvt. Ltd.,200,271.0,54200.0,2025-09-04T12:21:44.631243
2025-09-04,50139,2025090405005556,NIFRA,Sani Securities Company Ltd.,Online Securities Pvt. Ltd.,74,271.0,20054.0,2025-09-04T12:21:44.631385
2025-09-04,50138,2025090405005557,NIFRA,Aryatara Investment & Securities,Online Securities Pvt. Ltd.,200,271.0,54200.0,2025-09-04T12:21:44.631506
2025-09-04,50137,2025090405005558,NIFRA,J.F. Securites (PVT) Ltd.,Online Securities Pvt. Ltd.,100,271.0,27100.0,2025-09-04T12:21:44.631625
2025-09-04,50029,2025090405005609,NIFRA,Nabil Stock Dealer Ltd.,Online Securities Pvt. Ltd.,116,271.0,31436.0,2025-09-04T12:22:05.995416
2025-09-04,49970,2025090405005622,NIFRA,Nabil Stock Dealer Ltd.,Kohinoor Investment & Securities Pvt. Ltd.,134,271.0,36314.0,2025-09-04T12:22:17.566176
2025-09-04,49826,2025090405005667,NIFRA,Nabil Stock Dealer Ltd.,Capital Max Securities Ltd,20,270.4,5408.0,2025-09-04T12:22:55.799592
2025-09-04,49825,2025090405005668,NIFRA,Naasa Securities Co. Ltd.,Capital Max Securities Ltd,30,270.4,8112.0,2025-09-04T12:22:55.79994
2025-09-04,49824,2025090405005669,NIFRA,Kumari Securities Private Limited,Capital Max Securities Ltd,450,270.3,121635.0,2025-09-04T12:22:55.800089
2025-09-04,49779,2025090405005676,NIFRA,Kumari Securities Private Limited,Kohinoor Investment & Securities Pvt. Ltd.,50,270.3,13515.0,2025-09-04T12:23:04.764783
2025-09-04,49778,2025090405005677,NIFRA,Vision Securities Pvt. Ltd,Kohinoor Investment & Securities Pvt. Ltd.,116,270.2,31343.2,2025-09-04T12:23:04.765074
2025-09-04,49710,2025090405005695,NIFRA,Sweta Securities Private Limited,Online Securities Pvt. Ltd.,875,270.4,236600.0,2025-09-04T12:23:25.595792
2025-09-04,49611,2025090405005731,NIFRA,Sharepro Securities Private Limited,Bhrikuti Stock Broking Co. Pvt. Ltd.,350,270.5,94675.0,2025-09-04T12:23:52.247166
2025-09-04,49609,2025090405005732,NIFRA,Sweta Securities Private Limited,Dipshikha Dhitopatra Karobar Co. Pvt Ltd.,25,270.4,6760.0,2025-09-04T12:23:55.247522
2025-09-04,49608,2025090405005733,NIFRA,Vision Securities Pvt. Ltd,Dipshikha Dhitopatra Karobar Co. Pvt Ltd.,29,270.2,7835.8,2025-09-04T12:23:55.247642
2025-09-04,49600,2025090405005734,NIFRA,Secured Securities Ltd.,ABC Securities Private Limited,4,272.0,1088.0,2025-09-04T12:23:58.512579
2025-09-04,49567,2025090405005752,NIFRA,Sharepro Securities Private Limited,K.B.L. Securities Limited ,500,271.0,135500.0,2025-09-04T12:24:06.304603
2025-09-04,49566,2025090405005753,NIFRA,Sharepro Securities Private Limited,Aryatara Investment & Securities,54,271.0,14634.0,2025-09-04T12:24:06.304932
2025-09-04,49502,2025090405005784,NIFRA,Vision Securities Pvt. Ltd,Sri Hari Securities Pvt. Ltd.,355,270.2,95921.0,2025-09-04T12:24:22.236707
2025-09-04,49501,2025090405005785,NIFRA,Primo Securities (PVT) Ltd.,Sri Hari Securities Pvt. Ltd.,105,270.2,28371.0,2025-09-04T12:24:22.237263
2025-09-04,49382,2025090405005821,NIFRA,Primo Securities (PVT) Ltd.,South Asian Bulls Pvt. Ltd.,50,270.2,13510.0,2025-09-04T12:24:57.319665
2025-09-04,49343,2025090405005833,NIFRA,Primo Securities (PVT) Ltd.,Trishakti Securities Public Limited,53,270.2,14320.6,2025-09-04T12:25:05.456283
2025-09-04,49043,2025090405005918,NIFRA,Asian Securities Private Ltd.,Online Securities Pvt. Ltd.,60,270.9,16254.0,2025-09-04T12:26:39.53205
2025-09-04,49042,2025090405005919,NIFRA,Aryatara Investment & Securities,Agrawal Securities (PVT) Ltd.,54,270.3,14596.2,2025-09-04T12:26:39.899247
2025-09-04,48797,2025090405005984,NIFRA,Aryatara Investment & Securities,Sani Securities Company Ltd.,40,270.3,10812.0,2025-09-04T12:27:43.178194
2025-09-04,48731,2025090405006003,NIFRA,Primo Securities (PVT) Ltd.,Sani Securities Company Ltd.,14,270.2,3782.8,2025-09-04T12:27:53.246337
2025-09-04,48217,2025090405006159,NIFRA,Siprabi Securities Pvt. Ltd.,Naasa Securities Co. Ltd.,54,270.5,14607.0,2025-09-04T12:30:11.63846
2025-09-04,48188,2025090405006168,NIFRA,Siprabi Securities Pvt. Ltd.,Dynamic Money Managers Securities Pvt. Ltd.,10,270.5,2705.0,2025-09-04T12:30:21.682572
2025-09-04,48114,2025090405006185,NIFRA,Nepal Investment And Securities Trading Private Limited,Midas Stock Broking Company Private Limited,30,271.0,8130.0,2025-09-04T12:30:46.225931
2025-09-04,48004,2025090405006191,NIFRA,Siprabi Securities Pvt. Ltd.,South Asian Bulls Pvt. Ltd.,64,270.5,17312.0,2025-09-04T12:30:58.843309
2025-09-04,47936,2025090405006205,NIFRA,Kohinoor Investment & Securities Pvt. Ltd.,Midas Stock Broking Company Private Limited,20,271.0,5420.0,2025-09-04T12:31:19.757968
2025-09-04,47935,2025090405006206,NIFRA,Kohinoor Investment & Securities Pvt. Ltd.,Trisul Securities & Invt. Ltd.,10,271.0,2710.0,2025-09-04T12:31:19.758567
2025-09-04,47934,2025090405006207,NIFRA,Kohinoor Investment & Securities Pvt. Ltd.,Bhrikuti Stock Broking Co. Pvt. Ltd.,170,271.0,46070.0,2025-09-04T12:31:19.758953
2025-09-04,47562,2025090405006319,NIFRA,Sani Securities Company Ltd.,Bhrikuti Stock Broking Co. Pvt. Ltd.,69,271.0,18699.0,2025-09-04T12:32:48.540655
2025-09-04,47535,2025090405006328,NIFRA,Siprabi Securities Pvt. Ltd.,Vision Securities Pvt. Ltd,172,270.5,46526.0,2025-09-04T12:32:55.78393
2025-09-04,47534,2025090405006329,NIFRA,Sani Securities Company Ltd.,Vision Securities Pvt. Ltd,200,270.5,54100.0,2025-09-04T12:32:55.784
2025-09-04,47533,2025090405006330,NIFRA,Kumari Securities Private Limited,Vision Securities Pvt. Ltd,500,270.4,135200.0,2025-09-04T12:32:55.784032
2025-09-04,47532,2025090405006331,NIFRA,Trishakti Securities Public Limited,Vision Securities Pvt. Ltd,100,270.3,27030.0,2025-09-04T12:32:55.784062
2025-09-04,47531,2025090405006332,NIFRA,Naasa Securities Co. Ltd.,Vision Securities Pvt. Ltd,50,270.3,13515.0,2025-09-04T12:32:55.784088
2025-09-04,47530,2025090405006333,NIFRA,Aryatara Investment & Securities,Vision Securities Pvt. Ltd,16,270.3,4324.8,2025-09-04T12:32:55.784112
2025-09-04,47529,2025090405006334,NIFRA,Nepal Stock House (PVT) Ltd.,Vision Securities Pvt. Ltd,190,270.3,51357.0,2025-09-04T12:32:55.784132
2025-09-04,47528,2025090405006335,NIFRA,Sani Securities Company Ltd.,Vision Securities Pvt. Ltd,200,270.3,54060.0,2025-09-04T12:32:55.784156
2025-09-04,47527,2025090405006336,NIFRA,ABC Securities Private Limited,Vision Securities Pvt. Ltd,25,270.3,6757.5,2025-09-04T12:32:55.784176
2025-09-04,47526,2025090405006337,NIFRA,Trishakti Securities Public Limited,Vision Securities Pvt. Ltd,50,270.3,13515.0,2025-09-04T12:32:55.784198
2025-09-04,47525,2025090405006338,NIFRA,Primo Securities (PVT) Ltd.,Vision Securities Pvt. Ltd,278,270.2,75115.6,2025-09-04T12:32:55.784218
2025-09-04,47524,2025090405006339,NIFRA,Magnet Securities and Investment Company Private Limited,Vision Securities Pvt. Ltd,1000,270.2,270200.0,2025-09-04T12:32:55.78424
2025-09-04,47523,2025090405006340,NIFRA,Linch Stock Market Ltd.,Vision Securities Pvt. Ltd,2000,270.2,540400.0,2025-09-04T12:32:55.784261
2025-09-04,47522,2025090405006341,NIFRA,Trishakti Securities Public Limited,Vision Securities Pvt. Ltd,50,270.2,13510.0,2025-09-04T12:32:55.784283
2025-09-04,47521,2025090405006342,NIFRA,Cristal Kanchanjanga Securites Pvt. Ltd.,Vision Securities Pvt. Ltd,280,270.1,75628.0,2025-09-04T12:32:55.784308
2025-09-04,47520,2025090405006343,NIFRA,Vision Securities Pvt. Ltd,Vision Securities Pvt. Ltd,3389,270.1,915368.9,2025-09-04T12:32:55.784339
2025-09-04,47350,2025090405006386,NIFRA,Secured Securities Ltd.,ABC Securities Private Limited,4,265.0,1060.0,2025-09-04T12:33:29.658689
2025-09-04,47242,2025090405006412,NIFRA,Vision Securities Pvt. Ltd,Imperial Securities Company Pvt. Ltd.,34,270.1,9183.4,2025-09-04T12:33:48.356671
2025-09-04,47046,2025090405006466,NIFRA,Secured Securities Ltd.,ABC Securities Private Limited,1,270.0,270.0,2025-09-04T12:34:27.580343
2025-09-04,47036,2025090405006469,NIFRA,Vision Securities Pvt. Ltd,Vision Securities Pvt. Ltd,54,270.1,14585.4,2025-09-04T12:34:29.621445
2025-09-04,46604,2025090405006567,NIFRA,Agrawal Securities (PVT) Ltd.,Bhrikuti Stock Broking Co. Pvt. Ltd.,10,271.0,2710.0,2025-09-04T12:36:01.648533
2025-09-04,46324,2025090405006638,NIFRA,Naasa Securities Co. Ltd.,Pragyan Securities (PVT) Ltd.,54,270.2,14590.8,2025-09-04T12:37:02.472188
2025-09-04,46171,2025090405006672,NIFRA,Naasa Securities Co. Ltd.,Nepal Stock House (PVT) Ltd.,100,270.3,27030.0,2025-09-04T12:37:36.120497
2025-09-04,46143,2025090405006677,NIFRA,Naasa Securities Co. Ltd.,Vision Securities Pvt. Ltd,54,270.2,14590.8,2025-09-04T12:37:41.136036
2025-09-04,46043,2025090405006705,NIFRA,Naasa Securities Co. Ltd.,K.B.L. Securities Limited ,281,270.2,75926.2,2025-09-04T12:38:01.203196
2025-09-04,45966,2025090405006735,NIFRA,Asian Securities Private Ltd.,Nepal Stock House (PVT) Ltd.,40,270.3,10812.0,2025-09-04T12:38:18.50888
2025-09-04,45956,2025090405006737,NIFRA,Naasa Securities Co. Ltd.,Bhrikuti Stock Broking Co. Pvt. Ltd.,51,270.2,13780.2,2025-09-04T12:38:20.814224
2025-09-04,45706,2025090405006803,NIFRA,Sumeru Securities Pvt. Ltd.,Nepal Stock House (PVT) Ltd.,20,270.3,5406.0,2025-09-04T12:39:21.418022
2025-09-04,45683,2025090405006809,NIFRA,Sumeru Securities Pvt. Ltd.,Primo Securities (PVT) Ltd.,30,270.3,8109.0,2025-09-04T12:39:27.250343
2025-09-04,45682,2025090405006810,NIFRA,Naasa Securities Co. Ltd.,Primo Securities (PVT) Ltd.,24,270.2,6484.8,2025-09-04T12:39:27.250667
2025-09-04,45510,2025090405006850,NIFRA,J.F. Securites (PVT) Ltd.,Market Securities & Exchange (PVT) Ltd.,50,270.9,13545.0,2025-09-04T12:40:03.668048
2025-09-04,45508,2025090405006851,NIFRA,Naasa Securities Co. Ltd.,Opal Securities Investment (PVT) Ltd.,36,270.2,9727.2,2025-09-04T12:40:04.058696
2025-09-04,45507,2025090405006852,NIFRA,Kumari Securities Private Limited,Opal Securities Investment (PVT) Ltd.,500,270.2,135100.0,2025-09-04T12:40:04.059359
2025-09-04,45474,2025090405006857,NIFRA,Midas Stock Broking Company Private Limited,Opal Securities Investment (PVT) Ltd.,364,270.2,98352.8,2025-09-04T12:40:06.10274
2025-09-04,45421,2025090405006879,NIFRA,Naasa Securities Co. Ltd.,Dipshikha Dhitopatra Karobar Co. Pvt Ltd.,5,268.0,1340.0,2025-09-04T12:40:20.503392
2025-09-04,45353,2025090405006901,NIFRA,Midas Stock Broking Company Private Limited,Vision Securities Pvt. Ltd,436,270.2,117807.2,2025-09-04T12:40:36.262757
2025-09-04,45352,2025090405006902,NIFRA,Hatemalo Financial Services Private Limited,Vision Securities Pvt. Ltd,100,270.1,27010.0,2025-09-04T12:40:36.262827
2025-09-04,45351,2025090405006903,NIFRA,Dipshikha Dhitopatra Karobar Co. Pvt Ltd.,Vision Securities Pvt. Ltd,200,270.1,54020.0,2025-09-04T12:40:36.262874
2025-09-04,45350,2025090405006904,NIFRA,Kumari Securities Private Limited,Vision Securities Pvt. Ltd,500,270.1,135050.0,2025-09-04T12:40:36.262901
2025-09-04,45349,2025090405006905,NIFRA,Linch Stock Market Ltd.,Vision Securities Pvt. Ltd,50,270.1,13505.0,2025-09-04T12:40:36.262924
2025-09-04,45348,2025090405006906,NIFRA,Online Securities Pvt. Ltd.,Vision Securities Pvt. Ltd,100,270.1,27010.0,2025-09-04T12:40:36.262948
2025-09-04,45347,2025090405006907,NIFRA,Linch Stock Market Ltd.,Vision Securities Pvt. Ltd,2000,270.1,540200.0,2025-09-04T12:40:36.26297
2025-09-04,45346,2025090405006908,NIFRA,Oxford Securities Pvt. Ltd.,Vision Securities Pvt. Ltd,200,270.1,54020.0,2025-09-04T12:40:36.262993
2025-09-04,45345,2025090405006909,NIFRA,Vision Securities Pvt. Ltd,Vision Securities Pvt. Ltd,500,270.1,135050.0,2025-09-04T12:40:36.263019
2025-09-04,45344,2025090405006910,NIFRA,Asian Securities Private Ltd.,Vision Securities Pvt. Ltd,50,270.1,13505.0,2025-09-04T12:40:36.263057
2025-09-04,45343,2025090405006911,NIFRA,South Asian Bulls Pvt. Ltd.,Vision Securities Pvt. Ltd,740,270.1,199874.0,2025-09-04T12:40:36.26313
2025-09-04,45342,2025090405006912,NIFRA,Sewa Securities Pvt. Ltd.,Vision Securities Pvt. Ltd,124,270.0,33480.0,2025-09-04T12:40:36.263175
2025-09-04,44948,2025090405007037,NIFRA,Naasa Securities Co. Ltd.,Kohinoor Investment & Securities Pvt. Ltd.,4,265.0,1060.0,2025-09-04T12:42:14.349355
2025-09-04,44876,2025090405007059,NIFRA,Bhrikuti Stock Broking Co. Pvt. Ltd.,Market Securities & Exchange (PVT) Ltd.,100,270.9,27090.0,2025-09-04T12:42:24.990525
2025-09-04,44688,2025090405007125,NIFRA,Siprabi Securities Pvt. Ltd.,Sagarmatha Securities Private Limited,64,270.1,17286.4,2025-09-04T12:42:59.800152
2025-09-04,44669,2025090405007131,NIFRA,Siprabi Securities Pvt. Ltd.,Oxford Securities Pvt. Ltd.,64,270.1,17286.4,2025-09-04T12:43:05.570032
2025-09-04,44354,2025090405007204,NIFRA,Siprabi Securities Pvt. Ltd.,Sagarmatha Securities Private Limited,64,270.1,17286.4,2025-09-04T12:43:55.056777
2025-09-04,43855,2025090405007357,NIFRA,Sani Securities Company Ltd.,Sagarmatha Securities Private Limited,54,270.3,14596.2,2025-09-04T12:45:39.488202
2025-09-04,43680,2025090405007429,NIFRA,Sani Securities Company Ltd.,Asian Securities Private Ltd.,64,270.3,17299.2,2025-09-04T12:46:14.349005
2025-09-04,43412,2025090405007501,NIFRA,Sani Securities Company Ltd.,Opal Securities Investment (PVT) Ltd.,10,270.3,2703.0,2025-09-04T12:47:00.909726
2025-09-04,43397,2025090405007508,NIFRA,Sani Securities Company Ltd.,Naasa Securities Co. Ltd.,64,270.3,17299.2,2025-09-04T12:47:02.796703
2025-09-04,43383,2025090405007514,NIFRA,Sani Securities Company Ltd.,Sagarmatha Securities Private Limited,64,270.1,17286.4,2025-09-04T12:47:09.863882
2025-09-04,43354,2025090405007530,NIFRA,J.F. Securites (PVT) Ltd.,Cristal Kanchanjanga Securites Pvt. Ltd.,50,270.5,13525.0,2025-09-04T12:47:15.574558
2025-09-04,43247,2025090405007575,NIFRA,Sani Securities Company Ltd.,Sagarmatha Securities Private Limited,36,270.1,9723.6,2025-09-04T12:47:44.049247
2025-09-04,43246,2025090405007576,NIFRA,Siprabi Securities Pvt. Ltd.,Sagarmatha Securities Private Limited,28,270.1,7562.8,2025-09-04T12:47:44.049623
2025-09-04,43138,2025090405007612,NIFRA,Siprabi Securities Pvt. Ltd.,Agrawal Securities (PVT) Ltd.,30,270.1,8103.0,2025-09-04T12:48:09.807445
2025-09-04,43137,2025090405007613,NIFRA,Linch Stock Market Ltd.,Agrawal Securities (PVT) Ltd.,470,270.1,126947.0,2025-09-04T12:48:09.808101
2025-09-04,42757,2025090405007729,NIFRA,Dipshikha Dhitopatra Karobar Co. Pvt Ltd.,Secured Securities Ltd.,54,270.2,14590.8,2025-09-04T12:49:19.577562
2025-09-04,42512,2025090405007800,NIFRA,Trishakti Securities Public Limited,Sani Securities Company Ltd.,54,270.3,14596.2,2025-09-04T12:50:09.360654
2025-09-04,42408,2025090405007819,NIFRA,Trishakti Securities Public Limited,Investment Management Nepal Pvt. Ltd.,46,270.3,12433.8,2025-09-04T12:50:24.620685
2025-09-04,42407,2025090405007820,NIFRA,Dipshikha Dhitopatra Karobar Co. Pvt Ltd.,Investment Management Nepal Pvt. Ltd.,246,270.2,66469.2,2025-09-04T12:50:24.621364
2025-09-04,42406,2025090405007821,NIFRA,Online Securities Pvt. Ltd.,Investment Management Nepal Pvt. Ltd.,1000,270.2,270200.0,2025-09-04T12:50:24.621844
2025-09-04,42405,2025090405007822,NIFRA,Linch Stock Market Ltd.,Investment Management Nepal Pvt. Ltd.,708,270.1,191230.8,2025-09-04T12:50:24.622371
2025-09-04,42178,2025090405007894,NIFRA,Linch Stock Market Ltd.,Vision Securities Pvt. Ltd,10,270.1,2701.0,2025-09-04T12:51:02.997473
2025-09-04,42038,2025090405007939,NIFRA,Dipshikha Dhitopatra Karobar Co. Pvt Ltd.,Vision Securities Pvt. Ltd,200,270.3,54060.0,2025-09-04T12:51:36.69666
2025-09-04,41988,2025090405007958,NIFRA,KALASH STOCK MARKET PVT. LTD.,Vision Securities Pvt. Ltd,92,270.3,24867.6,2025-09-04T12:51:49.673654
2025-09-04,41883,2025090405007998,NIFRA,Linch Stock Market Ltd.,Vision Securities Pvt. Ltd,812,270.1,219321.2,2025-09-04T12:52:14.248822
2025-09-04,41882,2025090405007999,NIFRA,Naasa Securities Co. Ltd.,Vision Securities Pvt. Ltd,130,270.1,35113.0,2025-09-04T12:52:14.249625
2025-09-04,41881,2025090405008000,NIFRA,Sani Securities Company Ltd.,Vision Securities Pvt. Ltd,58,270.1,15665.8,2025-09-04T12:52:14.250379
2025-09-04,41793,2025090405008017,NIFRA,Naasa Securities Co. Ltd.,Naasa Securities Co. Ltd.,4,268.0,1072.0,2025-09-04T12:52:32.480363
2025-09-04,41334,2025090405008178,NIFRA,Sani Securities Company Ltd.,South Asian Bulls Pvt. Ltd.,42,270.1,11344.2,2025-09-04T12:54:03.362199
2025-09-04,41333,2025090405008179,NIFRA,Kumari Securities Private Limited,South Asian Bulls Pvt. Ltd.,318,270.1,85891.8,2025-09-04T12:54:03.362578
2025-09-04,41318,2025090405008189,NIFRA,Kumari Securities Private Limited,Naasa Securities Co. Ltd.,42,270.1,11344.2,2025-09-04T12:54:06.410179
2025-09-04,41245,2025090405008213,NIFRA,Kumari Securities Private Limited,Imperial Securities Company Pvt. Ltd.,140,270.1,37814.0,2025-09-04T12:54:21.71662
2025-09-04,41201,2025090405008229,NIFRA,Sri Hari Securities Pvt. Ltd.,Imperial Securities Company Pvt. Ltd.,210,270.1,56721.0,2025-09-04T12:54:31.69068
2025-09-04,41175,2025090405008237,NIFRA,Sri Hari Securities Pvt. Ltd.,Online Securities Pvt. Ltd.,64,270.1,17286.4,2025-09-04T12:54:40.035941
2025-09-04,41136,2025090405008248,NIFRA,Sri Hari Securities Pvt. Ltd.,Naasa Securities Co. Ltd.,12,270.1,3241.2,2025-09-04T12:54:47.684161
2025-09-04,41113,2025090405008263,NIFRA,Sri Hari Securities Pvt. Ltd.,Nepal Stock House (PVT) Ltd.,100,270.1,27010.0,2025-09-04T12:54:52.703873
2025-09-04,41058,2025090405008285,NIFRA,Sri Hari Securities Pvt. Ltd.,Online Securities Pvt. Ltd.,150,270.1,40515.0,2025-09-04T12:55:06.276823
2025-09-04,41056,2025090405008286,NIFRA,Sri Hari Securities Pvt. Ltd.,Dipshikha Dhitopatra Karobar Co. Pvt Ltd.,54,270.1,14585.4,2025-09-04T12:55:06.815546
2025-09-04,41041,2025090405008289,NIFRA,Kalika Securities Pvt. Ltd.,Vision Securities Pvt. Ltd,10,270.3,2703.0,2025-09-04T12:55:11.301869
2025-09-04,41033,2025090405008290,NIFRA,Sri Hari Securities Pvt. Ltd.,Naasa Securities Co. Ltd.,50,270.1,13505.0,2025-09-04T12:55:11.884678
2025-09-04,41003,2025090405008293,NIFRA,Sri Hari Securities Pvt. Ltd.,Sagarmatha Securities Private Limited,54,270.1,14585.4,2025-09-04T12:55:16.881731
2025-09-04,40740,2025090405008366,NIFRA,Online Securities Pvt. Ltd.,Vision Securities Pvt. Ltd,10,270.3,2703.0,2025-09-04T12:56:04.668861
2025-09-04,40694,2025090405008375,NIFRA,Arun Securities (PVT) Ltd.,Vision Securities Pvt. Ltd,188,270.3,50816.4,2025-09-04T12:56:14.056211
2025-09-04,40685,2025090405008380,NIFRA,Arun Securities (PVT) Ltd.,Linch Stock Market Ltd.,312,270.3,84333.6,2025-09-04T12:56:16.537533
2025-09-04,40684,2025090405008381,NIFRA,Sewa Securities Pvt. Ltd.,Linch Stock Market Ltd.,46,270.0,12420.0,2025-09-04T12:56:16.537864
2025-09-04,40683,2025090405008382,NIFRA,Dipshikha Dhitopatra Karobar Co. Pvt Ltd.,Linch Stock Market Ltd.,10,270.0,2700.0,2025-09-04T12:56:16.538013
2025-09-04,40682,2025090405008383,NIFRA,Malla & Malla Stock Broking Company Pvt. Limited,Linch Stock Market Ltd.,600,270.0,162000.0,2025-09-04T12:56:16.538156
2025-09-04,40681,2025090405008384,NIFRA,Sani Securities Company Ltd.,Linch Stock Market Ltd.,80,270.0,21600.0,2025-09-04T12:56:16.538304
2025-09-04,40680,2025090405008385,NIFRA,Sweta Securities Private Limited,Linch Stock Market Ltd.,102,270.0,27540.0,2025-09-04T12:56:16.53846
2025-09-04,40604,2025090405008410,NIFRA,Sweta Securities Private Limited,Sagarmatha Securities Private Limited,64,270.0,17280.0,2025-09-04T12:56:39.298222
2025-09-04,40587,2025090405008419,NIFRA,Opal Securities Investment (PVT) Ltd.,Secured Securities Ltd.,205,270.1,55370.5,2025-09-04T12:56:44.914174
2025-09-04,40586,2025090405008420,NIFRA,Sweta Securities Private Limited,Secured Securities Ltd.,34,270.0,9180.0,2025-09-04T12:56:44.914549
2025-09-04,40585,2025090405008421,NIFRA,Sani Securities Company Ltd.,Secured Securities Ltd.,200,270.0,54000.0,2025-09-04T12:56:44.9147
2025-09-04,40584,2025090405008422,NIFRA,Imperial Securities Company Pvt. Ltd.,Secured Securities Ltd.,10,270.0,2700.0,2025-09-04T12:56:44.914842
2025-09-04,40583,2025090405008423,NIFRA,Vision Securities Pvt. Ltd,Secured Securities Ltd.,200,270.0,54000.0,2025-09-04T12:56:44.914999
2025-09-04,40582,2025090405008424,NIFRA,Naasa Securities Co. Ltd.,Secured Securities Ltd.,100,270.0,27000.0,2025-09-04T12:56:44.915172
2025-09-04,40581,2025090405008425,NIFRA,Dipshikha Dhitopatra Karobar Co. Pvt Ltd.,Secured Securities Ltd.,251,270.0,67770.0,2025-09-04T12:56:44.91534
2025-09-04,40557,2025090405008428,NIFRA,Dipshikha Dhitopatra Karobar Co. Pvt Ltd.,Online Securities Pvt. Ltd.,249,270.0,67230.0,2025-09-04T12:56:50.038662
2025-09-04,40556,2025090405008429,NIFRA,Secured Securities Ltd.,Online Securities Pvt. Ltd.,183,270.0,49410.0,2025-09-04T12:56:50.039302
2025-09-04,40435,2025090405008460,NIFRA,Secured Securities Ltd.,Dipshikha Dhitopatra Karobar Co. Pvt Ltd.,44,270.0,11880.0,2025-09-04T12:57:13.623177
2025-09-04,40377,2025090405008474,NIFRA,Secured Securities Ltd.,Dipshikha Dhitopatra Karobar Co. Pvt Ltd.,10,270.0,2700.0,2025-09-04T12:57:27.713146
2025-09-04,40307,2025090405008497,NIFRA,Naasa Securities Co. Ltd.,Vision Securities Pvt. Ltd,4,268.0,1072.0,2025-09-04T12:57:46.310544
2025-09-04,40129,2025090405008569,NIFRA,Thrive Brokerage House Pvt. Ltd,Secured Securities Ltd.,111,270.2,29992.2,2025-09-04T12:58:28.913848
2025-09-04,40128,2025090405008570,NIFRA,Vision Securities Pvt. Ltd,Secured Securities Ltd.,200,270.1,54020.0,2025-09-04T12:58:28.91423
2025-09-04,40127,2025090405008571,NIFRA,Linch Stock Market Ltd.,Secured Securities Ltd.,689,270.1,186098.9,2025-09-04T12:58:28.914392
2025-09-04,40077,2025090405008587,NIFRA,Linch Stock Market Ltd.,Vision Securities Pvt. Ltd,184,270.1,49698.4,2025-09-04T12:58:39.979022
2025-09-04,39904,2025090405008642,NIFRA,Bhrikuti Stock Broking Co. Pvt. Ltd.,Primo Securities (PVT) Ltd.,54,270.2,14590.8,2025-09-04T12:59:21.306386
2025-09-04,39757,2025090405008704,NIFRA,Bhrikuti Stock Broking Co. Pvt. Ltd.,Aryatara Investment & Securities,64,270.2,17292.8,2025-09-04T13:00:04.3914
2025-09-04,39678,2025090405008735,NIFRA,Thrive Brokerage House Pvt. Ltd,Naasa Securities Co. Ltd.,21,270.8,5686.8,2025-09-04T13:00:22.064628
2025-09-04,39677,2025090405008736,NIFRA,Thrive Brokerage House Pvt. Ltd,Market Securities & Exchange (PVT) Ltd.,509,270.9,137888.1,2025-09-04T13:00:22.064982
2025-09-04,39676,2025090405008737,NIFRA,Thrive Brokerage House Pvt. Ltd,Naasa Securities Co. Ltd.,64,271.0,17344.0,2025-09-04T13:00:22.06513
2025-09-04,39598,2025090405008750,NIFRA,Kohinoor Investment & Securities Pvt. Ltd.,Naasa Securities Co. Ltd.,44,271.0,11924.0,2025-09-04T13:00:36.37969
2025-09-04,39597,2025090405008751,NIFRA,Kohinoor Investment & Securities Pvt. Ltd.,APPLE SECURITIES PRIVATE LIMITED,64,271.0,17344.0,2025-09-04T13:00:36.380093
2025-09-04,39596,2025090405008752,NIFRA,Kohinoor Investment & Securities Pvt. Ltd.,Dakshinkali Investment & Securities Pvt. Ltd.,192,271.0,52032.0,2025-09-04T13:00:36.380288
2025-09-04,39414,2025090405008804,NIFRA,Sharepro Securities Private Limited,Dakshinkali Investment & Securities Pvt. Ltd.,808,271.0,218968.0,2025-09-04T13:01:20.627393
2025-09-04,39413,2025090405008805,NIFRA,Sharepro Securities Private Limited,Dakshinkali Investment & Securities Pvt. Ltd.,692,271.0,187532.0,2025-09-04T13:01:20.627754
2025-09-04,39311,2025090405008833,NIFRA,Thrive Brokerage House Pvt. Ltd,Dakshinkali Investment & Securities Pvt. Ltd.,26,271.0,7046.0,2025-09-04T13:01:44.404724
2025-09-04,39288,2025090405008835,NIFRA,Sri Hari Securities Pvt. Ltd.,Dakshinkali Investment & Securities Pvt. Ltd.,11,271.0,2981.0,2025-09-04T13:01:49.918433
2025-09-04,39042,2025090405008903,NIFRA,Thrive Brokerage House Pvt. Ltd,Dakshinkali Investment & Securities Pvt. Ltd.,10,271.0,2710.0,2025-09-04T13:02:47.652101
2025-09-04,38935,2025090405008931,NIFRA,Online Securities Pvt. Ltd.,Naasa Securities Co. Ltd.,35,270.5,9467.5,2025-09-04T13:03:04.762967
2025-09-04,38934,2025090405008932,NIFRA,Online Securities Pvt. Ltd.,Dakshinkali Investment & Securities Pvt. Ltd.,261,271.0,70731.0,2025-09-04T13:03:04.76329
2025-09-04,38933,2025090405008933,NIFRA,Online Securities Pvt. Ltd.,Infinity Securities Limited,54,271.0,14634.0,2025-09-04T13:03:04.763476
2025-09-04,38932,2025090405008934,NIFRA,Online Securities Pvt. Ltd.,Vision Securities Pvt. Ltd,54,271.0,14634.0,2025-09-04T13:03:04.763623
2025-09-04,38931,2025090405008935,NIFRA,Online Securities Pvt. Ltd.,Siprabi Securities Pvt. Ltd.,147,271.0,39837.0,2025-09-04T13:03:04.763769
2025-09-04,38930,2025090405008936,NIFRA,Online Securities Pvt. Ltd.,Aakashbhairab Securities Ltd.,54,271.0,14634.0,2025-09-04T13:03:04.763912
2025-09-04,38929,2025090405008937,NIFRA,Online Securities Pvt. Ltd.,Premier Securities Company Ltd.,54,271.0,14634.0,2025-09-04T13:03:04.76406
2025-09-04,38928,2025090405008938,NIFRA,Online Securities Pvt. Ltd.,Dipshikha Dhitopatra Karobar Co. Pvt Ltd.,441,271.0,119511.0,2025-09-04T13:03:04.764202
2025-09-04,38873,2025090405008944,NIFRA,Dakshinkali Investment & Securities Pvt. Ltd.,ABC Securities Private Limited,54,270.3,14596.2,2025-09-04T13:03:19.745858
2025-09-04,38828,2025090405008959,NIFRA,Dakshinkali Investment & Securities Pvt. Ltd.,Asian Securities Private Ltd.,54,270.3,14596.2,2025-09-04T13:03:28.72061
2025-09-04,38761,2025090405008978,NIFRA,Sweta Securities Private Limited,Dipshikha Dhitopatra Karobar Co. Pvt Ltd.,46,271.0,12466.0,2025-09-04T13:03:50.231686
2025-09-04,38584,2025090405009047,NIFRA,Online Securities Pvt. Ltd.,Dipshikha Dhitopatra Karobar Co. Pvt Ltd.,13,271.0,3523.0,2025-09-04T13:04:38.453012
2025-09-04,38583,2025090405009048,NIFRA,Online Securities Pvt. Ltd.,Online Securities Pvt. Ltd.,17,271.0,4607.0,2025-09-04T13:04:38.453375
2025-09-04,38581,2025090405009049,NIFRA,Dakshinkali Investment & Securities Pvt. Ltd.,Imperial Securities Company Pvt. Ltd.,17,270.3,4595.1,2025-09-04T13:04:39.159929
2025-09-04,38580,2025090405009050,NIFRA,Bhrikuti Stock Broking Co. Pvt. Ltd.,Imperial Securities Company Pvt. Ltd.,382,270.2,103216.4,2025-09-04T13:04:39.160283
2025-09-04,38579,2025090405009051,NIFRA,Sundhara Securities Limited,Imperial Securities Company Pvt. Ltd.,100,270.2,27020.0,2025-09-04T13:04:39.160467
2025-09-04,38578,2025090405009052,NIFRA,Linch Stock Market Ltd.,Imperial Securities Company Pvt. Ltd.,1501,270.1,405420.1,2025-09-04T13:04:39.160618
2025-09-04,38444,2025090405009087,NIFRA,Linch Stock Market Ltd.,Asian Securities Private Ltd.,626,270.1,169082.6,2025-09-04T13:05:05.11188
2025-09-04,38443,2025090405009088,NIFRA,Online Securities Pvt. Ltd.,Asian Securities Private Ltd.,50,270.1,13505.0,2025-09-04T13:05:05.111997
2025-09-04,38442,2025090405009089,NIFRA,Secured Securities Ltd.,Asian Securities Private Ltd.,124,270.1,33492.4,2025-09-04T13:05:05.112076
2025-09-04,38285,2025090405009123,NIFRA,Secured Securities Ltd.,Neev Securities Pvt. Ltd.,1000,270.1,270100.0,2025-09-04T13:05:35.414491
2025-09-04,38169,2025090405009180,NIFRA,Secured Securities Ltd.,Online Securities Pvt. Ltd.,43,270.1,11614.3,2025-09-04T13:06:00.084132
2025-09-04,38115,2025090405009191,NIFRA,S.P.S.A. Securities Limited,Aakashbhairab Securities Ltd.,54,270.2,14590.8,2025-09-04T13:06:11.917095
2025-09-04,38076,2025090405009207,NIFRA,S.P.S.A. Securities Limited,Dipshikha Dhitopatra Karobar Co. Pvt Ltd.,88,270.2,23777.6,2025-09-04T13:06:19.185214
2025-09-04,38038,2025090405009213,NIFRA,Kumari Securities Private Limited,Online Securities Pvt. Ltd.,37,271.0,10027.0,2025-09-04T13:06:24.011037
2025-09-04,37952,2025090405009229,NIFRA,Kumari Securities Private Limited,Dynamic Money Managers Securities Pvt. Ltd.,63,271.0,17073.0,2025-09-04T13:06:46.611445
2025-09-04,37331,2025090405009459,NIFRA,Online Securities Pvt. Ltd.,Dipshikha Dhitopatra Karobar Co. Pvt Ltd.,50,270.9,13545.0,2025-09-04T13:08:54.660926
2025-09-04,37231,2025090405009487,NIFRA,Sani Securities Company Ltd.,Kohinoor Investment & Securities Pvt. Ltd.,4,266.0,1064.0,2025-09-04T13:09:23.050848
2025-09-04,37225,2025090405009490,NIFRA,Naasa Securities Co. Ltd.,Vision Securities Pvt. Ltd,40,270.6,10824.0,2025-09-04T13:09:24.835011
2025-09-04,37224,2025090405009491,NIFRA,Opal Securities Investment (PVT) Ltd.,Vision Securities Pvt. Ltd,10,270.5,2705.0,2025-09-04T13:09:24.835387
2025-09-04,37201,2025090405009493,NIFRA,Linch Stock Market Ltd.,Dynamic Money Managers Securities Pvt. Ltd.,100,271.0,27100.0,2025-09-04T13:09:30.639449
2025-09-04,37139,2025090405009519,NIFRA,Opal Securities Investment (PVT) Ltd.,Vision Securities Pvt. Ltd,10,270.5,2705.0,2025-09-04T13:09:46.139724
2025-09-04,37096,2025090405009542,NIFRA,Sundhara Securities Limited,Online Securities Pvt. Ltd.,20,270.5,5410.0,2025-09-04T13:09:58.164251
2025-09-04,37095,2025090405009543,NIFRA,APPLE SECURITIES PRIVATE LIMITED,Online Securities Pvt. Ltd.,44,270.5,11902.0,2025-09-04T13:09:58.164612
2025-09-04,36967,2025090405009603,NIFRA,Aryatara Investment & Securities,Dynamic Money Managers Securities Pvt. Ltd.,237,271.0,64227.0,2025-09-04T13:10:32.07493
2025-09-04,36966,2025090405009604,NIFRA,Aryatara Investment & Securities,Infinity Securities Limited,54,271.0,14634.0,2025-09-04T13:10:32.075293
2025-09-04,36965,2025090405009605,NIFRA,Aryatara Investment & Securities,Naasa Securities Co. Ltd.,64,271.0,17344.0,2025-09-04T13:10:32.075525
2025-09-04,36944,2025090405009607,NIFRA,APPLE SECURITIES PRIVATE LIMITED,Bhrikuti Stock Broking Co. Pvt. Ltd.,54,270.5,14607.0,2025-09-04T13:10:34.921264
2025-09-04,36900,2025090405009620,NIFRA,APPLE SECURITIES PRIVATE LIMITED,Vision Securities Pvt. Ltd,402,270.5,108741.0,2025-09-04T13:10:47.033098
2025-09-04,36899,2025090405009621,NIFRA,S.P.S.A. Securities Limited,Vision Securities Pvt. Ltd,58,270.2,15671.6,2025-09-04T13:10:47.033201
2025-09-04,36898,2025090405009622,NIFRA,Secured Securities Ltd.,Vision Securities Pvt. Ltd,440,270.1,118844.0,2025-09-04T13:10:47.033226
2025-09-04,36897,2025090405009623,NIFRA,Secured Securities Ltd.,Midas Stock Broking Company Private Limited,100,270.1,27010.0,2025-09-04T13:10:47.97172
2025-09-04,36425,2025090405009770,NIFRA,Capital Max Securities Ltd,Imperial Securities Company Pvt. Ltd.,64,270.5,17312.0,2025-09-04T13:12:51.715368
2025-09-04,36328,2025090405009807,NIFRA,Capital Max Securities Ltd,Sani Securities Company Ltd.,30,270.5,8115.0,2025-09-04T13:13:17.467562
2025-09-04,35733,2025090405009994,NIFRA,Dipshikha Dhitopatra Karobar Co. Pvt Ltd.,Oxford Securities Pvt. Ltd.,50,270.7,13535.0,2025-09-04T13:16:00.252491
2025-09-04,35732,2025090405009995,NIFRA,Sumeru Securities Pvt. Ltd.,Oxford Securities Pvt. Ltd.,14,270.6,3788.4,2025-09-04T13:16:00.252888
2025-09-04,35569,2025090405010046,NIFRA,Sumeru Securities Pvt. Ltd.,Aakashbhairab Securities Ltd.,11,270.6,2976.6,2025-09-04T13:16:43.19924
2025-09-04,35568,2025090405010047,NIFRA,Capital Max Securities Ltd,Aakashbhairab Securities Ltd.,43,270.5,11631.5,2025-09-04T13:16:43.199689
2025-09-04,35366,2025090405010095,NIFRA,Naasa Securities Co. Ltd.,Kohinoor Investment & Securities Pvt. Ltd.,10,270.7,2707.0,2025-09-04T13:17:38.794637
2025-09-04,35343,2025090405010106,NIFRA,Swarna Laxmi Securities Pvt. Ltd.,Premier Securities Company Ltd.,300,271.0,81300.0,2025-09-04T13:17:47.303121
2025-09-04,35242,2025090405010135,NIFRA,Naasa Securities Co. Ltd.,Nepal Stock House (PVT) Ltd.,11,270.7,2977.7,2025-09-04T13:18:13.521207
2025-09-04,35101,2025090405010180,NIFRA,Naasa Securities Co. Ltd.,Sweta Securities Private Limited,19,270.7,5143.3,2025-09-04T13:18:55.097871
2025-09-04,35100,2025090405010181,NIFRA,Capital Max Securities Ltd,Sweta Securities Private Limited,13,270.5,3516.5,2025-09-04T13:18:55.098227
2025-09-04,35069,2025090405010186,NIFRA,APPLE SECURITIES PRIVATE LIMITED,Premier Securities Company Ltd.,700,271.0,189700.0,2025-09-04T13:18:59.116163
2025-09-04,35011,2025090405010200,NIFRA,Sani Securities Company Ltd.,Naasa Securities Co. Ltd.,8,270.3,2162.4,2025-09-04T13:19:16.657177
2025-09-04,34771,2025090405010270,NIFRA,APPLE SECURITIES PRIVATE LIMITED,Imperial Securities Company Pvt. Ltd.,54,271.0,14634.0,2025-09-04T13:20:23.304115
2025-09-04,34770,2025090405010271,NIFRA,APPLE SECURITIES PRIVATE LIMITED,Kalika Securities Pvt. Ltd.,54,271.0,14634.0,2025-09-04T13:20:23.372441
2025-09-04,34737,2025090405010279,NIFRA,APPLE SECURITIES PRIVATE LIMITED,Arun Securities (PVT) Ltd.,54,271.0,14634.0,2025-09-04T13:20:33.895765
2025-09-04,34229,2025090405010434,NIFRA,APPLE SECURITIES PRIVATE LIMITED,Trishakti Securities Public Limited,54,271.0,14634.0,2025-09-04T13:22:57.407656
2025-09-04,34161,2025090405010464,NIFRA,APPLE SECURITIES PRIVATE LIMITED,Kalika Securities Pvt. Ltd.,64,271.0,17344.0,2025-09-04T13:23:14.573295
2025-09-04,34085,2025090405010489,NIFRA,APPLE SECURITIES PRIVATE LIMITED,J.F. Securites (PVT) Ltd.,20,271.0,5420.0,2025-09-04T13:23:37.347036
2025-09-04,34084,2025090405010490,NIFRA,Cristal Kanchanjanga Securites Pvt. Ltd.,J.F. Securites (PVT) Ltd.,12,271.0,3252.0,2025-09-04T13:23:37.347446
2025-09-04,34083,2025090405010491,NIFRA,Online Securities Pvt. Ltd.,J.F. Securites (PVT) Ltd.,11,271.0,2981.0,2025-09-04T13:23:37.347606
2025-09-04,33948,2025090405010515,NIFRA,Online Securities Pvt. Ltd.,Naasa Securities Co. Ltd.,20,271.0,5420.0,2025-09-04T13:24:03.887114
2025-09-04,33777,2025090405010571,NIFRA,Opal Securities Investment (PVT) Ltd.,Dipshikha Dhitopatra Karobar Co. Pvt Ltd.,2,270.5,541.0,2025-09-04T13:24:55.12649
2025-09-04,33760,2025090405010581,NIFRA,Online Securities Pvt. Ltd.,Opal Securities Investment (PVT) Ltd.,90,271.0,24390.0,2025-09-04T13:24:59.728419
2025-09-04,33645,2025090405010647,NIFRA,Online Securities Pvt. Ltd.,Naasa Securities Co. Ltd.,69,271.0,18699.0,2025-09-04T13:25:19.570476
2025-09-04,33484,2025090405010754,NIFRA,Capital Max Securities Ltd,Aryatara Investment & Securities,50,270.5,13525.0,2025-09-04T13:25:40.379056
2025-09-04,33421,2025090405010766,NIFRA,Midas Stock Broking Company Private Limited,Naasa Securities Co. Ltd.,12,270.5,3246.0,2025-09-04T13:25:54.818018
2025-09-04,33420,2025090405010767,NIFRA,Sri Hari Securities Pvt. Ltd.,Naasa Securities Co. Ltd.,719,270.4,194417.6,2025-09-04T13:25:54.818769
2025-09-04,33400,2025090405010772,NIFRA,Sani Securities Company Ltd.,Naasa Securities Co. Ltd.,50,271.5,13575.0,2025-09-04T13:26:01.079933
2025-09-04,33034,2025090405010879,NIFRA,South Asian Bulls Pvt. Ltd.,Kohinoor Investment & Securities Pvt. Ltd.,10,271.0,2710.0,2025-09-04T13:27:44.478449
2025-09-04,32910,2025090405010904,NIFRA,Sani Securities Company Ltd.,Sagarmatha Securities Private Limited,20,270.5,5410.0,2025-09-04T13:28:15.697947
2025-09-04,32909,2025090405010905,NIFRA,Sri Hari Securities Pvt. Ltd.,Sagarmatha Securities Private Limited,44,270.4,11897.6,2025-09-04T13:28:15.698393
2025-09-04,32624,2025090405010973,NIFRA,Dipshikha Dhitopatra Karobar Co. Pvt Ltd.,Vision Securities Pvt. Ltd,200,270.5,54100.0,2025-09-04T13:29:34.119681
2025-09-04,32486,2025090405011010,NIFRA,Sundhara Securities Limited,Vision Securities Pvt. Ltd,250,270.5,67625.0,2025-09-04T13:30:24.102799
2025-09-04,32455,2025090405011019,NIFRA,Sri Hari Securities Pvt. Ltd.,Thrive Brokerage House Pvt. Ltd,54,270.4,14601.6,2025-09-04T13:30:32.274027
2025-09-04,32410,2025090405011032,NIFRA,Dipshikha Dhitopatra Karobar Co. Pvt Ltd.,Vision Securities Pvt. Ltd,50,270.5,13525.0,2025-09-04T13:30:45.181072
2025-09-04,32382,2025090405011044,NIFRA,Dipshikha Dhitopatra Karobar Co. Pvt Ltd.,Secured Securities Ltd.,250,270.5,67625.0,2025-09-04T13:30:52.009021
2025-09-04,32381,2025090405011045,NIFRA,Sri Hari Securities Pvt. Ltd.,Secured Securities Ltd.,183,270.4,49483.2,2025-09-04T13:30:52.009414
2025-09-04,32380,2025090405011046,NIFRA,Linch Stock Market Ltd.,Secured Securities Ltd.,100,270.4,27040.0,2025-09-04T13:30:52.009589
2025-09-04,32379,2025090405011047,NIFRA,Agrawal Securities (PVT) Ltd.,Secured Securities Ltd.,200,270.4,54080.0,2025-09-04T13:30:52.009751
2025-09-04,32378,2025090405011048,NIFRA,Thrive Brokerage House Pvt. Ltd,Secured Securities Ltd.,267,270.3,72170.1,2025-09-04T13:30:52.009915
2025-09-04,32257,2025090405011075,NIFRA,Aryatara Investment & Securities,Kohinoor Investment & Securities Pvt. Ltd.,35,271.0,9485.0,2025-09-04T13:31:26.665006
2025-09-04,32256,2025090405011076,NIFRA,Aryatara Investment & Securities,Nepal Stock House (PVT) Ltd.,57,271.0,15447.0,2025-09-04T13:31:26.665413
2025-09-04,32191,2025090405011095,NIFRA,Thrive Brokerage House Pvt. Ltd,Siprabi Securities Pvt. Ltd.,54,270.3,14596.2,2025-09-04T13:31:42.597707
2025-09-04,32139,2025090405011114,NIFRA,Thrive Brokerage House Pvt. Ltd,Cristal Kanchanjanga Securites Pvt. Ltd.,679,270.3,183533.7,2025-09-04T13:31:57.470016
2025-09-04,32138,2025090405011115,NIFRA,Sundhara Securities Limited,Cristal Kanchanjanga Securites Pvt. Ltd.,30,270.2,8106.0,2025-09-04T13:31:57.4708
2025-09-04,32137,2025090405011116,NIFRA,Aryatara Investment & Securities,Cristal Kanchanjanga Securites Pvt. Ltd.,100,270.2,27020.0,2025-09-04T13:31:57.471343
2025-09-04,32136,2025090405011117,NIFRA,Property Wiard Limited,Cristal Kanchanjanga Securites Pvt. Ltd.,191,270.2,51608.2,2025-09-04T13:31:57.471856
2025-09-04,31985,2025090405011153,NIFRA,Property Wiard Limited,Kalika Securities Pvt. Ltd.,45,270.2,12159.0,2025-09-04T13:32:40.700671
2025-09-04,31624,2025090405011260,NIFRA,Property Wiard Limited,Primo Securities (PVT) Ltd.,164,270.2,44312.8,2025-09-04T13:34:14.230281
2025-09-04,31623,2025090405011261,NIFRA,Premier Securities Company Ltd.,Primo Securities (PVT) Ltd.,36,270.2,9727.2,2025-09-04T13:34:14.230669
2025-09-04,31622,2025090405011262,NIFRA,Premier Securities Company Ltd.,Nepal Stock House (PVT) Ltd.,4,270.2,1080.8,2025-09-04T13:34:14.230763
2025-09-04,31362,2025090405011334,NIFRA,Nepal Stock House (PVT) Ltd.,J.F. Securites (PVT) Ltd.,274,270.3,74062.2,2025-09-04T13:35:15.470327
2025-09-04,31148,2025090405011394,NIFRA,Nepal Stock House (PVT) Ltd.,Asian Securities Private Ltd.,400,270.3,108120.0,2025-09-04T13:35:59.670199
2025-09-04,31143,2025090405011397,NIFRA,Capital Max Securities Ltd,Trishakti Securities Public Limited,54,270.5,14607.0,2025-09-04T13:36:02.64513
2025-09-04,31022,2025090405011437,NIFRA,Capital Max Securities Ltd,Neev Securities Pvt. Ltd.,64,270.5,17312.0,2025-09-04T13:36:38.419645
2025-09-04,30970,2025090405011458,NIFRA,Capital Max Securities Ltd,Sri Hari Securities Pvt. Ltd.,64,270.5,17312.0,2025-09-04T13:36:54.822674
2025-09-04,30453,2025090405011623,NIFRA,Arun Securities (PVT) Ltd.,South Asian Bulls Pvt. Ltd.,62,270.9,16795.8,2025-09-04T13:39:04.184838
2025-09-04,30452,2025090405011624,NIFRA,Arun Securities (PVT) Ltd.,Market Securities & Exchange (PVT) Ltd.,500,270.9,135450.0,2025-09-04T13:39:04.185659
2025-09-04,30080,2025090405011705,NIFRA,Naasa Securities Co. Ltd.,Naasa Securities Co. Ltd.,8,268.1,2144.8,2025-09-04T13:40:40.305294
2025-09-04,29901,2025090405011716,NIFRA,Nepal Stock House (PVT) Ltd.,Imperial Securities Company Pvt. Ltd.,200,270.6,54120.0,2025-09-04T13:40:44.629027
2025-09-04,29823,2025090405011734,NIFRA,Nepal Stock House (PVT) Ltd.,Aryatara Investment & Securities,64,270.6,17318.4,2025-09-04T13:41:01.39069
2025-09-04,29773,2025090405011745,NIFRA,Nepal Stock House (PVT) Ltd.,Online Securities Pvt. Ltd.,20,270.6,5412.0,2025-09-04T13:41:17.629911
2025-09-04,29629,2025090405011772,NIFRA,Nepal Stock House (PVT) Ltd.,Sumeru Securities Pvt. Ltd.,42,270.6,11365.2,2025-09-04T13:41:47.306857
2025-09-04,28781,2025090405012051,NIFRA,Capital Max Securities Ltd,Naasa Securities Co. Ltd.,16,270.5,4328.0,2025-09-04T13:45:02.913417
2025-09-04,28638,2025090405012091,NIFRA,Capital Max Securities Ltd,Vision Securities Pvt. Ltd,54,270.5,14607.0,2025-09-04T13:45:34.999943
2025-09-04,28607,2025090405012099,NIFRA,Capital Max Securities Ltd,Online Securities Pvt. Ltd.,70,270.5,18935.0,2025-09-04T13:45:42.378235
2025-09-04,28464,2025090405012136,NIFRA,Capital Max Securities Ltd,Online Securities Pvt. Ltd.,30,270.5,8115.0,2025-09-04T13:46:25.73269
2025-09-04,28391,2025090405012158,NIFRA,J.F. Securites (PVT) Ltd.,Sumeru Securities Pvt. Ltd.,200,270.6,54120.0,2025-09-04T13:46:48.331231
2025-09-04,28342,2025090405012183,NIFRA,Vision Securities Pvt. Ltd,Sumeru Securities Pvt. Ltd.,318,270.6,86050.8,2025-09-04T13:46:59.550891
2025-09-04,28251,2025090405012213,NIFRA,Sharepro Securities Private Limited,Sundhara Securities Limited,54,270.6,14612.4,2025-09-04T13:47:16.844604
2025-09-04,27979,2025090405012296,NIFRA,Sharepro Securities Private Limited,Naasa Securities Co. Ltd.,54,270.6,14612.4,2025-09-04T13:48:18.642396
2025-09-04,27824,2025090405012340,NIFRA,Sharepro Securities Private Limited,Hatemalo Financial Services Private Limited,210,270.6,56826.0,2025-09-04T13:48:53.565621
2025-09-04,27823,2025090405012341,NIFRA,Asian Securities Private Ltd.,Hatemalo Financial Services Private Limited,96,270.6,25977.6,2025-09-04T13:48:53.566086
2025-09-04,27822,2025090405012342,NIFRA,Asian Securities Private Ltd.,Naasa Securities Co. Ltd.,4,270.6,1082.4,2025-09-04T13:48:53.566185
2025-09-04,27667,2025090405012379,NIFRA,Sani Securities Company Ltd.,Imperial Securities Company Pvt. Ltd.,500,270.9,135450.0,2025-09-04T13:49:20.869083
2025-09-04,27382,2025090405012453,NIFRA,Naasa Securities Co. Ltd.,Online Securities Pvt. Ltd.,4,270.0,1080.0,2025-09-04T13:50:27.05685
2025-09-04,27171,2025090405012512,NIFRA,Investment Management Nepal Pvt. Ltd.,Market Securities & Exchange (PVT) Ltd.,100,270.6,27060.0,2025-09-04T13:51:19.405466
2025-09-04,27120,2025090405012525,NIFRA,Investment Management Nepal Pvt. Ltd.,Market Securities & Exchange (PVT) Ltd.,300,270.6,81180.0,2025-09-04T13:51:28.44742
2025-09-04,26887,2025090405012609,NIFRA,Investment Management Nepal Pvt. Ltd.,Aryatara Investment & Securities,25,270.6,6765.0,2025-09-04T13:52:19.508527
2025-09-04,26585,2025090405012686,NIFRA,Naasa Securities Co. Ltd.,Imperial Securities Company Pvt. Ltd.,50,270.9,13545.0,2025-09-04T13:53:35.662646
2025-09-04,26373,2025090405012759,NIFRA,Naasa Securities Co. Ltd.,Naasa Securities Co. Ltd.,4,270.0,1080.0,2025-09-04T13:54:16.025234
2025-09-04,26371,2025090405012760,NIFRA,Investment Management Nepal Pvt. Ltd.,Vision Securities Pvt. Ltd,64,270.6,17318.4,2025-09-04T13:54:16.124913
2025-09-04,26271,2025090405012788,NIFRA,Investment Management Nepal Pvt. Ltd.,Aryatara Investment & Securities,11,270.6,2976.6,2025-09-04T13:54:31.8477
2025-09-04,26270,2025090405012789,NIFRA,Linch Stock Market Ltd.,Aryatara Investment & Securities,43,270.6,11635.8,2025-09-04T13:54:31.848118
2025-09-04,26254,2025090405012790,NIFRA,Linch Stock Market Ltd.,Vision Securities Pvt. Ltd,21,270.6,5682.6,2025-09-04T13:54:35.290084
2025-09-04,26253,2025090405012791,NIFRA,Capital Max Securities Ltd,Vision Securities Pvt. Ltd,64,270.5,17312.0,2025-09-04T13:54:35.29098
2025-09-04,26018,2025090405012874,NIFRA,J.F. Securites (PVT) Ltd.,South Asian Bulls Pvt. Ltd.,50,270.6,13530.0,2025-09-04T13:55:44.293351
2025-09-04,26017,2025090405012875,NIFRA,Sumeru Securities Pvt. Ltd.,South Asian Bulls Pvt. Ltd.,12,270.6,3247.2,2025-09-04T13:55:44.293767
2025-09-04,26008,2025090405012881,NIFRA,Sumeru Securities Pvt. Ltd.,Agrawal Securities (PVT) Ltd.,75,270.6,20295.0,2025-09-04T13:55:45.360781
2025-09-04,25729,2025090405012934,NIFRA,Naasa Securities Co. Ltd.,Kohinoor Investment & Securities Pvt. Ltd.,8,265.5,2124.0,2025-09-04T13:57:00.294561
2025-09-04,25532,2025090405012990,NIFRA,Sumeru Securities Pvt. Ltd.,Siprabi Securities Pvt. Ltd.,13,270.6,3517.8,2025-09-04T13:58:07.208605
2025-09-04,25531,2025090405012991,NIFRA,Sweta Securities Private Limited,Siprabi Securities Pvt. Ltd.,187,270.6,50602.2,2025-09-04T13:58:07.209021
2025-09-04,25428,2025090405013018,NIFRA,Sweta Securities Private Limited,Trishakti Securities Public Limited,54,270.6,14612.4,2025-09-04T13:58:33.957603
2025-09-04,25370,2025090405013036,NIFRA,Sweta Securities Private Limited,Sewa Securities Pvt. Ltd.,20,270.6,5412.0,2025-09-04T13:58:51.097199
2025-09-04,25008,2025090405013121,NIFRA,J.F. Securites (PVT) Ltd.,Imperial Securities Company Pvt. Ltd.,450,270.9,121905.0,2025-09-04T14:00:17.186629
2025-09-04,25007,2025090405013122,NIFRA,J.F. Securites (PVT) Ltd.,Dipshikha Dhitopatra Karobar Co. Pvt Ltd.,54,270.9,14628.6,2025-09-04T14:00:17.18704
2025-09-04,25006,2025090405013123,NIFRA,J.F. Securites (PVT) Ltd.,Nepal Stock House (PVT) Ltd.,1143,271.0,309753.0,2025-09-04T14:00:17.187275
2025-09-04,25005,2025090405013124,NIFRA,J.F. Securites (PVT) Ltd.,K.B.L. Securities Limited ,500,271.0,135500.0,2025-09-04T14:00:17.187482
2025-09-04,25004,2025090405013125,NIFRA,J.F. Securites (PVT) Ltd.,Dynamic Money Managers Securities Pvt. Ltd.,740,271.0,200540.0,2025-09-04T14:00:17.187664
2025-09-04,25003,2025090405013126,NIFRA,J.F. Securites (PVT) Ltd.,Siprabi Securities Pvt. Ltd.,10,271.0,2710.0,2025-09-04T14:00:17.187849
2025-09-04,25002,2025090405013127,NIFRA,J.F. Securites (PVT) Ltd.,Oxford Securities Pvt. Ltd.,75,271.0,20325.0,2025-09-04T14:00:17.188025
2025-09-04,25001,2025090405013128,NIFRA,J.F. Securites (PVT) Ltd.,Imperial Securities Company Pvt. Ltd.,28,271.0,7588.0,2025-09-04T14:00:17.188206
2025-09-04,24888,2025090405013162,NIFRA,Imperial Securities Company Pvt. Ltd.,Imperial Securities Company Pvt. Ltd.,25,271.0,6775.0,2025-09-04T14:00:45.103117
2025-09-04,24811,2025090405013178,NIFRA,Sweta Securities Private Limited,Secured Securities Ltd.,54,270.6,14612.4,2025-09-04T14:00:58.79788
2025-09-04,24791,2025090405013183,NIFRA,Sweta Securities Private Limited,Nepal Stock House (PVT) Ltd.,21,270.6,5682.6,2025-09-04T14:01:05.251656
2025-09-04,24738,2025090405013196,NIFRA,Sweta Securities Private Limited,Vision Securities Pvt. Ltd,490,270.6,132594.0,2025-09-04T14:01:16.047095
2025-09-04,24667,2025090405013214,NIFRA,Sweta Securities Private Limited,South Asian Bulls Pvt. Ltd.,54,270.6,14612.4,2025-09-04T14:01:30.836404
2025-09-04,24186,2025090405013365,NIFRA,Cristal Kanchanjanga Securites Pvt. Ltd.,Primo Securities (PVT) Ltd.,8,270.0,2160.0,2025-09-04T14:03:02.362554
2025-09-04,24052,2025090405013405,NIFRA,Asian Securities Private Ltd.,Online Securities Pvt. Ltd.,49,270.7,13264.3,2025-09-04T14:03:34.445899
2025-09-04,24051,2025090405013406,NIFRA,Kumari Securities Private Limited,Online Securities Pvt. Ltd.,15,270.7,4060.5,2025-09-04T14:03:34.446793
2025-09-04,23833,2025090405013475,NIFRA,Kumari Securities Private Limited,Vision Securities Pvt. Ltd,64,270.7,17324.8,2025-09-04T14:04:23.615135
2025-09-04,23601,2025090405013522,NIFRA,Imperial Securities Company Pvt. Ltd.,Imperial Securities Company Pvt. Ltd.,147,271.0,39837.0,2025-09-04T14:05:16.905999
2025-09-04,23600,2025090405013523,NIFRA,Imperial Securities Company Pvt. Ltd.,Dipshikha Dhitopatra Karobar Co. Pvt Ltd.,90,271.0,24390.0,2025-09-04T14:05:16.906787
2025-09-04,23599,2025090405013524,NIFRA,Imperial Securities Company Pvt. Ltd.,Siprabi Securities Pvt. Ltd.,10,271.0,2710.0,2025-09-04T14:05:16.907381
2025-09-04,23598,2025090405013525,NIFRA,Imperial Securities Company Pvt. Ltd.,Sweta Securities Private Limited,64,271.0,17344.0,2025-09-04T14:05:16.907945
2025-09-04,23597,2025090405013526,NIFRA,Imperial Securities Company Pvt. Ltd.,Vision Securities Pvt. Ltd,400,271.0,108400.0,2025-09-04T14:05:16.908505
2025-09-04,23396,2025090405013576,NIFRA,Imperial Securities Company Pvt. Ltd.,Asian Securities Private Ltd.,289,271.0,78319.0,2025-09-04T14:06:06.046714
2025-09-04,23334,2025090405013597,NIFRA,Imperial Securities Company Pvt. Ltd.,Midas Stock Broking Company Private Limited,10,271.0,2710.0,2025-09-04T14:06:26.552763
2025-09-04,23049,2025090405013654,NIFRA,Kumari Securities Private Limited,Deevyaa Securities & Stock House Pvt. Ltd,271,270.7,73359.7,2025-09-04T14:07:29.916574
2025-09-04,23048,2025090405013655,NIFRA,Sweta Securities Private Limited,Deevyaa Securities & Stock House Pvt. Ltd,483,270.6,130699.8,2025-09-04T14:07:29.917009
2025-09-04,22757,2025090405013735,NIFRA,Imperial Securities Company Pvt. Ltd.,Dynamic Money Managers Securities Pvt. Ltd.,45,270.7,12181.5,2025-09-04T14:08:37.65212
2025-09-04,22680,2025090405013755,NIFRA,Premier Securities Company Ltd.,Property Wiard Limited,21,270.9,5688.9,2025-09-04T14:08:56.089712
2025-09-04,22586,2025090405013785,NIFRA,J.F. Securites (PVT) Ltd.,Midas Stock Broking Company Private Limited,18,271.0,4878.0,2025-09-04T14:09:26.8577
2025-09-04,22326,2025090405013908,NIFRA,Imperial Securities Company Pvt. Ltd.,Midas Stock Broking Company Private Limited,36,271.0,9756.0,2025-09-04T14:10:17.614113
2025-09-04,22325,2025090405013909,NIFRA,Imperial Securities Company Pvt. Ltd.,Sani Securities Company Ltd.,64,271.0,17344.0,2025-09-04T14:10:17.614542
2025-09-04,22324,2025090405013910,NIFRA,Imperial Securities Company Pvt. Ltd.,Sani Securities Company Ltd.,54,271.0,14634.0,2025-09-04T14:10:17.614731
2025-09-04,22323,2025090405013911,NIFRA,Imperial Securities Company Pvt. Ltd.,Imperial Securities Company Pvt. Ltd.,150,271.0,40650.0,2025-09-04T14:10:17.614954
2025-09-04,22322,2025090405013912,NIFRA,Imperial Securities Company Pvt. Ltd.,ABC Securities Private Limited,151,271.0,40921.0,2025-09-04T14:10:17.615166
2025-09-04,22299,2025090405013915,NIFRA,Aryatara Investment & Securities,ABC Securities Private Limited,10,271.0,2710.0,2025-09-04T14:10:22.852741
2025-09-04,22133,2025090405013960,NIFRA,Cristal Kanchanjanga Securites Pvt. Ltd.,Sumeru Securities Pvt. Ltd.,4,270.3,1081.2,2025-09-04T14:11:07.700827
2025-09-04,21917,2025090405014053,NIFRA,Premier Securities Company Ltd.,Sundhara Securities Limited,479,270.9,129761.1,2025-09-04T14:11:47.220215
2025-09-04,21829,2025090405014081,NIFRA,Sundhara Securities Limited,Sundhara Securities Limited,790,270.9,214011.0,2025-09-04T14:12:05.299602
2025-09-04,21802,2025090405014093,NIFRA,Naasa Securities Co. Ltd.,ABC Securities Private Limited,20,271.0,5420.0,2025-09-04T14:12:13.991798
2025-09-04,21751,2025090405014101,NIFRA,Siprabi Securities Pvt. Ltd.,ABC Securities Private Limited,45,271.0,12195.0,2025-09-04T14:12:17.20396
2025-09-04,21577,2025090405014150,NIFRA,Sweta Securities Private Limited,Sani Securities Company Ltd.,150,270.6,40590.0,2025-09-04T14:13:08.141657
2025-09-04,20930,2025090405014324,NIFRA,Sweta Securities Private Limited,ABC Securities Private Limited,64,270.6,17318.4,2025-09-04T14:15:30.83679
2025-09-04,20925,2025090405014327,NIFRA,Sweta Securities Private Limited,South Asian Bulls Pvt. Ltd.,38,270.6,10282.8,2025-09-04T14:15:34.610516
2025-09-04,20912,2025090405014331,NIFRA,Sweta Securities Private Limited,Sani Securities Company Ltd.,385,270.6,104181.0,2025-09-04T14:15:40.833169
2025-09-04,20911,2025090405014332,NIFRA,Thrive Brokerage House Pvt. Ltd,Sani Securities Company Ltd.,58,270.6,15694.8,2025-09-04T14:15:40.833624
2025-09-04,20910,2025090405014333,NIFRA,Aryatara Investment & Securities,Sani Securities Company Ltd.,200,270.6,54120.0,2025-09-04T14:15:40.833827
2025-09-04,20909,2025090405014334,NIFRA,Aryatara Investment & Securities,Sani Securities Company Ltd.,50,270.6,13530.0,2025-09-04T14:15:40.83404
2025-09-04,20908,2025090405014335,NIFRA,Sani Securities Company Ltd.,Sani Securities Company Ltd.,307,270.6,83074.2,2025-09-04T14:15:40.834234
2025-09-04,20869,2025090405014344,NIFRA,Sani Securities Company Ltd.,Kumari Securities Private Limited,54,270.6,14612.4,2025-09-04T14:15:51.187083
2025-09-04,20820,2025090405014358,NIFRA,Shree Krishna Securities Ltd.,ABC Securities Private Limited,324,271.0,87804.0,2025-09-04T14:16:01.645329
2025-09-04,20819,2025090405014359,NIFRA,Shree Krishna Securities Ltd.,Aryatara Investment & Securities,775,271.0,210025.0,2025-09-04T14:16:01.645748
2025-09-04,20818,2025090405014360,NIFRA,Shree Krishna Securities Ltd.,Nepal Stock House (PVT) Ltd.,50,271.0,13550.0,2025-09-04T14:16:01.645946
2025-09-04,20817,2025090405014361,NIFRA,Shree Krishna Securities Ltd.,Oxford Securities Pvt. Ltd.,54,271.0,14634.0,2025-09-04T14:16:01.646147
2025-09-04,20816,2025090405014362,NIFRA,Shree Krishna Securities Ltd.,Oxford Securities Pvt. Ltd.,500,271.0,135500.0,2025-09-04T14:16:01.646371
2025-09-04,20815,2025090405014363,NIFRA,Shree Krishna Securities Ltd.,Indira securities pvt. ltd,64,271.0,17344.0,2025-09-04T14:16:01.64657
2025-09-04,20814,2025090405014364,NIFRA,Shree Krishna Securities Ltd.,Opal Securities Investment (PVT) Ltd.,54,271.0,14634.0,2025-09-04T14:16:01.64679
2025-09-04,20813,2025090405014365,NIFRA,Shree Krishna Securities Ltd.,Sumeru Securities Pvt. Ltd.,54,271.0,14634.0,2025-09-04T14:16:01.647001
2025-09-04,20812,2025090405014366,NIFRA,Shree Krishna Securities Ltd.,Premier Securities Company Ltd.,58,271.0,15718.0,2025-09-04T14:16:01.647234
2025-09-04,20357,2025090405014522,NIFRA,Sani Securities Company Ltd.,Malla & Malla Stock Broking Company Pvt. Limited,30,270.6,8118.0,2025-09-04T14:17:20.277281
2025-09-04,20266,2025090405014561,NIFRA,Sani Securities Company Ltd.,Nepal Stock House (PVT) Ltd.,171,270.6,46272.6,2025-09-04T14:17:41.580592
2025-09-04,20265,2025090405014562,NIFRA,Sri Hari Securities Pvt. Ltd.,Nepal Stock House (PVT) Ltd.,50,270.6,13530.0,2025-09-04T14:17:41.58103
2025-09-04,20264,2025090405014563,NIFRA,Shree Krishna Securities Ltd.,Nepal Stock House (PVT) Ltd.,270,270.6,73062.0,2025-09-04T14:17:41.581226
2025-09-04,20263,2025090405014564,NIFRA,Shree Krishna Securities Ltd.,Premier Securities Company Ltd.,54,270.6,14612.4,2025-09-04T14:17:43.043191
2025-09-04,19636,2025090405014772,NIFRA,Secured Securities Ltd.,Vision Securities Pvt. Ltd,10,270.7,2707.0,2025-09-04T14:19:55.02943
2025-09-04,19237,2025090405014877,NIFRA,Cristal Kanchanjanga Securites Pvt. Ltd.,Swarna Laxmi Securities Pvt. Ltd.,4,270.3,1081.2,2025-09-04T14:21:12.501701
2025-09-04,19229,2025090405014879,NIFRA,Trishakti Securities Public Limited,Sewa Securities Pvt. Ltd.,50,271.0,13550.0,2025-09-04T14:21:14.662916
2025-09-04,18418,2025090405015159,NIFRA,Trishakti Securities Public Limited,Agrawal Securities (PVT) Ltd.,16,271.0,4336.0,2025-09-04T14:24:03.216625
2025-09-04,18230,2025090405015218,NIFRA,Trishakti Securities Public Limited,Online Securities Pvt. Ltd.,54,271.0,14634.0,2025-09-04T14:24:42.547715
2025-09-04,17841,2025090405015332,NIFRA,Trishakti Securities Public Limited,Online Securities Pvt. Ltd.,20,271.0,5420.0,2025-09-04T14:26:17.472674
2025-09-04,17715,2025090405015374,NIFRA,Trishakti Securities Public Limited,SUN SECURITIES PVT LTD,54,271.0,14634.0,2025-09-04T14:26:43.289463
2025-09-04,17684,2025090405015377,NIFRA,Trishakti Securities Public Limited,Premier Securities Company Ltd.,50,271.0,13550.0,2025-09-04T14:26:49.931556
2025-09-04,17650,2025090405015383,NIFRA,Trishakti Securities Public Limited,Linch Stock Market Ltd.,1000,271.0,271000.0,2025-09-04T14:27:01.028432
2025-09-04,17535,2025090405015391,NIFRA,Trishakti Securities Public Limited,Aryatara Investment & Securities,150,271.0,40650.0,2025-09-04T14:27:20.740707
2025-09-04,17347,2025090405015457,NIFRA,Cristal Kanchanjanga Securites Pvt. Ltd.,Dipshikha Dhitopatra Karobar Co. Pvt Ltd.,2,270.5,541.0,2025-09-04T14:28:03.347631
2025-09-04,17267,2025090405015481,NIFRA,Kumari Securities Private Limited,Aryatara Investment & Securities,100,271.2,27120.0,2025-09-04T14:28:20.287359
2025-09-04,17148,2025090405015507,NIFRA,Cristal Kanchanjanga Securites Pvt. Ltd.,Nepal Stock House (PVT) Ltd.,4,270.5,1082.0,2025-09-04T14:28:41.508912
2025-09-04,17133,2025090405015511,NIFRA,Primo Securities (PVT) Ltd.,Dipshikha Dhitopatra Karobar Co. Pvt Ltd.,54,271.1,14639.4,2025-09-04T14:28:43.639218
2025-09-04,17006,2025090405015530,NIFRA,Vision Securities Pvt. Ltd,Aryatara Investment & Securities,100,271.2,27120.0,2025-09-04T14:28:56.545886
2025-09-04,16967,2025090405015552,NIFRA,Primo Securities (PVT) Ltd.,Naasa Securities Co. Ltd.,446,271.1,120910.6,2025-09-04T14:29:04.56728
2025-09-04,16966,2025090405015553,NIFRA,Trishakti Securities Public Limited,Naasa Securities Co. Ltd.,451,271.0,122221.0,2025-09-04T14:29:04.568203
2025-09-04,16965,2025090405015554,NIFRA,Shree Krishna Securities Ltd.,Naasa Securities Co. Ltd.,3103,271.0,840913.0,2025-09-04T14:29:04.568838
2025-09-04,16609,2025090405015656,NIFRA,Kumari Securities Private Limited,Aryatara Investment & Securities,254,271.1,68859.4,2025-09-04T14:30:10.459335
2025-09-04,16020,2025090405015823,NIFRA,Shree Krishna Securities Ltd.,Citizens Share Broker Limited,61,271.0,16531.0,2025-09-04T14:31:52.543385
2025-09-04,15987,2025090405015835,NIFRA,Kohinoor Investment & Securities Pvt. Ltd.,Investment Management Nepal Pvt. Ltd.,300,271.3,81390.0,2025-09-04T14:31:57.858192
2025-09-04,15986,2025090405015836,NIFRA,Kohinoor Investment & Securities Pvt. Ltd.,Property Wiard Limited,700,271.4,189980.0,2025-09-04T14:31:57.859094
2025-09-04,15915,2025090405015855,NIFRA,Shree Krishna Securities Ltd.,Imperial Securities Company Pvt. Ltd.,64,271.0,17344.0,2025-09-04T14:32:16.939155
2025-09-04,15858,2025090405015879,NIFRA,Sundhara Securities Limited,Property Wiard Limited,200,271.4,54280.0,2025-09-04T14:32:28.338306
2025-09-04,15850,2025090405015881,NIFRA,Roadshow securities limited,Property Wiard Limited,150,271.4,40710.0,2025-09-04T14:32:29.753878
2025-09-04,15849,2025090405015882,NIFRA,Roadshow securities limited,Naasa Securities Co. Ltd.,14,271.5,3801.0,2025-09-04T14:32:29.753945
2025-09-04,15848,2025090405015883,NIFRA,Roadshow securities limited,Arun Securities (PVT) Ltd.,1000,271.9,271900.0,2025-09-04T14:32:29.753998
2025-09-04,15847,2025090405015884,NIFRA,Roadshow securities limited,Naasa Securities Co. Ltd.,54,272.0,14688.0,2025-09-04T14:32:29.75405
2025-09-04,15846,2025090405015885,NIFRA,Roadshow securities limited,Imperial Securities Company Pvt. Ltd.,43,272.0,11696.0,2025-09-04T14:32:29.754099
2025-09-04,15845,2025090405015886,NIFRA,Roadshow securities limited,Deevyaa Securities & Stock House Pvt. Ltd,54,272.0,14688.0,2025-09-04T14:32:29.754146
2025-09-04,15844,2025090405015887,NIFRA,Roadshow securities limited,Swarna Laxmi Securities Pvt. Ltd.,54,272.0,14688.0,2025-09-04T14:32:29.754203
2025-09-04,15843,2025090405015888,NIFRA,Roadshow securities limited,Neev Securities Pvt. Ltd.,64,272.0,17408.0,2025-09-04T14:32:29.754255
2025-09-04,15842,2025090405015889,NIFRA,Roadshow securities limited,Neev Securities Pvt. Ltd.,54,272.0,14688.0,2025-09-04T14:32:29.754382
2025-09-04,15841,2025090405015890,NIFRA,Roadshow securities limited,Siprabi Securities Pvt. Ltd.,64,272.0,17408.0,2025-09-04T14:32:29.754522
2025-09-04,15840,2025090405015891,NIFRA,Roadshow securities limited,Sundhara Securities Limited,500,272.0,136000.0,2025-09-04T14:32:29.754564
2025-09-04,15839,2025090405015892,NIFRA,Roadshow securities limited,Nepal Investment And Securities Trading Private Limited,17,272.0,4624.0,2025-09-04T14:32:29.754592
2025-09-04,15838,2025090405015893,NIFRA,Roadshow securities limited,Imperial Securities Company Pvt. Ltd.,10,272.0,2720.0,2025-09-04T14:32:29.754634
2025-09-04,15837,2025090405015894,NIFRA,Roadshow securities limited,Thrive Brokerage House Pvt. Ltd,54,272.0,14688.0,2025-09-04T14:32:29.754664
2025-09-04,15836,2025090405015895,NIFRA,Roadshow securities limited,Imperial Securities Company Pvt. Ltd.,200,272.0,54400.0,2025-09-04T14:32:29.754711
2025-09-04,15835,2025090405015896,NIFRA,Roadshow securities limited,Aryatara Investment & Securities,700,272.0,190400.0,2025-09-04T14:32:29.754764
2025-09-04,15834,2025090405015897,NIFRA,Roadshow securities limited,Sumeru Securities Pvt. Ltd.,70,272.0,19040.0,2025-09-04T14:32:29.754804
2025-09-04,15833,2025090405015898,NIFRA,Roadshow securities limited,Opal Securities Investment (PVT) Ltd.,54,272.1,14693.4,2025-09-04T14:32:29.754854
2025-09-04,15832,2025090405015899,NIFRA,Roadshow securities limited,Sweta Securities Private Limited,100,272.5,27250.0,2025-09-04T14:32:29.754896
2025-09-04,15831,2025090405015900,NIFRA,Roadshow securities limited,Sumeru Securities Pvt. Ltd.,1500,272.5,408750.0,2025-09-04T14:32:29.755007
2025-09-04,15830,2025090405015901,NIFRA,Roadshow securities limited,Dipshikha Dhitopatra Karobar Co. Pvt Ltd.,50,273.0,13650.0,2025-09-04T14:32:29.755049
2025-09-04,15829,2025090405015902,NIFRA,Roadshow securities limited,Naasa Securities Co. Ltd.,64,273.0,17472.0,2025-09-04T14:32:29.755073
2025-09-04,15828,2025090405015903,NIFRA,Roadshow securities limited,Linch Stock Market Ltd.,130,273.0,35490.0,2025-09-04T14:32:29.755096
2025-09-04,15655,2025090405015959,NIFRA,Naasa Securities Co. Ltd.,Naasa Securities Co. Ltd.,8,270.0,2160.0,2025-09-04T14:33:01.285796
2025-09-04,15388,2025090405016054,NIFRA,Vision Securities Pvt. Ltd,Linch Stock Market Ltd.,370,273.0,101010.0,2025-09-04T14:33:41.10319
2025-09-04,15387,2025090405016055,NIFRA,Vision Securities Pvt. Ltd,Nepal Investment And Securities Trading Private Limited,250,273.0,68250.0,2025-09-04T14:33:41.103298
2025-09-04,15386,2025090405016056,NIFRA,Vision Securities Pvt. Ltd,Dynamic Money Managers Securities Pvt. Ltd.,300,273.0,81900.0,2025-09-04T14:33:41.103415
2025-09-04,15385,2025090405016057,NIFRA,Vision Securities Pvt. Ltd,Online Securities Pvt. Ltd.,54,273.0,14742.0,2025-09-04T14:33:41.103504
2025-09-04,15384,2025090405016058,NIFRA,Vision Securities Pvt. Ltd,Premier Securities Company Ltd.,700,273.0,191100.0,2025-09-04T14:33:41.103578
2025-09-04,15383,2025090405016059,NIFRA,Vision Securities Pvt. Ltd,Investment Management Nepal Pvt. Ltd.,326,273.0,88998.0,2025-09-04T14:33:41.103664
2025-09-04,15350,2025090405016063,NIFRA,Sewa Securities Pvt. Ltd.,Investment Management Nepal Pvt. Ltd.,100,273.0,27300.0,2025-09-04T14:33:44.798947
2025-09-04,15040,2025090405016141,NIFRA,Vision Securities Pvt. Ltd,Secured Securities Ltd.,80,273.0,21840.0,2025-09-04T14:34:29.494051
2025-09-04,15039,2025090405016142,NIFRA,Vision Securities Pvt. Ltd,Naasa Securities Co. Ltd.,54,273.0,14742.0,2025-09-04T14:34:29.494499
2025-09-04,15038,2025090405016143,NIFRA,Vision Securities Pvt. Ltd,J.F. Securites (PVT) Ltd.,494,273.0,134862.0,2025-09-04T14:34:29.494732
2025-09-04,14974,2025090405016167,NIFRA,Aryatara Investment & Securities,Capital Max Securities Ltd,25,272.0,6800.0,2025-09-04T14:34:46.69734
2025-09-04,14973,2025090405016168,NIFRA,Primo Securities (PVT) Ltd.,Capital Max Securities Ltd,90,271.1,24399.0,2025-09-04T14:34:46.697385
2025-09-04,14972,2025090405016169,NIFRA,Kumari Securities Private Limited,Capital Max Securities Ltd,500,271.1,135550.0,2025-09-04T14:34:46.697415
2025-09-04,14971,2025090405016170,NIFRA,Shree Krishna Securities Ltd.,Capital Max Securities Ltd,385,271.0,104335.0,2025-09-04T14:34:46.697441
2025-09-04,14904,2025090405016184,NIFRA,Cristal Kanchanjanga Securites Pvt. Ltd.,Swarna Laxmi Securities Pvt. Ltd.,2,270.5,541.0,2025-09-04T14:35:00.329436
2025-09-04,14734,2025090405016229,NIFRA,Cristal Kanchanjanga Securites Pvt. Ltd.,Cristal Kanchanjanga Securites Pvt. Ltd.,4,270.5,1082.0,2025-09-04T14:35:23.779452
2025-09-04,14069,2025090405016451,NIFRA,Naasa Securities Co. Ltd.,Aryatara Investment & Securities,4,270.5,1082.0,2025-09-04T14:36:53.922628
2025-09-04,14068,2025090405016452,NIFRA,Imperial Securities Company Pvt. Ltd.,Online Securities Pvt. Ltd.,10,272.9,2729.0,2025-09-04T14:36:54.055023
2025-09-04,14032,2025090405016465,NIFRA,Naasa Securities Co. Ltd.,Swarna Laxmi Securities Pvt. Ltd.,1,270.6,270.6,2025-09-04T14:36:58.976437
2025-09-04,13390,2025090405016647,NIFRA,Primo Securities (PVT) Ltd.,Dipshikha Dhitopatra Karobar Co. Pvt Ltd.,10,271.1,2711.0,2025-09-04T14:38:30.314699
2025-09-04,13330,2025090405016667,NIFRA,Primo Securities (PVT) Ltd.,Trisul Securities & Invt. Ltd.,54,271.1,14639.4,2025-09-04T14:38:38.861442
2025-09-04,13182,2025090405016703,NIFRA,Dynamic Money Managers Securities Pvt. Ltd.,Online Securities Pvt. Ltd.,20,272.9,5458.0,2025-09-04T14:39:09.159977
2025-09-04,13181,2025090405016704,NIFRA,Dynamic Money Managers Securities Pvt. Ltd.,Oxford Securities Pvt. Ltd.,70,272.9,19103.0,2025-09-04T14:39:09.16043
2025-09-04,12853,2025090405016771,NIFRA,Thrive Brokerage House Pvt. Ltd,Aryatara Investment & Securities,100,272.5,27250.0,2025-09-04T14:39:47.468649
2025-09-04,12852,2025090405016772,NIFRA,Thrive Brokerage House Pvt. Ltd,Oxford Securities Pvt. Ltd.,38,272.9,10370.2,2025-09-04T14:39:47.469703
2025-09-04,12851,2025090405016773,NIFRA,Thrive Brokerage House Pvt. Ltd,J.F. Securites (PVT) Ltd.,862,273.0,235326.0,2025-09-04T14:39:47.4706
2025-09-04,12703,2025090405016826,NIFRA,Sumeru Securities Pvt. Ltd.,Naasa Securities Co. Ltd.,18,272.0,4896.0,2025-09-04T14:40:13.088176
2025-09-04,12659,2025090405016843,NIFRA,Kumari Securities Private Limited,J.F. Securites (PVT) Ltd.,50,273.0,13650.0,2025-09-04T14:40:22.160539
2025-09-04,12563,2025090405016874,NIFRA,Cristal Kanchanjanga Securites Pvt. Ltd.,Cristal Kanchanjanga Securites Pvt. Ltd.,4,270.5,1082.0,2025-09-04T14:40:35.351969
2025-09-04,12212,2025090405016981,NIFRA,Sewa Securities Pvt. Ltd.,J.F. Securites (PVT) Ltd.,94,273.0,25662.0,2025-09-04T14:41:34.382243
2025-09-04,11648,2025090405017125,NIFRA,Cristal Kanchanjanga Securites Pvt. Ltd.,Naasa Securities Co. Ltd.,8,270.6,2164.8,2025-09-04T14:42:52.974819
2025-09-04,11550,2025090405017147,NIFRA,Sewa Securities Pvt. Ltd.,Asian Securities Private Ltd.,200,272.1,54420.0,2025-09-04T14:43:05.646924
2025-09-04,11439,2025090405017187,NIFRA,Kumari Securities Private Limited,Naasa Securities Co. Ltd.,54,273.0,14742.0,2025-09-04T14:43:27.233267
2025-09-04,11438,2025090405017188,NIFRA,Kumari Securities Private Limited,Oxford Securities Pvt. Ltd.,288,273.0,78624.0,2025-09-04T14:43:27.234239
2025-09-04,11437,2025090405017189,NIFRA,Kumari Securities Private Limited,Naasa Securities Co. Ltd.,14,273.0,3822.0,2025-09-04T14:43:27.234993
2025-09-04,11436,2025090405017190,NIFRA,Kumari Securities Private Limited,Midas Stock Broking Company Private Limited,54,273.0,14742.0,2025-09-04T14:43:27.235701
2025-09-04,11435,2025090405017191,NIFRA,Kumari Securities Private Limited,Oxford Securities Pvt. Ltd.,790,273.0,215670.0,2025-09-04T14:43:27.236384
2025-09-04,11287,2025090405017229,NIFRA,Sewa Securities Pvt. Ltd.,Pragyan Securities (PVT) Ltd.,64,272.0,17408.0,2025-09-04T14:43:51.70077
2025-09-04,10999,2025090405017325,NIFRA,Sewa Securities Pvt. Ltd.,Opal Securities Investment (PVT) Ltd.,64,272.0,17408.0,2025-09-04T14:44:31.809052
2025-09-04,10981,2025090405017330,NIFRA,Sewa Securities Pvt. Ltd.,Kohinoor Investment & Securities Pvt. Ltd.,10,272.0,2720.0,2025-09-04T14:44:37.938221
2025-09-04,9095,2025090405017897,NIFRA,Naasa Securities Co. Ltd.,Dipshikha Dhitopatra Karobar Co. Pvt Ltd.,21,272.9,5730.9,2025-09-04T14:48:35.60711
2025-09-04,9094,2025090405017898,NIFRA,Naasa Securities Co. Ltd.,Oxford Securities Pvt. Ltd.,298,273.0,81354.0,2025-09-04T14:48:35.607681
2025-09-04,9093,2025090405017899,NIFRA,Naasa Securities Co. Ltd.,Online Securities Pvt. Ltd.,200,273.0,54600.0,2025-09-04T14:48:35.608008
2025-09-04,9092,2025090405017900,NIFRA,Naasa Securities Co. Ltd.,Imperial Securities Company Pvt. Ltd.,100,273.0,27300.0,2025-09-04T14:48:35.608297
2025-09-04,9091,2025090405017901,NIFRA,Naasa Securities Co. Ltd.,Oxford Securities Pvt. Ltd.,381,273.0,104013.0,2025-09-04T14:48:35.608596
2025-09-04,9087,2025090405017902,NIFRA,Naasa Securities Co. Ltd.,Trishakti Securities Public Limited,4,271.0,1084.0,2025-09-04T14:48:36.224926
2025-09-04,9068,2025090405017910,NIFRA,Sani Securities Company Ltd.,Sri Hari Securities Pvt. Ltd.,54,272.5,14715.0,2025-09-04T14:48:38.830195
2025-09-04,8924,2025090405017948,NIFRA,Sani Securities Company Ltd.,Opal Securities Investment (PVT) Ltd.,54,272.5,14715.0,2025-09-04T14:48:59.101682
2025-09-04,8839,2025090405017979,NIFRA,Sani Securities Company Ltd.,J.F. Securites (PVT) Ltd.,54,272.5,14715.0,2025-09-04T14:49:09.132552
2025-09-04,8597,2025090405018078,NIFRA,Sani Securities Company Ltd.,Trisul Securities & Invt. Ltd.,64,272.5,17440.0,2025-09-04T14:49:34.952043
2025-09-04,8414,2025090405018131,NIFRA,Sani Securities Company Ltd.,South Asian Bulls Pvt. Ltd.,64,272.5,17440.0,2025-09-04T14:49:51.900396
2025-09-04,8392,2025090405018146,NIFRA,Naasa Securities Co. Ltd.,Primo Securities (PVT) Ltd.,8,271.0,2168.0,2025-09-04T14:49:54.190829
2025-09-04,8156,2025090405018228,NIFRA,Sani Securities Company Ltd.,Midas Stock Broking Company Private Limited,90,272.5,24525.0,2025-09-04T14:50:19.273332
2025-09-04,8151,2025090405018233,NIFRA,Sani Securities Company Ltd.,Sundhara Securities Limited,54,272.5,14715.0,2025-09-04T14:50:20.285662
2025-09-04,7988,2025090405018293,NIFRA,Sani Securities Company Ltd.,Dipshikha Dhitopatra Karobar Co. Pvt Ltd.,66,272.5,17985.0,2025-09-04T14:50:36.091947
2025-09-04,7822,2025090405018342,NIFRA,Sani Securities Company Ltd.,Dipshikha Dhitopatra Karobar Co. Pvt Ltd.,100,272.5,27250.0,2025-09-04T14:51:00.081996
2025-09-04,7812,2025090405018344,NIFRA,Creative Securities Pvt Ltd,Dipshikha Dhitopatra Karobar Co. Pvt Ltd.,104,272.5,28340.0,2025-09-04T14:51:02.935768
2025-09-04,7506,2025090405018413,NIFRA,Dakshinkali Investment & Securities Pvt. Ltd.,South Asian Bulls Pvt. Ltd.,50,272.9,13645.0,2025-09-04T14:51:45.669389
2025-09-04,7034,2025090405018524,NIFRA,Dakshinkali Investment & Securities Pvt. Ltd.,Asian Securities Private Ltd.,50,272.9,13645.0,2025-09-04T14:52:30.072935
2025-09-04,7027,2025090405018527,NIFRA,Aryatara Investment & Securities,Oxford Securities Pvt. Ltd.,119,273.0,32487.0,2025-09-04T14:52:31.574968
2025-09-04,7026,2025090405018528,NIFRA,Aryatara Investment & Securities,Sani Securities Company Ltd.,40,273.0,10920.0,2025-09-04T14:52:31.575414
2025-09-04,7025,2025090405018529,NIFRA,Aryatara Investment & Securities,Vision Securities Pvt. Ltd,54,273.0,14742.0,2025-09-04T14:52:31.575622
2025-09-04,7024,2025090405018530,NIFRA,Aryatara Investment & Securities,J.F. Securites (PVT) Ltd.,200,273.0,54600.0,2025-09-04T14:52:31.57583
2025-09-04,6645,2025090405018703,NIFRA,Imperial Securities Company Pvt. Ltd.,Linch Stock Market Ltd.,54,273.0,14742.0,2025-09-04T14:53:10.832665
2025-09-04,6612,2025090405018709,NIFRA,Aryatara Investment & Securities,Dynamic Money Managers Securities Pvt. Ltd.,10,273.3,2733.0,2025-09-04T14:53:16.054135
2025-09-04,6333,2025090405018794,NIFRA,Sundhara Securities Limited,Ashutosh Brokerage & Securities (PVT) Ltd.,54,273.1,14747.4,2025-09-04T14:53:44.326053
2025-09-04,6322,2025090405018798,NIFRA,Aryatara Investment & Securities,Naasa Securities Co. Ltd.,23,273.5,6290.5,2025-09-04T14:53:45.384356
2025-09-04,6321,2025090405018799,NIFRA,Aryatara Investment & Securities,Naasa Securities Co. Ltd.,50,273.5,13675.0,2025-09-04T14:53:45.384791
2025-09-04,6240,2025090405018818,NIFRA,Sundhara Securities Limited,ABC Securities Private Limited,19,273.1,5188.9,2025-09-04T14:53:54.608995
2025-09-04,6239,2025090405018819,NIFRA,Imperial Securities Company Pvt. Ltd.,ABC Securities Private Limited,26,273.0,7098.0,2025-09-04T14:53:54.609552
2025-09-04,6238,2025090405018820,NIFRA,Arun Securities (PVT) Ltd.,ABC Securities Private Limited,55,273.0,15015.0,2025-09-04T14:53:54.60979
2025-09-04,6109,2025090405018847,NIFRA,Arun Securities (PVT) Ltd.,Online Securities Pvt. Ltd.,45,273.0,12285.0,2025-09-04T14:54:07.174474
2025-09-04,6108,2025090405018848,NIFRA,Naasa Securities Co. Ltd.,Online Securities Pvt. Ltd.,19,273.0,5187.0,2025-09-04T14:54:07.174936
2025-09-04,5794,2025090405018952,NIFRA,Naasa Securities Co. Ltd.,J.F. Securites (PVT) Ltd.,40,273.5,10940.0,2025-09-04T14:54:33.256042
2025-09-04,5793,2025090405018953,NIFRA,Naasa Securities Co. Ltd.,J.F. Securites (PVT) Ltd.,21,273.0,5733.0,2025-09-04T14:54:33.256092
2025-09-04,5441,2025090405019041,NIFRA,Sani Securities Company Ltd.,Asian Securities Private Ltd.,50,273.0,13650.0,2025-09-04T14:55:03.097349
2025-09-04,5438,2025090405019043,NIFRA,Aryatara Investment & Securities,Naasa Securities Co. Ltd.,145,273.5,39657.5,2025-09-04T14:55:03.306502
2025-09-04,5154,2025090405019126,NIFRA,Aryatara Investment & Securities,Kohinoor Investment & Securities Pvt. Ltd.,80,273.9,21912.0,2025-09-04T14:55:29.704469
2025-09-04,5153,2025090405019127,NIFRA,Aryatara Investment & Securities,J.F. Securites (PVT) Ltd.,100,273.9,27390.0,2025-09-04T14:55:29.704928
2025-09-04,4336,2025090405019298,NIFRA,Vision Securities Pvt. Ltd,Hatemalo Financial Services Private Limited,54,273.0,14742.0,2025-09-04T14:56:25.17548
2025-09-04,4128,2025090405019351,NIFRA,Premier Securities Company Ltd.,Naasa Securities Co. Ltd.,48,273.9,13147.2,2025-09-04T14:56:39.912877
2025-09-04,4127,2025090405019352,NIFRA,Premier Securities Company Ltd.,Imperial Securities Company Pvt. Ltd.,134,274.0,36716.0,2025-09-04T14:56:39.913397
2025-09-04,4126,2025090405019353,NIFRA,Premier Securities Company Ltd.,Aakashbhairab Securities Ltd.,54,274.0,14796.0,2025-09-04T14:56:39.913742
2025-09-04,4125,2025090405019354,NIFRA,Premier Securities Company Ltd.,Naasa Securities Co. Ltd.,54,274.0,14796.0,2025-09-04T14:56:39.914001
2025-09-04,4124,2025090405019355,NIFRA,Premier Securities Company Ltd.,Sweta Securities Private Limited,104,274.0,28496.0,2025-09-04T14:56:39.914222
2025-09-04,4123,2025090405019356,NIFRA,Premier Securities Company Ltd.,ABC Securities Private Limited,200,274.0,54800.0,2025-09-04T14:56:39.914457
2025-09-04,4122,2025090405019357,NIFRA,Premier Securities Company Ltd.,Primo Securities (PVT) Ltd.,30,274.0,8220.0,2025-09-04T14:56:39.914758
2025-09-04,4121,2025090405019358,NIFRA,Premier Securities Company Ltd.,Trishakti Securities Public Limited,876,274.0,240024.0,2025-09-04T14:56:39.915053
2025-09-04,3387,2025090405019592,NIFRA,Aryatara Investment & Securities,Trishakti Securities Public Limited,124,274.0,33976.0,2025-09-04T14:57:27.345926
2025-09-04,3131,2025090405019667,NIFRA,Primo Securities (PVT) Ltd.,Naasa Securities Co. Ltd.,35,274.4,9604.0,2025-09-04T14:57:45.014299
2025-09-04,3130,2025090405019668,NIFRA,Primo Securities (PVT) Ltd.,Aryatara Investment & Securities,100,274.4,27440.0,2025-09-04T14:57:45.014737
2025-09-04,2990,2025090405019703,NIFRA,Primo Securities (PVT) Ltd.,Online Securities Pvt. Ltd.,101,274.4,27714.4,2025-09-04T14:57:54.695764
2025-09-04,2969,2025090405019705,NIFRA,Aryatara Investment & Securities,Online Securities Pvt. Ltd.,99,274.4,27165.6,2025-09-04T14:57:56.786309
2025-09-04,2918,2025090405019732,NIFRA,Aryatara Investment & Securities,Kalika Securities Pvt. Ltd.,101,274.4,27714.4,2025-09-04T14:57:59.516724
2025-09-04,2917,2025090405019733,NIFRA,Aryatara Investment & Securities,Kalika Securities Pvt. Ltd.,752,274.0,206048.0,2025-09-04T14:57:59.517205
2025-09-04,2916,2025090405019734,NIFRA,Trisul Securities & Invt. Ltd.,Kalika Securities Pvt. Ltd.,147,274.0,40278.0,2025-09-04T14:57:59.517435
2025-09-04,2880,2025090405019741,NIFRA,Trisul Securities & Invt. Ltd.,Sumeru Securities Pvt. Ltd.,203,274.0,55622.0,2025-09-04T14:58:00.614712
2025-09-04,2879,2025090405019742,NIFRA,Aryatara Investment & Securities,Sumeru Securities Pvt. Ltd.,124,273.9,33963.6,2025-09-04T14:58:00.614789
2025-09-04,2878,2025090405019743,NIFRA,Linch Stock Market Ltd.,Sumeru Securities Pvt. Ltd.,75,273.1,20482.5,2025-09-04T14:58:00.614852
2025-09-04,2830,2025090405019757,NIFRA,Naasa Securities Co. Ltd.,J.F. Securites (PVT) Ltd.,10,274.8,2748.0,2025-09-04T14:58:04.93574
2025-09-04,2680,2025090405019797,NIFRA,Kohinoor Investment & Securities Pvt. Ltd.,J.F. Securites (PVT) Ltd.,190,274.8,52212.0,2025-09-04T14:58:14.380463
2025-09-04,2644,2025090405019813,NIFRA,Kohinoor Investment & Securities Pvt. Ltd.,Naasa Securities Co. Ltd.,592,274.8,162681.6,2025-09-04T14:58:17.571432
2025-09-04,2402,2025090405019886,NIFRA,Imperial Securities Company Pvt. Ltd.,Cristal Kanchanjanga Securites Pvt. Ltd.,50,274.9,13745.0,2025-09-04T14:58:31.106269
2025-09-04,2360,2025090405019918,NIFRA,Nepal Investment And Securities Trading Private Limited,Cristal Kanchanjanga Securites Pvt. Ltd.,50,274.9,13745.0,2025-09-04T14:58:32.28092
2025-09-04,2357,2025090405019921,NIFRA,Kohinoor Investment & Securities Pvt. Ltd.,Asian Securities Private Ltd.,201,274.8,55234.8,2025-09-04T14:58:32.621935
2025-09-04,2274,2025090405019941,NIFRA,Kohinoor Investment & Securities Pvt. Ltd.,Online Securities Pvt. Ltd.,17,274.8,4671.6,2025-09-04T14:58:37.354109
2025-09-04,2202,2025090405019974,NIFRA,Aryatara Investment & Securities,Online Securities Pvt. Ltd.,50,274.8,13740.0,2025-09-04T14:58:41.472162
2025-09-04,2059,2025090405020010,NIFRA,Nepal Investment And Securities Trading Private Limited,Online Securities Pvt. Ltd.,33,274.8,9068.4,2025-09-04T14:58:48.44445
2025-09-04,2058,2025090405020011,NIFRA,Nepal Investment And Securities Trading Private Limited,Oxford Securities Pvt. Ltd.,467,274.8,128331.6,2025-09-04T14:58:48.444891
2025-09-04,1880,2025090405020052,NIFRA,Sewa Securities Pvt. Ltd.,ABC Securities Private Limited,62,274.0,16988.0,2025-09-04T14:58:57.607555
2025-09-04,848,2025090405020360,NIFRA,Linch Stock Market Ltd.,Sani Securities Company Ltd.,54,273.1,14747.4,2025-09-04T14:59:31.787019
2025-09-04,645,2025090405020428,NIFRA,Linch Stock Market Ltd.,Sundhara Securities Limited,64,273.1,17478.4,2025-09-04T14:59:39.368617
