Date,S.N.,contract_id,symbol,buyer_broker,seller_broker,volume,price,amount,transaction_time
2025-09-04,68938,2025090404000039,PMHPL,Sundhara Securities Limited,Imperial Securities Company Pvt. Ltd.,50,377.0,18850.0,2025-09-04T11:00:33.121213
2025-09-04,68937,2025090404000040,PMHPL,KALASH STOCK MARKET PVT. LTD.,Imperial Securities Company Pvt. Ltd.,205,377.0,77285.0,2025-09-04T11:00:33.121282
2025-09-04,68936,2025090404000041,PMHPL,South Asian Bulls Pvt. Ltd.,Imperial Securities Company Pvt. Ltd.,250,377.0,94250.0,2025-09-04T11:00:33.121307
2025-09-04,68935,2025090404000042,PMHPL,ABC Securities Private Limited,Imperial Securities Company Pvt. Ltd.,195,377.0,73515.0,2025-09-04T11:00:33.121339
2025-09-04,68881,2025090404000062,PMHPL,ABC Securities Private Limited,Vision Securities Pvt. Ltd,55,377.0,20735.0,2025-09-04T11:01:11.534941
2025-09-04,68854,2025090404000066,PMHPL,Miyo Securities Pvt Ltd,Sani Securities Company Ltd.,923,377.0,347971.0,2025-09-04T11:01:26.807943
2025-09-04,68848,2025090404000071,PMHPL,Miyo Securities Pvt Ltd,Imperial Securities Company Pvt. Ltd.,77,377.0,29029.0,2025-09-04T11:01:30.766806
2025-09-04,68824,2025090404000078,PMHPL,Aryatara Investment & Securities,Imperial Securities Company Pvt. Ltd.,100,376.9,37690.0,2025-09-04T11:01:40.821131
2025-09-04,68823,2025090404000079,PMHPL,Vision Securities Pvt. Ltd,Imperial Securities Company Pvt. Ltd.,123,376.9,46358.7,2025-09-04T11:01:40.821194
2025-09-04,68477,2025090404000187,PMHPL,Imperial Securities Company Pvt. Ltd.,Sani Securities Company Ltd.,390,377.7,147303.0,2025-09-04T11:03:55.718071
2025-09-04,68476,2025090404000188,PMHPL,J.F. Securites (PVT) Ltd.,Sani Securities Company Ltd.,100,377.6,37760.0,2025-09-04T11:03:55.718116
2025-09-04,68475,2025090404000189,PMHPL,Vision Securities Pvt. Ltd,Sani Securities Company Ltd.,377,377.5,142317.5,2025-09-04T11:03:55.71814
2025-09-04,68474,2025090404000190,PMHPL,Nepal Stock House (PVT) Ltd.,Sani Securities Company Ltd.,100,377.2,37720.0,2025-09-04T11:03:55.718166
2025-09-04,68473,2025090404000191,PMHPL,Sani Securities Company Ltd.,Sani Securities Company Ltd.,33,377.1,12444.3,2025-09-04T11:03:55.718189
2025-09-04,68367,2025090404000230,PMHPL,Vision Securities Pvt. Ltd,Elite Stock House Limited,10,378.0,3780.0,2025-09-04T11:04:18.932925
2025-09-04,68366,2025090404000231,PMHPL,Sani Securities Company Ltd.,Elite Stock House Limited,467,377.1,176105.7,2025-09-04T11:04:18.933037
2025-09-04,68365,2025090404000232,PMHPL,Blue Chip Securities Ltd,Elite Stock House Limited,23,377.1,8673.3,2025-09-04T11:04:18.93312
2025-09-04,68252,2025090404000267,PMHPL,Online Securities Pvt. Ltd.,Sani Securities Company Ltd.,100,378.0,37800.0,2025-09-04T11:05:06.279593
2025-09-04,68251,2025090404000268,PMHPL,Aryatara Investment & Securities,Sani Securities Company Ltd.,300,378.0,113400.0,2025-09-04T11:05:06.279705
2025-09-04,68049,2025090404000341,PMHPL,Naasa Securities Co. Ltd.,Sani Securities Company Ltd.,20,381.9,7638.0,2025-09-04T11:06:06.075664
2025-09-04,68025,2025090404000352,PMHPL,Arun Securities (PVT) Ltd.,Sani Securities Company Ltd.,130,380.0,49400.0,2025-09-04T11:06:12.030862
2025-09-04,67993,2025090404000358,PMHPL,Online Securities Pvt. Ltd.,Sani Securities Company Ltd.,50,380.0,19000.0,2025-09-04T11:06:26.32135
2025-09-04,67932,2025090404000374,PMHPL,Nepal Stock House (PVT) Ltd.,Sani Securities Company Ltd.,500,380.0,190000.0,2025-09-04T11:06:46.043761
2025-09-04,67897,2025090404000380,PMHPL,Sweta Securities Private Limited,Sani Securities Company Ltd.,25,380.0,9500.0,2025-09-04T11:06:57.680894
2025-09-04,67726,2025090404000392,PMHPL,Thrive Brokerage House Pvt. Ltd,Sani Securities Company Ltd.,250,380.0,95000.0,2025-09-04T11:07:08.784619
2025-09-04,67703,2025090404000396,PMHPL,Bhrikuti Stock Broking Co. Pvt. Ltd.,Miyo Securities Pvt Ltd,100,378.1,37810.0,2025-09-04T11:07:18.893582
2025-09-04,67702,2025090404000397,PMHPL,Aryatara Investment & Securities,Miyo Securities Pvt Ltd,220,378.0,83160.0,2025-09-04T11:07:18.893663
2025-09-04,67660,2025090404000402,PMHPL,Aryatara Investment & Securities,Asian Securities Private Ltd.,300,378.0,113400.0,2025-09-04T11:07:29.902275
2025-09-04,67600,2025090404000418,PMHPL,Aryatara Investment & Securities,Shree Krishna Securities Ltd.,157,378.0,59346.0,2025-09-04T11:07:52.233798
2025-09-04,67599,2025090404000419,PMHPL,Nepal Stock House (PVT) Ltd.,Shree Krishna Securities Ltd.,200,378.0,75600.0,2025-09-04T11:07:52.233884
2025-09-04,67598,2025090404000420,PMHPL,Naasa Securities Co. Ltd.,Shree Krishna Securities Ltd.,500,378.0,189000.0,2025-09-04T11:07:52.233915
2025-09-04,67597,2025090404000421,PMHPL,Sri Hari Securities Pvt. Ltd.,Shree Krishna Securities Ltd.,480,378.0,181440.0,2025-09-04T11:07:52.233941
2025-09-04,67581,2025090404000423,PMHPL,Nepal Stock House (PVT) Ltd.,Shree Krishna Securities Ltd.,25,378.0,9450.0,2025-09-04T11:07:57.596771
2025-09-04,67537,2025090404000438,PMHPL,KALASH STOCK MARKET PVT. LTD.,Shree Krishna Securities Ltd.,300,378.0,113400.0,2025-09-04T11:08:11.685081
2025-09-04,67534,2025090404000439,PMHPL,Blue Chip Securities Ltd,Sani Securities Company Ltd.,45,377.1,16969.5,2025-09-04T11:08:12.938036
2025-09-04,67355,2025090404000482,PMHPL,Sumeru Securities Pvt. Ltd.,Sani Securities Company Ltd.,1000,377.3,377300.0,2025-09-04T11:09:10.813101
2025-09-04,67067,2025090404000545,PMHPL,Online Securities Pvt. Ltd.,Online Securities Pvt. Ltd.,50,377.5,18875.0,2025-09-04T11:10:33.59046
2025-09-04,67066,2025090404000546,PMHPL,Sumeru Securities Pvt. Ltd.,Online Securities Pvt. Ltd.,150,377.3,56595.0,2025-09-04T11:10:33.590563
2025-09-04,67055,2025090404000550,PMHPL,Sumeru Securities Pvt. Ltd.,Sani Securities Company Ltd.,350,377.3,132055.0,2025-09-04T11:10:38.837976
2025-09-04,67054,2025090404000551,PMHPL,Naasa Securities Co. Ltd.,Sani Securities Company Ltd.,120,377.2,45264.0,2025-09-04T11:10:38.838055
2025-09-04,67053,2025090404000552,PMHPL,Blue Chip Securities Ltd,Sani Securities Company Ltd.,130,377.1,49023.0,2025-09-04T11:10:38.8381
2025-09-04,66985,2025090404000568,PMHPL,Naasa Securities Co. Ltd.,Shree Krishna Securities Ltd.,80,378.0,30240.0,2025-09-04T11:10:54.454008
2025-09-04,66944,2025090404000584,PMHPL,Thrive Brokerage House Pvt. Ltd,Sani Securities Company Ltd.,100,377.5,37750.0,2025-09-04T11:11:01.530204
2025-09-04,66943,2025090404000585,PMHPL,Ashutosh Brokerage & Securities (PVT) Ltd.,Sani Securities Company Ltd.,30,377.3,11319.0,2025-09-04T11:11:01.530331
2025-09-04,66942,2025090404000586,PMHPL,Blue Chip Securities Ltd,Sani Securities Company Ltd.,160,377.1,60336.0,2025-09-04T11:11:01.530388
2025-09-04,66904,2025090404000607,PMHPL,Blue Chip Securities Ltd,Shree Krishna Securities Ltd.,142,377.1,53548.2,2025-09-04T11:11:10.156634
2025-09-04,66903,2025090404000608,PMHPL,Malla & Malla Stock Broking Company Pvt. Limited,Shree Krishna Securities Ltd.,50,376.0,18800.0,2025-09-04T11:11:10.156724
2025-09-04,66902,2025090404000609,PMHPL,ABC Securities Private Limited,Shree Krishna Securities Ltd.,500,375.1,187550.0,2025-09-04T11:11:10.156781
2025-09-04,66901,2025090404000610,PMHPL,ABC Securities Private Limited,Shree Krishna Securities Ltd.,200,375.1,75020.0,2025-09-04T11:11:10.15684
2025-09-04,66900,2025090404000611,PMHPL,Imperial Securities Company Pvt. Ltd.,Shree Krishna Securities Ltd.,250,375.0,93750.0,2025-09-04T11:11:10.156869
2025-09-04,66899,2025090404000612,PMHPL,Naasa Securities Co. Ltd.,Shree Krishna Securities Ltd.,20,375.0,7500.0,2025-09-04T11:11:10.156905
2025-09-04,66898,2025090404000613,PMHPL,Agrawal Securities (PVT) Ltd.,Shree Krishna Securities Ltd.,100,375.0,37500.0,2025-09-04T11:11:10.156933
2025-09-04,66897,2025090404000614,PMHPL,Investment Management Nepal Pvt. Ltd.,Shree Krishna Securities Ltd.,200,374.2,74840.0,2025-09-04T11:11:10.156963
2025-09-04,66896,2025090404000615,PMHPL,Siprabi Securities Pvt. Ltd.,Shree Krishna Securities Ltd.,70,374.1,26187.0,2025-09-04T11:11:10.156994
2025-09-04,66895,2025090404000616,PMHPL,Siprabi Securities Pvt. Ltd.,Shree Krishna Securities Ltd.,300,374.0,112200.0,2025-09-04T11:11:10.157036
2025-09-04,66894,2025090404000617,PMHPL,Imperial Securities Company Pvt. Ltd.,Shree Krishna Securities Ltd.,100,374.0,37400.0,2025-09-04T11:11:10.157064
2025-09-04,66893,2025090404000618,PMHPL,South Asian Bulls Pvt. Ltd.,Shree Krishna Securities Ltd.,70,372.5,26075.0,2025-09-04T11:11:10.157104
2025-09-04,66892,2025090404000619,PMHPL,Miyo Securities Pvt Ltd,Shree Krishna Securities Ltd.,851,372.0,316572.0,2025-09-04T11:11:10.157129
2025-09-04,66544,2025090404000732,PMHPL,Sumeru Securities Pvt. Ltd.,Shree Krishna Securities Ltd.,103,373.0,38419.0,2025-09-04T11:12:17.780254
2025-09-04,66083,2025090404000839,PMHPL,Naasa Securities Co. Ltd.,Blue Chip Securities Ltd,500,379.0,189500.0,2025-09-04T11:14:00.245816
2025-09-04,65834,2025090404000903,PMHPL,Naasa Securities Co. Ltd.,Blue Chip Securities Ltd,1000,376.0,376000.0,2025-09-04T11:14:45.963782
2025-09-04,65744,2025090404000920,PMHPL,Online Securities Pvt. Ltd.,Miyo Securities Pvt Ltd,100,374.5,37450.0,2025-09-04T11:15:12.346836
2025-09-04,65743,2025090404000921,PMHPL,Himalayan Brokerage Company Limited,Miyo Securities Pvt Ltd,1000,374.4,374400.0,2025-09-04T11:15:12.346938
2025-09-04,65742,2025090404000922,PMHPL,Vision Securities Pvt. Ltd,Miyo Securities Pvt Ltd,200,374.3,74860.0,2025-09-04T11:15:12.347008
2025-09-04,65741,2025090404000923,PMHPL,Thrive Brokerage House Pvt. Ltd,Miyo Securities Pvt Ltd,100,374.2,37420.0,2025-09-04T11:15:12.34707
2025-09-04,65740,2025090404000924,PMHPL,Sumeru Securities Pvt. Ltd.,Miyo Securities Pvt Ltd,1397,373.0,521081.0,2025-09-04T11:15:12.347135
2025-09-04,65739,2025090404000925,PMHPL,Thrive Brokerage House Pvt. Ltd,Miyo Securities Pvt Ltd,50,373.0,18650.0,2025-09-04T11:15:12.347199
2025-09-04,65738,2025090404000926,PMHPL,Premier Securities Company Ltd.,Miyo Securities Pvt Ltd,200,373.0,74600.0,2025-09-04T11:15:12.347261
2025-09-04,65737,2025090404000927,PMHPL,Kohinoor Investment & Securities Pvt. Ltd.,Miyo Securities Pvt Ltd,1999,373.0,745627.0,2025-09-04T11:15:12.347341
2025-09-04,65506,2025090404000983,PMHPL,Sundhara Securities Limited,Blue Chip Securities Ltd,100,374.6,37460.0,2025-09-04T11:16:08.58733
2025-09-04,65505,2025090404000984,PMHPL,Himalayan Brokerage Company Limited,Blue Chip Securities Ltd,500,374.1,187050.0,2025-09-04T11:16:08.587398
2025-09-04,65504,2025090404000985,PMHPL,Naasa Securities Co. Ltd.,Blue Chip Securities Ltd,900,374.0,336600.0,2025-09-04T11:16:08.587423
2025-09-04,65298,2025090404001041,PMHPL,Nagarik Stock Dealer ,Blue Chip Securities Ltd,1000,375.0,375000.0,2025-09-04T11:16:54.489727
2025-09-04,65229,2025090404001068,PMHPL,Naasa Securities Co. Ltd.,Imperial Securities Company Pvt. Ltd.,34,374.0,12716.0,2025-09-04T11:17:09.522024
2025-09-04,64911,2025090404001113,PMHPL,Naasa Securities Co. Ltd.,Nepal Stock House (PVT) Ltd.,50,374.0,18700.0,2025-09-04T11:18:18.13517
2025-09-04,64866,2025090404001116,PMHPL,Vision Securities Pvt. Ltd,Miyo Securities Pvt Ltd,10,374.1,3741.0,2025-09-04T11:18:25.690711
2025-09-04,64865,2025090404001117,PMHPL,Naasa Securities Co. Ltd.,Miyo Securities Pvt Ltd,566,374.0,211684.0,2025-09-04T11:18:25.690808
2025-09-04,64864,2025090404001118,PMHPL,Naasa Securities Co. Ltd.,Miyo Securities Pvt Ltd,135,373.6,50436.0,2025-09-04T11:18:25.690922
2025-09-04,64863,2025090404001119,PMHPL,Online Securities Pvt. Ltd.,Miyo Securities Pvt Ltd,50,373.5,18675.0,2025-09-04T11:18:25.690998
2025-09-04,64862,2025090404001120,PMHPL,Imperial Securities Company Pvt. Ltd.,Miyo Securities Pvt Ltd,50,373.5,18675.0,2025-09-04T11:18:25.691067
2025-09-04,64861,2025090404001121,PMHPL,Sagarmatha Securities Private Limited,Miyo Securities Pvt Ltd,20,373.3,7466.0,2025-09-04T11:18:25.691139
2025-09-04,64860,2025090404001122,PMHPL,Vision Securities Pvt. Ltd,Miyo Securities Pvt Ltd,150,373.1,55965.0,2025-09-04T11:18:25.691209
2025-09-04,64859,2025090404001123,PMHPL,Kohinoor Investment & Securities Pvt. Ltd.,Miyo Securities Pvt Ltd,1001,373.0,373373.0,2025-09-04T11:18:25.69128
2025-09-04,64858,2025090404001124,PMHPL,Naasa Securities Co. Ltd.,Miyo Securities Pvt Ltd,100,373.0,37300.0,2025-09-04T11:18:25.691375
2025-09-04,64857,2025090404001125,PMHPL,Imperial Securities Company Pvt. Ltd.,Miyo Securities Pvt Ltd,15,373.0,5595.0,2025-09-04T11:18:25.691478
2025-09-04,64856,2025090404001126,PMHPL,Miyo Securities Pvt Ltd,Miyo Securities Pvt Ltd,149,372.0,55428.0,2025-09-04T11:18:25.691543
2025-09-04,64855,2025090404001127,PMHPL,Sani Securities Company Ltd.,Miyo Securities Pvt Ltd,1000,372.0,372000.0,2025-09-04T11:18:25.691612
2025-09-04,64854,2025090404001128,PMHPL,K.B.L. Securities Limited ,Miyo Securities Pvt Ltd,1000,371.0,371000.0,2025-09-04T11:18:25.691684
2025-09-04,64853,2025090404001129,PMHPL,Dipshikha Dhitopatra Karobar Co. Pvt Ltd.,Miyo Securities Pvt Ltd,300,370.5,111150.0,2025-09-04T11:18:25.691757
2025-09-04,64852,2025090404001130,PMHPL,ABC Securities Private Limited,Miyo Securities Pvt Ltd,250,370.1,92525.0,2025-09-04T11:18:25.691831
2025-09-04,64851,2025090404001131,PMHPL,Cristal Kanchanjanga Securites Pvt. Ltd.,Miyo Securities Pvt Ltd,500,370.1,185050.0,2025-09-04T11:18:25.691891
2025-09-04,64850,2025090404001132,PMHPL,ABC Securities Private Limited,Miyo Securities Pvt Ltd,300,370.1,111030.0,2025-09-04T11:18:25.691958
2025-09-04,64849,2025090404001133,PMHPL,Bhrikuti Stock Broking Co. Pvt. Ltd.,Miyo Securities Pvt Ltd,1000,370.0,370000.0,2025-09-04T11:18:25.692026
2025-09-04,64848,2025090404001134,PMHPL,Malla & Malla Stock Broking Company Pvt. Limited,Miyo Securities Pvt Ltd,100,370.0,37000.0,2025-09-04T11:18:25.692096
2025-09-04,64847,2025090404001135,PMHPL,Investment Management Nepal Pvt. Ltd.,Miyo Securities Pvt Ltd,100,370.0,37000.0,2025-09-04T11:18:25.692162
2025-09-04,64846,2025090404001136,PMHPL,Trishakti Securities Public Limited,Miyo Securities Pvt Ltd,50,370.0,18500.0,2025-09-04T11:18:25.692228
2025-09-04,64845,2025090404001137,PMHPL,Sumeru Securities Pvt. Ltd.,Miyo Securities Pvt Ltd,1000,370.0,370000.0,2025-09-04T11:18:25.692291
2025-09-04,64844,2025090404001138,PMHPL,Online Securities Pvt. Ltd.,Miyo Securities Pvt Ltd,30,370.0,11100.0,2025-09-04T11:18:25.692373
2025-09-04,64843,2025090404001139,PMHPL,Sri Hari Securities Pvt. Ltd.,Miyo Securities Pvt Ltd,20,370.0,7400.0,2025-09-04T11:18:25.69245
2025-09-04,64842,2025090404001140,PMHPL,Premier Securities Company Ltd.,Miyo Securities Pvt Ltd,1000,370.0,370000.0,2025-09-04T11:18:25.692515
2025-09-04,64841,2025090404001141,PMHPL,J.F. Securites (PVT) Ltd.,Miyo Securities Pvt Ltd,100,370.0,37000.0,2025-09-04T11:18:25.692581
2025-09-04,64840,2025090404001142,PMHPL,Agrawal Securities (PVT) Ltd.,Miyo Securities Pvt Ltd,50,369.7,18485.0,2025-09-04T11:18:25.69265
2025-09-04,64839,2025090404001143,PMHPL,Vision Securities Pvt. Ltd,Miyo Securities Pvt Ltd,30,369.6,11088.0,2025-09-04T11:18:25.69273
2025-09-04,64838,2025090404001144,PMHPL,Blue Chip Securities Ltd,Miyo Securities Pvt Ltd,500,369.4,184700.0,2025-09-04T11:18:25.692802
2025-09-04,64837,2025090404001145,PMHPL,Shree Krishna Securities Ltd.,Miyo Securities Pvt Ltd,2500,369.4,923500.0,2025-09-04T11:18:25.692865
2025-09-04,64836,2025090404001146,PMHPL,Cristal Kanchanjanga Securites Pvt. Ltd.,Miyo Securities Pvt Ltd,30,369.4,11082.0,2025-09-04T11:18:25.69293
2025-09-04,64835,2025090404001147,PMHPL,Sri Hari Securities Pvt. Ltd.,Miyo Securities Pvt Ltd,12510,369.0,4616190.0,2025-09-04T11:18:25.692998
2025-09-04,64664,2025090404001174,PMHPL,Kalika Securities Pvt. Ltd.,Citizens Share Broker Limited,100,374.0,37400.0,2025-09-04T11:19:09.424878
2025-09-04,64581,2025090404001190,PMHPL,Kalika Securities Pvt. Ltd.,SHUBHAKAMANA SECURITIES PVT. LTD,275,374.0,102850.0,2025-09-04T11:19:35.812504
2025-09-04,64580,2025090404001191,PMHPL,Trishakti Securities Public Limited,SHUBHAKAMANA SECURITIES PVT. LTD,500,370.2,185100.0,2025-09-04T11:19:35.812551
2025-09-04,64579,2025090404001192,PMHPL,Vision Securities Pvt. Ltd,SHUBHAKAMANA SECURITIES PVT. LTD,200,370.1,74020.0,2025-09-04T11:19:35.812572
2025-09-04,64578,2025090404001193,PMHPL,Sagarmatha Securities Private Limited,SHUBHAKAMANA SECURITIES PVT. LTD,1000,370.0,370000.0,2025-09-04T11:19:35.81259
2025-09-04,64577,2025090404001194,PMHPL,Miyo Securities Pvt Ltd,SHUBHAKAMANA SECURITIES PVT. LTD,980,370.0,362600.0,2025-09-04T11:19:35.812618
2025-09-04,64576,2025090404001195,PMHPL,Imperial Securities Company Pvt. Ltd.,SHUBHAKAMANA SECURITIES PVT. LTD,100,370.0,37000.0,2025-09-04T11:19:35.812648
2025-09-04,64575,2025090404001196,PMHPL,Agrawal Securities (PVT) Ltd.,SHUBHAKAMANA SECURITIES PVT. LTD,100,370.0,37000.0,2025-09-04T11:19:35.812684
2025-09-04,64574,2025090404001197,PMHPL,Sri Hari Securities Pvt. Ltd.,SHUBHAKAMANA SECURITIES PVT. LTD,365,369.0,134685.0,2025-09-04T11:19:35.812721
2025-09-04,64460,2025090404001224,PMHPL,Imperial Securities Company Pvt. Ltd.,SHUBHAKAMANA SECURITIES PVT. LTD,200,370.3,74060.0,2025-09-04T11:20:03.349251
2025-09-04,64459,2025090404001225,PMHPL,Online Securities Pvt. Ltd.,SHUBHAKAMANA SECURITIES PVT. LTD,100,370.0,37000.0,2025-09-04T11:20:03.349324
2025-09-04,64458,2025090404001226,PMHPL,Himalayan Securities Limited,SHUBHAKAMANA SECURITIES PVT. LTD,1000,370.0,370000.0,2025-09-04T11:20:03.349353
2025-09-04,64457,2025090404001227,PMHPL,Sani Securities Company Ltd.,SHUBHAKAMANA SECURITIES PVT. LTD,500,369.1,184550.0,2025-09-04T11:20:03.349383
2025-09-04,64456,2025090404001228,PMHPL,Sri Hari Securities Pvt. Ltd.,SHUBHAKAMANA SECURITIES PVT. LTD,1200,369.0,442800.0,2025-09-04T11:20:03.349412
2025-09-04,63809,2025090404001359,PMHPL,Aryatara Investment & Securities,Vision Securities Pvt. Ltd,100,376.3,37630.0,2025-09-04T11:22:32.178735
2025-09-04,63438,2025090404001452,PMHPL,Online Securities Pvt. Ltd.,Blue Chip Securities Ltd,266,377.5,100415.0,2025-09-04T11:24:02.622358
2025-09-04,63423,2025090404001460,PMHPL,Agrawal Securities (PVT) Ltd.,Blue Chip Securities Ltd,300,377.5,113250.0,2025-09-04T11:24:08.168137
2025-09-04,63412,2025090404001468,PMHPL,Nepal Investment And Securities Trading Private Limited,Blue Chip Securities Ltd,184,377.5,69460.0,2025-09-04T11:24:10.955242
2025-09-04,63386,2025090404001473,PMHPL,Nepal Investment And Securities Trading Private Limited,Sri Hari Securities Pvt. Ltd.,16,377.5,6040.0,2025-09-04T11:24:14.636422
2025-09-04,63385,2025090404001474,PMHPL,Nepal Investment And Securities Trading Private Limited,Sri Hari Securities Pvt. Ltd.,200,377.0,75400.0,2025-09-04T11:24:14.63651
2025-09-04,63342,2025090404001496,PMHPL,Investment Management Nepal Pvt. Ltd.,Sri Hari Securities Pvt. Ltd.,100,376.0,37600.0,2025-09-04T11:24:24.656882
2025-09-04,63341,2025090404001497,PMHPL,Online Securities Pvt. Ltd.,Sri Hari Securities Pvt. Ltd.,50,375.5,18775.0,2025-09-04T11:24:24.657076
2025-09-04,63340,2025090404001498,PMHPL,Sumeru Securities Pvt. Ltd.,Sri Hari Securities Pvt. Ltd.,50,375.1,18755.0,2025-09-04T11:24:24.657195
2025-09-04,63339,2025090404001499,PMHPL,Capital Max Securities Ltd,Sri Hari Securities Pvt. Ltd.,2800,375.0,1050000.0,2025-09-04T11:24:24.65735
2025-09-04,62852,2025090404001584,PMHPL,ABC Securities Private Limited,Sri Hari Securities Pvt. Ltd.,200,377.0,75400.0,2025-09-04T11:26:45.176824
2025-09-04,62820,2025090404001591,PMHPL,Sani Securities Company Ltd.,Blue Chip Securities Ltd,20,372.0,7440.0,2025-09-04T11:26:54.957564
2025-09-04,62819,2025090404001592,PMHPL,Vision Securities Pvt. Ltd,Blue Chip Securities Ltd,250,372.0,93000.0,2025-09-04T11:26:54.957696
2025-09-04,61070,2025090404001934,PMHPL,Sumeru Securities Pvt. Ltd.,Shree Krishna Securities Ltd.,50,372.1,18605.0,2025-09-04T11:34:09.65326
2025-09-04,61069,2025090404001935,PMHPL,Kohinoor Investment & Securities Pvt. Ltd.,Shree Krishna Securities Ltd.,100,372.0,37200.0,2025-09-04T11:34:09.653525
2025-09-04,61068,2025090404001936,PMHPL,South Asian Bulls Pvt. Ltd.,Shree Krishna Securities Ltd.,50,372.0,18600.0,2025-09-04T11:34:09.653672
2025-09-04,61067,2025090404001937,PMHPL,Kumari Securities Private Limited,Shree Krishna Securities Ltd.,200,372.0,74400.0,2025-09-04T11:34:09.653801
2025-09-04,61066,2025090404001938,PMHPL,Himalayan Brokerage Company Limited,Shree Krishna Securities Ltd.,125,372.0,46500.0,2025-09-04T11:34:09.653919
2025-09-04,61034,2025090404001946,PMHPL,Himalayan Brokerage Company Limited,Shree Krishna Securities Ltd.,375,372.0,139500.0,2025-09-04T11:34:19.671124
2025-09-04,61033,2025090404001947,PMHPL,KALASH STOCK MARKET PVT. LTD.,Shree Krishna Securities Ltd.,10,371.1,3711.0,2025-09-04T11:34:19.671189
2025-09-04,61032,2025090404001948,PMHPL,Property Wiard Limited,Shree Krishna Securities Ltd.,100,371.1,37110.0,2025-09-04T11:34:19.671212
2025-09-04,61031,2025090404001949,PMHPL,Sani Securities Company Ltd.,Shree Krishna Securities Ltd.,100,371.0,37100.0,2025-09-04T11:34:19.671236
2025-09-04,61030,2025090404001950,PMHPL,Vision Securities Pvt. Ltd,Shree Krishna Securities Ltd.,415,371.0,153965.0,2025-09-04T11:34:19.671259
2025-09-04,60809,2025090404001995,PMHPL,Indira securities pvt. ltd,Blue Chip Securities Ltd,200,372.0,74400.0,2025-09-04T11:35:18.062913
2025-09-04,60808,2025090404001996,PMHPL,Vision Securities Pvt. Ltd,Blue Chip Securities Ltd,85,371.0,31535.0,2025-09-04T11:35:18.063027
2025-09-04,60807,2025090404001997,PMHPL,Premier Securities Company Ltd.,Blue Chip Securities Ltd,415,371.0,153965.0,2025-09-04T11:35:18.063075
2025-09-04,60494,2025090404002030,PMHPL,Sani Securities Company Ltd.,Kalika Securities Pvt. Ltd.,10,375.0,3750.0,2025-09-04T11:36:18.009772
2025-09-04,60493,2025090404002031,PMHPL,Sani Securities Company Ltd.,Capital Hub P. Ltd,10,376.0,3760.0,2025-09-04T11:36:18.009898
2025-09-04,60451,2025090404002038,PMHPL,South Asian Bulls Pvt. Ltd.,Blue Chip Securities Ltd,500,372.5,186250.0,2025-09-04T11:36:30.650652
2025-09-04,60298,2025090404002077,PMHPL,Sumeru Securities Pvt. Ltd.,Blue Chip Securities Ltd,50,372.1,18605.0,2025-09-04T11:37:03.187207
2025-09-04,60297,2025090404002078,PMHPL,Indira securities pvt. ltd,Blue Chip Securities Ltd,200,372.0,74400.0,2025-09-04T11:37:03.187345
2025-09-04,60236,2025090404002092,PMHPL,Vision Securities Pvt. Ltd,Blue Chip Securities Ltd,300,372.0,111600.0,2025-09-04T11:37:25.719937
2025-09-04,60124,2025090404002122,PMHPL,Premier Securities Company Ltd.,Nepal Investment And Securities Trading Private Limited,200,372.0,74400.0,2025-09-04T11:37:53.309398
2025-09-04,60123,2025090404002123,PMHPL,Nepal Stock House (PVT) Ltd.,Nepal Investment And Securities Trading Private Limited,300,371.5,111450.0,2025-09-04T11:37:53.309525
2025-09-04,60122,2025090404002124,PMHPL,Premier Securities Company Ltd.,Nepal Investment And Securities Trading Private Limited,385,371.1,142873.5,2025-09-04T11:37:53.309578
2025-09-04,60121,2025090404002125,PMHPL,Primo Securities (PVT) Ltd.,Nepal Investment And Securities Trading Private Limited,1000,371.0,371000.0,2025-09-04T11:37:53.309624
2025-09-04,60120,2025090404002126,PMHPL,Vision Securities Pvt. Ltd,Nepal Investment And Securities Trading Private Limited,100,370.6,37060.0,2025-09-04T11:37:53.309668
2025-09-04,60119,2025090404002127,PMHPL,Blue Chip Securities Ltd,Nepal Investment And Securities Trading Private Limited,15,370.5,5557.5,2025-09-04T11:37:53.309712
2025-09-04,60061,2025090404002139,PMHPL,Vision Securities Pvt. Ltd,Capital Hub P. Ltd,50,371.0,18550.0,2025-09-04T11:38:04.478413
2025-09-04,60050,2025090404002140,PMHPL,Blue Chip Securities Ltd,Kumari Securities Private Limited,170,370.5,62985.0,2025-09-04T11:38:07.902848
2025-09-04,60020,2025090404002147,PMHPL,Blue Chip Securities Ltd,Capital Hub P. Ltd,815,370.5,301957.5,2025-09-04T11:38:20.620891
2025-09-04,60019,2025090404002148,PMHPL,Neev Securities Pvt. Ltd.,Capital Hub P. Ltd,100,370.4,37040.0,2025-09-04T11:38:20.621038
2025-09-04,60018,2025090404002149,PMHPL,ABC Securities Private Limited,Capital Hub P. Ltd,160,370.3,59248.0,2025-09-04T11:38:20.621093
2025-09-04,60017,2025090404002150,PMHPL,Sewa Securities Pvt. Ltd.,Capital Hub P. Ltd,500,370.2,185100.0,2025-09-04T11:38:20.621136
2025-09-04,60016,2025090404002151,PMHPL,K.B.L. Securities Limited ,Capital Hub P. Ltd,200,370.2,74040.0,2025-09-04T11:38:20.621219
2025-09-04,60015,2025090404002152,PMHPL,Agrawal Securities (PVT) Ltd.,Capital Hub P. Ltd,50,370.1,18505.0,2025-09-04T11:38:20.621261
2025-09-04,60014,2025090404002153,PMHPL,Sumeru Securities Pvt. Ltd.,Capital Hub P. Ltd,50,370.1,18505.0,2025-09-04T11:38:20.621308
2025-09-04,60013,2025090404002154,PMHPL,ABC Securities Private Limited,Capital Hub P. Ltd,240,370.1,88824.0,2025-09-04T11:38:20.62136
2025-09-04,60012,2025090404002155,PMHPL,Deevyaa Securities & Stock House Pvt. Ltd,Capital Hub P. Ltd,2825,370.1,1045532.5,2025-09-04T11:38:20.621399
2025-09-04,60004,2025090404002158,PMHPL,Deevyaa Securities & Stock House Pvt. Ltd,Nepal Investment And Securities Trading Private Limited,175,370.1,64767.5,2025-09-04T11:38:23.399121
2025-09-04,60003,2025090404002159,PMHPL,Naasa Securities Co. Ltd.,Nepal Investment And Securities Trading Private Limited,67,370.1,24796.7,2025-09-04T11:38:23.399369
2025-09-04,60002,2025090404002160,PMHPL,Capital Max Securities Ltd,Nepal Investment And Securities Trading Private Limited,100,370.0,37000.0,2025-09-04T11:38:23.399503
2025-09-04,60001,2025090404002161,PMHPL,Thrive Brokerage House Pvt. Ltd,Nepal Investment And Securities Trading Private Limited,100,370.0,37000.0,2025-09-04T11:38:23.399643
2025-09-04,60000,2025090404002162,PMHPL,Kohinoor Investment & Securities Pvt. Ltd.,Nepal Investment And Securities Trading Private Limited,498,370.0,184260.0,2025-09-04T11:38:23.399779
2025-09-04,59821,2025090404002197,PMHPL,Imperial Securities Company Pvt. Ltd.,Blue Chip Securities Ltd,500,371.0,185500.0,2025-09-04T11:39:09.365264
2025-09-04,59492,2025090404002256,PMHPL,Premier Securities Company Ltd.,Blue Chip Securities Ltd,400,374.0,149600.0,2025-09-04T11:40:30.423552
2025-09-04,59432,2025090404002271,PMHPL,South Asian Bulls Pvt. Ltd.,Blue Chip Securities Ltd,500,371.0,185500.0,2025-09-04T11:40:45.950097
2025-09-04,59288,2025090404002313,PMHPL,Aryatara Investment & Securities,Sri Hari Securities Pvt. Ltd.,10,370.7,3707.0,2025-09-04T11:41:26.790327
2025-09-04,59287,2025090404002314,PMHPL,Sundhara Securities Limited,Sri Hari Securities Pvt. Ltd.,50,370.6,18530.0,2025-09-04T11:41:26.790467
2025-09-04,59286,2025090404002315,PMHPL,Market Securities & Exchange (PVT) Ltd.,Sri Hari Securities Pvt. Ltd.,100,370.6,37060.0,2025-09-04T11:41:26.79053
2025-09-04,59283,2025090404002317,PMHPL,Sumeru Securities Pvt. Ltd.,Blue Chip Securities Ltd,750,372.0,279000.0,2025-09-04T11:41:28.252868
2025-09-04,58741,2025090404002474,PMHPL,Midas Stock Broking Company Private Limited,Blue Chip Securities Ltd,750,372.0,279000.0,2025-09-04T11:44:08.810403
2025-09-04,58661,2025090404002489,PMHPL,Nepal Stock House (PVT) Ltd.,Blue Chip Securities Ltd,50,372.0,18600.0,2025-09-04T11:44:32.947674
2025-09-04,58625,2025090404002495,PMHPL,Dakshinkali Investment & Securities Pvt. Ltd.,Blue Chip Securities Ltd,550,372.0,204600.0,2025-09-04T11:44:50.204325
2025-09-04,58541,2025090404002506,PMHPL,Aryatara Investment & Securities,Premier Securities Company Ltd.,10,373.0,3730.0,2025-09-04T11:45:21.340753
2025-09-04,58515,2025090404002521,PMHPL,Aryatara Investment & Securities,Blue Chip Securities Ltd,500,373.0,186500.0,2025-09-04T11:45:31.257011
2025-09-04,58497,2025090404002526,PMHPL,Aryatara Investment & Securities,Sri Hari Securities Pvt. Ltd.,40,373.0,14920.0,2025-09-04T11:45:35.31673
2025-09-04,58387,2025090404002553,PMHPL,Nepal Stock House (PVT) Ltd.,Blue Chip Securities Ltd,41,372.0,15252.0,2025-09-04T11:46:03.810126
2025-09-04,58226,2025090404002593,PMHPL,Naasa Securities Co. Ltd.,Blue Chip Securities Ltd,20,372.0,7440.0,2025-09-04T11:46:50.252302
2025-09-04,58115,2025090404002620,PMHPL,Naasa Securities Co. Ltd.,Blue Chip Securities Ltd,200,372.0,74400.0,2025-09-04T11:47:29.805332
2025-09-04,58034,2025090404002636,PMHPL,Midas Stock Broking Company Private Limited,Blue Chip Securities Ltd,230,372.0,85560.0,2025-09-04T11:47:51.752754
2025-09-04,57874,2025090404002666,PMHPL,Market Securities & Exchange (PVT) Ltd.,Capital Hub P. Ltd,200,371.2,74240.0,2025-09-04T11:48:21.502768
2025-09-04,57873,2025090404002667,PMHPL,Kumari Securities Private Limited,Capital Hub P. Ltd,50,371.1,18555.0,2025-09-04T11:48:21.502904
2025-09-04,57872,2025090404002668,PMHPL,Premier Securities Company Ltd.,Capital Hub P. Ltd,500,371.1,185550.0,2025-09-04T11:48:21.50297
2025-09-04,57618,2025090404002716,PMHPL,Trishakti Securities Public Limited,Blue Chip Securities Ltd,150,371.6,55740.0,2025-09-04T11:49:49.309759
2025-09-04,57597,2025090404002724,PMHPL,Trishakti Securities Public Limited,Blue Chip Securities Ltd,100,371.6,37160.0,2025-09-04T11:49:54.327535
2025-09-04,57555,2025090404002732,PMHPL,Naasa Securities Co. Ltd.,Online Securities Pvt. Ltd.,10,371.1,3711.0,2025-09-04T11:50:09.050162
2025-09-04,57554,2025090404002733,PMHPL,Aryatara Investment & Securities,Online Securities Pvt. Ltd.,490,371.1,181839.0,2025-09-04T11:50:09.050289
2025-09-04,57553,2025090404002734,PMHPL,Trishakti Securities Public Limited,Blue Chip Securities Ltd,150,371.6,55740.0,2025-09-04T11:50:09.365029
2025-09-04,57488,2025090404002749,PMHPL,Agrawal Securities (PVT) Ltd.,Blue Chip Securities Ltd,100,371.6,37160.0,2025-09-04T11:50:40.418079
2025-09-04,57487,2025090404002750,PMHPL,Agrawal Securities (PVT) Ltd.,Sri Hari Securities Pvt. Ltd.,181,372.0,67332.0,2025-09-04T11:50:40.41825
2025-09-04,57430,2025090404002765,PMHPL,Agrawal Securities (PVT) Ltd.,Capital Hub P. Ltd,219,372.0,81468.0,2025-09-04T11:50:56.689444
2025-09-04,57083,2025090404002813,PMHPL,Trishakti Securities Public Limited,Capital Hub P. Ltd,31,372.0,11532.0,2025-09-04T11:52:34.767116
2025-09-04,57082,2025090404002814,PMHPL,Trishakti Securities Public Limited,Blue Chip Securities Ltd,69,372.0,25668.0,2025-09-04T11:52:34.767258
2025-09-04,57022,2025090404002825,PMHPL,Sundhara Securities Limited,Nepal Investment And Securities Trading Private Limited,200,371.2,74240.0,2025-09-04T11:52:55.52485
2025-09-04,56978,2025090404002828,PMHPL,Aryatara Investment & Securities,Aryatara Investment & Securities,10,371.1,3711.0,2025-09-04T11:53:07.668667
2025-09-04,56977,2025090404002829,PMHPL,Naasa Securities Co. Ltd.,Aryatara Investment & Securities,10,371.0,3710.0,2025-09-04T11:53:07.668814
2025-09-04,56976,2025090404002830,PMHPL,Dakshinkali Investment & Securities Pvt. Ltd.,Aryatara Investment & Securities,200,370.3,74060.0,2025-09-04T11:53:07.668863
2025-09-04,56975,2025090404002831,PMHPL,Agrawal Securities (PVT) Ltd.,Aryatara Investment & Securities,100,370.2,37020.0,2025-09-04T11:53:07.668904
2025-09-04,56974,2025090404002832,PMHPL,Sweta Securities Private Limited,Aryatara Investment & Securities,100,370.2,37020.0,2025-09-04T11:53:07.668949
2025-09-04,56973,2025090404002833,PMHPL,Sharepro Securities Private Limited,Aryatara Investment & Securities,100,370.1,37010.0,2025-09-04T11:53:07.668994
2025-09-04,56972,2025090404002834,PMHPL,K.B.L. Securities Limited ,Aryatara Investment & Securities,100,370.1,37010.0,2025-09-04T11:53:07.669038
2025-09-04,56971,2025090404002835,PMHPL,Malla & Malla Stock Broking Company Pvt. Limited,Aryatara Investment & Securities,20,370.1,7402.0,2025-09-04T11:53:07.669084
2025-09-04,56970,2025090404002836,PMHPL,Kohinoor Investment & Securities Pvt. Ltd.,Aryatara Investment & Securities,360,370.0,133200.0,2025-09-04T11:53:07.669128
2025-09-04,56878,2025090404002848,PMHPL,Kohinoor Investment & Securities Pvt. Ltd.,Kumari Securities Private Limited,1000,370.0,370000.0,2025-09-04T11:53:26.806031
2025-09-04,56872,2025090404002849,PMHPL,Kohinoor Investment & Securities Pvt. Ltd.,Sri Hari Securities Pvt. Ltd.,142,370.0,52540.0,2025-09-04T11:53:29.791795
2025-09-04,56871,2025090404002850,PMHPL,Kalika Securities Pvt. Ltd.,Sri Hari Securities Pvt. Ltd.,50,370.0,18500.0,2025-09-04T11:53:29.792012
2025-09-04,56870,2025090404002851,PMHPL,Trishakti Securities Public Limited,Sri Hari Securities Pvt. Ltd.,400,370.0,148000.0,2025-09-04T11:53:29.792128
2025-09-04,56869,2025090404002852,PMHPL,Primo Securities (PVT) Ltd.,Sri Hari Securities Pvt. Ltd.,1000,370.0,370000.0,2025-09-04T11:53:29.792259
2025-09-04,56868,2025090404002853,PMHPL,Agrawal Securities (PVT) Ltd.,Sri Hari Securities Pvt. Ltd.,200,370.0,74000.0,2025-09-04T11:53:29.792404
2025-09-04,56827,2025090404002865,PMHPL,Imperial Securities Company Pvt. Ltd.,Asian Securities Private Ltd.,70,369.6,25872.0,2025-09-04T11:53:45.649764
2025-09-04,56826,2025090404002866,PMHPL,Cristal Kanchanjanga Securites Pvt. Ltd.,Asian Securities Private Ltd.,100,369.5,36950.0,2025-09-04T11:53:45.649889
2025-09-04,56740,2025090404002881,PMHPL,Cristal Kanchanjanga Securites Pvt. Ltd.,Nepal Investment And Securities Trading Private Limited,300,369.5,110850.0,2025-09-04T11:54:00.655062
2025-09-04,56615,2025090404002913,PMHPL,Cristal Kanchanjanga Securites Pvt. Ltd.,Aryatara Investment & Securities,100,369.5,36950.0,2025-09-04T11:54:32.39158
2025-09-04,56614,2025090404002914,PMHPL,Shree Krishna Securities Ltd.,Aryatara Investment & Securities,300,369.2,110760.0,2025-09-04T11:54:32.391809
2025-09-04,56589,2025090404002918,PMHPL,Shree Krishna Securities Ltd.,Online Securities Pvt. Ltd.,500,369.2,184600.0,2025-09-04T11:54:39.212998
2025-09-04,56581,2025090404002922,PMHPL,Midas Stock Broking Company Private Limited,Sri Hari Securities Pvt. Ltd.,1730,370.0,640100.0,2025-09-04T11:54:43.346253
2025-09-04,56444,2025090404002949,PMHPL,Trishakti Securities Public Limited,Sri Hari Securities Pvt. Ltd.,1000,370.0,370000.0,2025-09-04T11:55:21.456858
2025-09-04,56426,2025090404002952,PMHPL,Shree Krishna Securities Ltd.,Aryatara Investment & Securities,200,369.2,73840.0,2025-09-04T11:55:25.980619
2025-09-04,56134,2025090404003017,PMHPL,Naasa Securities Co. Ltd.,Sri Hari Securities Pvt. Ltd.,32,370.0,11840.0,2025-09-04T11:56:36.22954
2025-09-04,56125,2025090404003020,PMHPL,K.B.L. Securities Limited ,Midas Stock Broking Company Private Limited,200,369.1,73820.0,2025-09-04T11:56:39.784093
2025-09-04,56124,2025090404003021,PMHPL,Miyo Securities Pvt Ltd,Midas Stock Broking Company Private Limited,20,369.1,7382.0,2025-09-04T11:56:39.78442
2025-09-04,56123,2025090404003022,PMHPL,Imperial Securities Company Pvt. Ltd.,Midas Stock Broking Company Private Limited,50,369.0,18450.0,2025-09-04T11:56:39.784576
2025-09-04,56122,2025090404003023,PMHPL,Imperial Securities Company Pvt. Ltd.,Midas Stock Broking Company Private Limited,50,369.0,18450.0,2025-09-04T11:56:39.784732
2025-09-04,56121,2025090404003024,PMHPL,Sumeru Securities Pvt. Ltd.,Midas Stock Broking Company Private Limited,50,369.0,18450.0,2025-09-04T11:56:39.784912
2025-09-04,56120,2025090404003025,PMHPL,Malla & Malla Stock Broking Company Pvt. Limited,Midas Stock Broking Company Private Limited,100,369.0,36900.0,2025-09-04T11:56:39.785079
2025-09-04,55982,2025090404003049,PMHPL,Dakshinkali Investment & Securities Pvt. Ltd.,Bhrikuti Stock Broking Co. Pvt. Ltd.,100,368.0,36800.0,2025-09-04T11:57:15.978596
2025-09-04,55920,2025090404003062,PMHPL,Sundhara Securities Limited,Midas Stock Broking Company Private Limited,27,369.0,9963.0,2025-09-04T11:57:32.85669
2025-09-04,55908,2025090404003069,PMHPL,Kumari Securities Private Limited,Blue Chip Securities Ltd,30,368.1,11043.0,2025-09-04T11:57:36.166144
2025-09-04,55907,2025090404003070,PMHPL,Dakshinkali Investment & Securities Pvt. Ltd.,Blue Chip Securities Ltd,400,368.0,147200.0,2025-09-04T11:57:36.166255
2025-09-04,55906,2025090404003071,PMHPL,Aryatara Investment & Securities,Blue Chip Securities Ltd,100,368.0,36800.0,2025-09-04T11:57:36.16635
2025-09-04,55905,2025090404003072,PMHPL,South Asian Bulls Pvt. Ltd.,Blue Chip Securities Ltd,400,368.0,147200.0,2025-09-04T11:57:36.166402
2025-09-04,55904,2025090404003073,PMHPL,Vision Securities Pvt. Ltd,Blue Chip Securities Ltd,2470,367.5,907725.0,2025-09-04T11:57:36.166441
2025-09-04,55853,2025090404003089,PMHPL,Naasa Securities Co. Ltd.,Sri Hari Securities Pvt. Ltd.,30,368.0,11040.0,2025-09-04T11:57:52.083207
2025-09-04,55763,2025090404003114,PMHPL,Vision Securities Pvt. Ltd,South Asian Bulls Pvt. Ltd.,30,367.5,11025.0,2025-09-04T11:58:18.793011
2025-09-04,55762,2025090404003115,PMHPL,Malla & Malla Stock Broking Company Pvt. Limited,South Asian Bulls Pvt. Ltd.,50,367.0,18350.0,2025-09-04T11:58:18.793217
2025-09-04,55761,2025090404003116,PMHPL,Sumeru Securities Pvt. Ltd.,South Asian Bulls Pvt. Ltd.,200,366.0,73200.0,2025-09-04T11:58:18.79338
2025-09-04,55760,2025090404003117,PMHPL,Linch Stock Market Ltd.,South Asian Bulls Pvt. Ltd.,720,366.0,263520.0,2025-09-04T11:58:18.793511
2025-09-04,55743,2025090404003118,PMHPL,Naasa Securities Co. Ltd.,Sri Hari Securities Pvt. Ltd.,45,368.0,16560.0,2025-09-04T11:58:20.272194
2025-09-04,55686,2025090404003136,PMHPL,Kohinoor Investment & Securities Pvt. Ltd.,Sri Hari Securities Pvt. Ltd.,225,368.0,82800.0,2025-09-04T11:58:40.706662
2025-09-04,55370,2025090404003229,PMHPL,J.F. Securites (PVT) Ltd.,Asian Securities Private Ltd.,708,367.0,259836.0,2025-09-04T11:59:59.723932
2025-09-04,55179,2025090404003289,PMHPL,Blue Chip Securities Ltd,Sri Hari Securities Pvt. Ltd.,10,369.9,3699.0,2025-09-04T12:00:45.62819
2025-09-04,54911,2025090404003335,PMHPL,Sundhara Securities Limited,MILKY WAY SHARE BROKER COMPANY LTD ,20,367.2,7344.0,2025-09-04T12:01:37.662407
2025-09-04,54910,2025090404003336,PMHPL,Kohinoor Investment & Securities Pvt. Ltd.,MILKY WAY SHARE BROKER COMPANY LTD ,300,367.1,110130.0,2025-09-04T12:01:37.66253
2025-09-04,54909,2025090404003337,PMHPL,J.F. Securites (PVT) Ltd.,MILKY WAY SHARE BROKER COMPANY LTD ,1180,367.0,433060.0,2025-09-04T12:01:37.662584
2025-09-04,54908,2025090404003338,PMHPL,J.F. Securites (PVT) Ltd.,Midas Stock Broking Company Private Limited,112,367.0,41104.0,2025-09-04T12:01:37.844119
2025-09-04,54835,2025090404003360,PMHPL,Trishakti Securities Public Limited,Midas Stock Broking Company Private Limited,391,366.2,143184.2,2025-09-04T12:01:54.92859
2025-09-04,54208,2025090404003529,PMHPL,Creative Securities Pvt Ltd,Sani Securities Company Ltd.,250,368.1,92025.0,2025-09-04T12:04:16.392943
2025-09-04,54207,2025090404003530,PMHPL,Aryatara Investment & Securities,Sani Securities Company Ltd.,80,368.0,29440.0,2025-09-04T12:04:16.39311
2025-09-04,54206,2025090404003531,PMHPL,Naasa Securities Co. Ltd.,Sani Securities Company Ltd.,170,367.0,62390.0,2025-09-04T12:04:16.393225
2025-09-04,54174,2025090404003535,PMHPL,Naasa Securities Co. Ltd.,Dakshinkali Investment & Securities Pvt. Ltd.,80,368.0,29440.0,2025-09-04T12:04:27.859599
2025-09-04,53661,2025090404003678,PMHPL,Midas Stock Broking Company Private Limited,Sri Hari Securities Pvt. Ltd.,26,369.9,9617.4,2025-09-04T12:06:11.056678
2025-09-04,53291,2025090404003830,PMHPL,Naasa Securities Co. Ltd.,Naasa Securities Co. Ltd.,20,368.0,7360.0,2025-09-04T12:07:39.223521
2025-09-04,52393,2025090404004068,PMHPL,Naasa Securities Co. Ltd.,Cristal Kanchanjanga Securites Pvt. Ltd.,25,368.0,9200.0,2025-09-04T12:11:40.747009
2025-09-04,52392,2025090404004069,PMHPL,Sundhara Securities Limited,Cristal Kanchanjanga Securites Pvt. Ltd.,100,367.0,36700.0,2025-09-04T12:11:40.747136
2025-09-04,52391,2025090404004070,PMHPL,Himalayan Brokerage Company Limited,Cristal Kanchanjanga Securites Pvt. Ltd.,300,367.0,110100.0,2025-09-04T12:11:40.747189
2025-09-04,52390,2025090404004071,PMHPL,Naasa Securities Co. Ltd.,Cristal Kanchanjanga Securites Pvt. Ltd.,25,367.0,9175.0,2025-09-04T12:11:40.747236
2025-09-04,52208,2025090404004134,PMHPL,Naasa Securities Co. Ltd.,Cristal Kanchanjanga Securites Pvt. Ltd.,25,367.0,9175.0,2025-09-04T12:12:23.912852
2025-09-04,52148,2025090404004149,PMHPL,Trishakti Securities Public Limited,Imperial Securities Company Pvt. Ltd.,1000,366.2,366200.0,2025-09-04T12:12:33.824155
2025-09-04,52147,2025090404004150,PMHPL,Vision Securities Pvt. Ltd,Imperial Securities Company Pvt. Ltd.,100,366.1,36610.0,2025-09-04T12:12:33.824239
2025-09-04,52146,2025090404004151,PMHPL,Secured Securities Ltd.,Imperial Securities Company Pvt. Ltd.,142,366.1,51986.2,2025-09-04T12:12:33.824266
2025-09-04,52145,2025090404004152,PMHPL,Linch Stock Market Ltd.,Imperial Securities Company Pvt. Ltd.,158,366.0,57828.0,2025-09-04T12:12:33.824294
2025-09-04,52056,2025090404004164,PMHPL,Linch Stock Market Ltd.,Siprabi Securities Pvt. Ltd.,60,366.0,21960.0,2025-09-04T12:12:51.961817
2025-09-04,52016,2025090404004179,PMHPL,Linch Stock Market Ltd.,Sani Securities Company Ltd.,62,366.0,22692.0,2025-09-04T12:13:04.098249
2025-09-04,52015,2025090404004180,PMHPL,Nepal Investment And Securities Trading Private Limited,Sani Securities Company Ltd.,500,366.0,183000.0,2025-09-04T12:13:04.098505
2025-09-04,52014,2025090404004181,PMHPL,Agrawal Securities (PVT) Ltd.,Sani Securities Company Ltd.,500,366.0,183000.0,2025-09-04T12:13:04.098642
2025-09-04,52013,2025090404004182,PMHPL,Kohinoor Investment & Securities Pvt. Ltd.,Sani Securities Company Ltd.,50,366.0,18300.0,2025-09-04T12:13:04.098773
2025-09-04,51961,2025090404004192,PMHPL,Sani Securities Company Ltd.,Sani Securities Company Ltd.,500,366.0,183000.0,2025-09-04T12:13:15.198984
2025-09-04,51929,2025090404004205,PMHPL,Thrive Brokerage House Pvt. Ltd,Cristal Kanchanjanga Securites Pvt. Ltd.,100,365.2,36520.0,2025-09-04T12:13:23.109349
2025-09-04,51928,2025090404004206,PMHPL,ABC Securities Private Limited,Cristal Kanchanjanga Securites Pvt. Ltd.,75,365.1,27382.5,2025-09-04T12:13:23.109513
2025-09-04,51744,2025090404004256,PMHPL,ABC Securities Private Limited,Blue Chip Securities Ltd,425,365.1,155167.5,2025-09-04T12:14:06.66683
2025-09-04,51743,2025090404004257,PMHPL,Swarna Laxmi Securities Pvt. Ltd.,Blue Chip Securities Ltd,100,365.0,36500.0,2025-09-04T12:14:06.666925
2025-09-04,51742,2025090404004258,PMHPL,Malla & Malla Stock Broking Company Pvt. Limited,Blue Chip Securities Ltd,50,365.0,18250.0,2025-09-04T12:14:06.667
2025-09-04,51741,2025090404004259,PMHPL,Imperial Securities Company Pvt. Ltd.,Blue Chip Securities Ltd,500,365.0,182500.0,2025-09-04T12:14:06.667079
2025-09-04,51740,2025090404004260,PMHPL,Trishakti Securities Public Limited,Blue Chip Securities Ltd,10,365.0,3650.0,2025-09-04T12:14:06.667152
2025-09-04,51739,2025090404004261,PMHPL,Imperial Securities Company Pvt. Ltd.,Blue Chip Securities Ltd,1000,365.0,365000.0,2025-09-04T12:14:06.667223
2025-09-04,51738,2025090404004262,PMHPL,Blue Chip Securities Ltd,Blue Chip Securities Ltd,1915,365.0,698975.0,2025-09-04T12:14:06.667298
2025-09-04,51616,2025090404004304,PMHPL,Trishakti Securities Public Limited,Blue Chip Securities Ltd,500,365.1,182550.0,2025-09-04T12:14:47.757643
2025-09-04,51529,2025090404004318,PMHPL,Blue Chip Securities Ltd,Blue Chip Securities Ltd,85,365.0,31025.0,2025-09-04T12:15:00.793642
2025-09-04,51528,2025090404004319,PMHPL,Linch Stock Market Ltd.,Blue Chip Securities Ltd,50,365.0,18250.0,2025-09-04T12:15:00.793785
2025-09-04,51527,2025090404004320,PMHPL,Agrawal Securities (PVT) Ltd.,Blue Chip Securities Ltd,100,365.0,36500.0,2025-09-04T12:15:00.793833
2025-09-04,51526,2025090404004321,PMHPL,Property Wiard Limited,Blue Chip Securities Ltd,100,365.0,36500.0,2025-09-04T12:15:00.793894
2025-09-04,51489,2025090404004328,PMHPL,Aryatara Investment & Securities,Sani Securities Company Ltd.,500,366.0,183000.0,2025-09-04T12:15:15.967179
2025-09-04,51486,2025090404004329,PMHPL,Naasa Securities Co. Ltd.,Sani Securities Company Ltd.,10,366.0,3660.0,2025-09-04T12:15:17.317106
2025-09-04,51264,2025090404004383,PMHPL,South Asian Bulls Pvt. Ltd.,Blue Chip Securities Ltd,90,365.0,32850.0,2025-09-04T12:16:23.985088
2025-09-04,51263,2025090404004384,PMHPL,Primo Securities (PVT) Ltd.,Blue Chip Securities Ltd,100,364.8,36480.0,2025-09-04T12:16:23.985189
2025-09-04,51262,2025090404004385,PMHPL,Premier Securities Company Ltd.,Blue Chip Securities Ltd,1000,364.7,364700.0,2025-09-04T12:16:23.985216
2025-09-04,51261,2025090404004386,PMHPL,Vision Securities Pvt. Ltd,Blue Chip Securities Ltd,10,364.6,3646.0,2025-09-04T12:16:23.985241
2025-09-04,51137,2025090404004429,PMHPL,Creative Securities Pvt Ltd,Aryatara Investment & Securities,700,365.0,255500.0,2025-09-04T12:17:07.790581
2025-09-04,50793,2025090404004509,PMHPL,Vision Securities Pvt. Ltd,Sani Securities Company Ltd.,90,364.6,32814.0,2025-09-04T12:18:37.223257
2025-09-04,50792,2025090404004510,PMHPL,Sharepro Securities Private Limited,Sani Securities Company Ltd.,20,364.2,7284.0,2025-09-04T12:18:37.223451
2025-09-04,50791,2025090404004511,PMHPL,Sundhara Securities Limited,Sani Securities Company Ltd.,140,364.1,50974.0,2025-09-04T12:18:37.223498
2025-09-04,50790,2025090404004512,PMHPL,Sani Securities Company Ltd.,Sani Securities Company Ltd.,20,364.0,7280.0,2025-09-04T12:18:37.223543
2025-09-04,50789,2025090404004513,PMHPL,Creative Securities Pvt Ltd,Sani Securities Company Ltd.,350,364.0,127400.0,2025-09-04T12:18:37.223589
2025-09-04,50758,2025090404004518,PMHPL,Linch Stock Market Ltd.,Sani Securities Company Ltd.,30,364.0,10920.0,2025-09-04T12:18:43.192098
2025-09-04,50719,2025090404004527,PMHPL,Kohinoor Investment & Securities Pvt. Ltd.,Sani Securities Company Ltd.,100,364.0,36400.0,2025-09-04T12:18:52.62691
2025-09-04,50713,2025090404004528,PMHPL,Dakshinkali Investment & Securities Pvt. Ltd.,Vision Securities Pvt. Ltd,50,363.0,18150.0,2025-09-04T12:18:53.610985
2025-09-04,50549,2025090404004566,PMHPL,Infinity Securities Limited,Sani Securities Company Ltd.,128,364.0,46592.0,2025-09-04T12:19:43.241642
2025-09-04,50548,2025090404004567,PMHPL,Infinity Securities Limited,Blue Chip Securities Ltd,500,365.0,182500.0,2025-09-04T12:19:43.24181
2025-09-04,50428,2025090404004596,PMHPL,Infinity Securities Limited,Sri Hari Securities Pvt. Ltd.,72,365.5,26316.0,2025-09-04T12:20:22.153651
2025-09-04,50338,2025090404004611,PMHPL,Midas Stock Broking Company Private Limited,Oxford Securities Pvt. Ltd.,21,365.0,7665.0,2025-09-04T12:20:48.575808
2025-09-04,50211,2025090404004628,PMHPL,Imperial Securities Company Pvt. Ltd.,MILKY WAY SHARE BROKER COMPANY LTD ,10,368.8,3688.0,2025-09-04T12:21:30.733019
2025-09-04,49851,2025090404004696,PMHPL,KALASH STOCK MARKET PVT. LTD.,Capital Max Securities Ltd,10,365.1,3651.0,2025-09-04T12:22:46.741372
2025-09-04,49685,2025090404004750,PMHPL,KALASH STOCK MARKET PVT. LTD.,KALASH STOCK MARKET PVT. LTD.,10,365.1,3651.0,2025-09-04T12:23:30.550831
2025-09-04,49005,2025090404004891,PMHPL,Online Securities Pvt. Ltd.,Vision Securities Pvt. Ltd,55,368.6,20273.0,2025-09-04T12:26:49.879964
2025-09-04,49004,2025090404004892,PMHPL,Online Securities Pvt. Ltd.,Midas Stock Broking Company Private Limited,145,368.7,53461.5,2025-09-04T12:26:49.880107
2025-09-04,48958,2025090404004895,PMHPL,Nepal Stock House (PVT) Ltd.,Blue Chip Securities Ltd,200,366.0,73200.0,2025-09-04T12:27:03.564284
2025-09-04,48957,2025090404004896,PMHPL,KALASH STOCK MARKET PVT. LTD.,Blue Chip Securities Ltd,180,365.1,65718.0,2025-09-04T12:27:03.564398
2025-09-04,48956,2025090404004897,PMHPL,Naasa Securities Co. Ltd.,Blue Chip Securities Ltd,10,365.1,3651.0,2025-09-04T12:27:03.564429
2025-09-04,48955,2025090404004898,PMHPL,Trishakti Securities Public Limited,Blue Chip Securities Ltd,1000,365.1,365100.0,2025-09-04T12:27:03.564458
2025-09-04,48898,2025090404004919,PMHPL,Trishakti Securities Public Limited,SHUBHAKAMANA SECURITIES PVT. LTD,500,368.0,184000.0,2025-09-04T12:27:17.308246
2025-09-04,48897,2025090404004920,PMHPL,Trishakti Securities Public Limited,Midas Stock Broking Company Private Limited,355,368.7,130888.5,2025-09-04T12:27:17.30838
2025-09-04,48896,2025090404004921,PMHPL,Trishakti Securities Public Limited,MILKY WAY SHARE BROKER COMPANY LTD ,989,368.8,364743.2,2025-09-04T12:27:17.308462
2025-09-04,48895,2025090404004922,PMHPL,Trishakti Securities Public Limited,KALASH STOCK MARKET PVT. LTD.,1020,368.8,376176.0,2025-09-04T12:27:17.308535
2025-09-04,48894,2025090404004923,PMHPL,Trishakti Securities Public Limited,Midas Stock Broking Company Private Limited,136,368.9,50170.4,2025-09-04T12:27:17.308611
2025-09-04,48892,2025090404004924,PMHPL,Blue Chip Securities Ltd,Midas Stock Broking Company Private Limited,10,368.9,3689.0,2025-09-04T12:27:17.602753
2025-09-04,48761,2025090404004949,PMHPL,Naasa Securities Co. Ltd.,Capital Max Securities Ltd,10,365.1,3651.0,2025-09-04T12:27:50.692767
2025-09-04,48417,2025090404005027,PMHPL,Midas Stock Broking Company Private Limited,Vision Securities Pvt. Ltd,10,368.8,3688.0,2025-09-04T12:29:19.710766
2025-09-04,48381,2025090404005035,PMHPL,SHUBHAKAMANA SECURITIES PVT. LTD,MILKY WAY SHARE BROKER COMPANY LTD ,10,368.7,3687.0,2025-09-04T12:29:30.674278
2025-09-04,48327,2025090404005044,PMHPL,Naasa Securities Co. Ltd.,Capital Max Securities Ltd,90,365.1,32859.0,2025-09-04T12:29:45.069627
2025-09-04,48326,2025090404005045,PMHPL,Linch Stock Market Ltd.,Capital Max Securities Ltd,150,365.1,54765.0,2025-09-04T12:29:45.069756
2025-09-04,48215,2025090404005099,PMHPL,SHUBHAKAMANA SECURITIES PVT. LTD,Capital Max Securities Ltd,10,365.1,3651.0,2025-09-04T12:30:11.811809
2025-09-04,48210,2025090404005102,PMHPL,Sharepro Securities Private Limited,Capital Max Securities Ltd,20,365.1,7302.0,2025-09-04T12:30:13.411154
2025-09-04,48209,2025090404005103,PMHPL,Sharepro Securities Private Limited,MILKY WAY SHARE BROKER COMPANY LTD ,980,368.7,361326.0,2025-09-04T12:30:13.411466
2025-09-04,47982,2025090404005145,PMHPL,Naasa Securities Co. Ltd.,Capital Max Securities Ltd,10,364.1,3641.0,2025-09-04T12:31:05.31701
2025-09-04,47923,2025090404005156,PMHPL,Midas Stock Broking Company Private Limited,MILKY WAY SHARE BROKER COMPANY LTD ,11,368.7,4055.7,2025-09-04T12:31:22.117585
2025-09-04,47787,2025090404005186,PMHPL,Capital Max Securities Ltd,Blue Chip Securities Ltd,48,368.7,17697.6,2025-09-04T12:32:00.33987
2025-09-04,47754,2025090404005189,PMHPL,Naasa Securities Co. Ltd.,Capital Max Securities Ltd,10,364.1,3641.0,2025-09-04T12:32:08.566648
2025-09-04,47580,2025090404005222,PMHPL,Nepal Stock House (PVT) Ltd.,Blue Chip Securities Ltd,90,365.0,32850.0,2025-09-04T12:32:44.458251
2025-09-04,47295,2025090404005304,PMHPL,Nepal Stock House (PVT) Ltd.,Blue Chip Securities Ltd,10,365.0,3650.0,2025-09-04T12:33:35.999571
2025-09-04,47294,2025090404005305,PMHPL,Investment Management Nepal Pvt. Ltd.,Blue Chip Securities Ltd,990,365.0,361350.0,2025-09-04T12:33:35.999673
2025-09-04,47192,2025090404005331,PMHPL,Investment Management Nepal Pvt. Ltd.,R.B.B. Securities Company Ltd,10,365.0,3650.0,2025-09-04T12:33:59.12936
2025-09-04,47191,2025090404005332,PMHPL,Trishakti Securities Public Limited,R.B.B. Securities Company Ltd,200,364.2,72840.0,2025-09-04T12:33:59.129479
2025-09-04,47190,2025090404005333,PMHPL,Trishakti Securities Public Limited,R.B.B. Securities Company Ltd,1790,364.2,651918.0,2025-09-04T12:33:59.129529
2025-09-04,47007,2025090404005413,PMHPL,Midas Stock Broking Company Private Limited,Vision Securities Pvt. Ltd,10,368.3,3683.0,2025-09-04T12:34:35.860593
2025-09-04,46766,2025090404005495,PMHPL,Naasa Securities Co. Ltd.,Capital Max Securities Ltd,10,364.3,3643.0,2025-09-04T12:35:33.34756
2025-09-04,46336,2025090404005618,PMHPL,Naasa Securities Co. Ltd.,Cristal Kanchanjanga Securites Pvt. Ltd.,40,364.3,14572.0,2025-09-04T12:37:00.029241
2025-09-04,46335,2025090404005619,PMHPL,Aryatara Investment & Securities,Cristal Kanchanjanga Securites Pvt. Ltd.,10,364.3,3643.0,2025-09-04T12:37:00.029433
2025-09-04,46334,2025090404005620,PMHPL,Trishakti Securities Public Limited,Cristal Kanchanjanga Securites Pvt. Ltd.,75,364.2,27315.0,2025-09-04T12:37:00.029488
2025-09-04,46271,2025090404005627,PMHPL,Trishakti Securities Public Limited,Online Securities Pvt. Ltd.,1925,364.2,701085.0,2025-09-04T12:37:12.281049
2025-09-04,46251,2025090404005628,PMHPL,Vision Securities Pvt. Ltd,Online Securities Pvt. Ltd.,75,364.2,27315.0,2025-09-04T12:37:18.847302
2025-09-04,46188,2025090404005643,PMHPL,Vision Securities Pvt. Ltd,Nepal Investment And Securities Trading Private Limited,88,364.3,32058.4,2025-09-04T12:37:31.86782
2025-09-04,46141,2025090404005657,PMHPL,Vision Securities Pvt. Ltd,Blue Chip Securities Ltd,37,364.3,13479.1,2025-09-04T12:37:41.618683
2025-09-04,46140,2025090404005658,PMHPL,Aryatara Investment & Securities,Blue Chip Securities Ltd,500,364.1,182050.0,2025-09-04T12:37:41.61873
2025-09-04,46139,2025090404005659,PMHPL,Premier Securities Company Ltd.,Blue Chip Securities Ltd,100,364.0,36400.0,2025-09-04T12:37:41.618761
2025-09-04,46138,2025090404005660,PMHPL,Dipshikha Dhitopatra Karobar Co. Pvt Ltd.,Blue Chip Securities Ltd,300,363.9,109170.0,2025-09-04T12:37:41.618787
2025-09-04,46137,2025090404005661,PMHPL,Sharepro Securities Private Limited,Blue Chip Securities Ltd,1000,363.5,363500.0,2025-09-04T12:37:41.618815
2025-09-04,46136,2025090404005662,PMHPL,Aryatara Investment & Securities,Blue Chip Securities Ltd,10,363.3,3633.0,2025-09-04T12:37:41.618846
2025-09-04,46135,2025090404005663,PMHPL,Thrive Brokerage House Pvt. Ltd,Blue Chip Securities Ltd,53,363.1,19244.3,2025-09-04T12:37:41.618887
2025-09-04,46082,2025090404005671,PMHPL,Blue Chip Securities Ltd,MILKY WAY SHARE BROKER COMPANY LTD ,10,367.9,3679.0,2025-09-04T12:37:52.64653
2025-09-04,45927,2025090404005699,PMHPL,Thrive Brokerage House Pvt. Ltd,Blue Chip Securities Ltd,947,363.1,343855.7,2025-09-04T12:38:27.735106
2025-09-04,45926,2025090404005700,PMHPL,Dakshinkali Investment & Securities Pvt. Ltd.,Blue Chip Securities Ltd,400,363.0,145200.0,2025-09-04T12:38:27.735264
2025-09-04,45925,2025090404005701,PMHPL,Primo Securities (PVT) Ltd.,Blue Chip Securities Ltd,500,363.0,181500.0,2025-09-04T12:38:27.735418
2025-09-04,45924,2025090404005702,PMHPL,Premier Securities Company Ltd.,Blue Chip Securities Ltd,1000,363.0,363000.0,2025-09-04T12:38:27.735492
2025-09-04,45923,2025090404005703,PMHPL,Nepal Stock House (PVT) Ltd.,Blue Chip Securities Ltd,50,362.6,18130.0,2025-09-04T12:38:27.735574
2025-09-04,45922,2025090404005704,PMHPL,Sundhara Securities Limited,Blue Chip Securities Ltd,103,362.1,37296.3,2025-09-04T12:38:27.735648
2025-09-04,45891,2025090404005717,PMHPL,Blue Chip Securities Ltd,Midas Stock Broking Company Private Limited,10,367.8,3678.0,2025-09-04T12:38:36.770429
2025-09-04,45780,2025090404005752,PMHPL,Sani Securities Company Ltd.,Nepal Investment And Securities Trading Private Limited,100,367.0,36700.0,2025-09-04T12:39:04.802347
2025-09-04,45779,2025090404005753,PMHPL,Sani Securities Company Ltd.,Midas Stock Broking Company Private Limited,150,367.8,55170.0,2025-09-04T12:39:04.80246
2025-09-04,45445,2025090404005827,PMHPL,Sundhara Securities Limited,Capital Max Securities Ltd,10,362.1,3621.0,2025-09-04T12:40:11.265295
2025-09-04,45144,2025090404005913,PMHPL,Sundhara Securities Limited,Vision Securities Pvt. Ltd,52,362.1,18829.2,2025-09-04T12:41:22.703539
2025-09-04,45143,2025090404005914,PMHPL,Trishakti Securities Public Limited,Vision Securities Pvt. Ltd,238,362.1,86179.8,2025-09-04T12:41:22.703668
2025-09-04,44865,2025090404005979,PMHPL,Trishakti Securities Public Limited,Sumeru Securities Pvt. Ltd.,100,362.1,36210.0,2025-09-04T12:42:26.664459
2025-09-04,44782,2025090404005992,PMHPL,Trishakti Securities Public Limited,Linch Stock Market Ltd.,1662,362.1,601810.2,2025-09-04T12:42:42.108466
2025-09-04,44781,2025090404005993,PMHPL,Aryatara Investment & Securities,Linch Stock Market Ltd.,338,362.1,122389.8,2025-09-04T12:42:42.108586
2025-09-04,44767,2025090404005997,PMHPL,Aryatara Investment & Securities,Miyo Securities Pvt Ltd,62,362.1,22450.2,2025-09-04T12:42:45.144747
2025-09-04,44646,2025090404006022,PMHPL,Pragyan Securities (PVT) Ltd.,Aryatara Investment & Securities,185,362.0,66970.0,2025-09-04T12:43:09.156874
2025-09-04,44645,2025090404006023,PMHPL,Dipshikha Dhitopatra Karobar Co. Pvt Ltd.,Aryatara Investment & Securities,115,362.0,41630.0,2025-09-04T12:43:09.157015
2025-09-04,44596,2025090404006041,PMHPL,Sharepro Securities Private Limited,Miyo Securities Pvt Ltd,37,362.1,13397.7,2025-09-04T12:43:18.89582
2025-09-04,44593,2025090404006042,PMHPL,Trishakti Securities Public Limited,Miyo Securities Pvt Ltd,101,362.1,36572.1,2025-09-04T12:43:19.941827
2025-09-04,44589,2025090404006043,PMHPL,Trishakti Securities Public Limited,Online Securities Pvt. Ltd.,249,363.0,90387.0,2025-09-04T12:43:20.634665
2025-09-04,44588,2025090404006044,PMHPL,Dipshikha Dhitopatra Karobar Co. Pvt Ltd.,Online Securities Pvt. Ltd.,75,362.0,27150.0,2025-09-04T12:43:20.634841
2025-09-04,44587,2025090404006045,PMHPL,Sumeru Securities Pvt. Ltd.,Online Securities Pvt. Ltd.,100,362.0,36200.0,2025-09-04T12:43:20.634891
2025-09-04,44586,2025090404006046,PMHPL,N.I.M.B. Stock Markets Limited,Online Securities Pvt. Ltd.,10,362.0,3620.0,2025-09-04T12:43:20.63497
2025-09-04,44585,2025090404006047,PMHPL,ABC Securities Private Limited,Online Securities Pvt. Ltd.,500,361.1,180550.0,2025-09-04T12:43:20.635029
2025-09-04,44584,2025090404006048,PMHPL,Siprabi Securities Pvt. Ltd.,Online Securities Pvt. Ltd.,600,361.0,216600.0,2025-09-04T12:43:20.635078
2025-09-04,44583,2025090404006049,PMHPL,Sani Securities Company Ltd.,Online Securities Pvt. Ltd.,1000,361.0,361000.0,2025-09-04T12:43:20.635124
2025-09-04,44582,2025090404006050,PMHPL,Dynamic Money Managers Securities Pvt. Ltd.,Online Securities Pvt. Ltd.,1350,361.0,487350.0,2025-09-04T12:43:20.635168
2025-09-04,44581,2025090404006051,PMHPL,Oxford Securities Pvt. Ltd.,Online Securities Pvt. Ltd.,100,361.0,36100.0,2025-09-04T12:43:20.63521
2025-09-04,44580,2025090404006052,PMHPL,Agrawal Securities (PVT) Ltd.,Online Securities Pvt. Ltd.,16,361.0,5776.0,2025-09-04T12:43:20.635251
2025-09-04,43470,2025090404006274,PMHPL,Bhrikuti Stock Broking Co. Pvt. Ltd.,Aryatara Investment & Securities,100,362.2,36220.0,2025-09-04T12:46:55.701657
2025-09-04,42372,2025090404006509,PMHPL,Naasa Securities Co. Ltd.,Naasa Securities Co. Ltd.,10,364.0,3640.0,2025-09-04T12:50:27.071033
2025-09-04,42236,2025090404006539,PMHPL,Trishakti Securities Public Limited,Aryatara Investment & Securities,500,363.0,181500.0,2025-09-04T12:50:51.668449
2025-09-04,42000,2025090404006595,PMHPL,Bhrikuti Stock Broking Co. Pvt. Ltd.,Blue Chip Securities Ltd,100,363.1,36310.0,2025-09-04T12:51:45.853607
2025-09-04,41999,2025090404006596,PMHPL,Agrawal Securities (PVT) Ltd.,Blue Chip Securities Ltd,100,363.0,36300.0,2025-09-04T12:51:45.853866
2025-09-04,41998,2025090404006597,PMHPL,Bhrikuti Stock Broking Co. Pvt. Ltd.,Blue Chip Securities Ltd,200,362.4,72480.0,2025-09-04T12:51:45.854081
2025-09-04,41997,2025090404006598,PMHPL,Shree Krishna Securities Ltd.,Blue Chip Securities Ltd,100,362.3,36230.0,2025-09-04T12:51:45.854289
2025-09-04,41933,2025090404006608,PMHPL,Imperial Securities Company Pvt. Ltd.,Blue Chip Securities Ltd,300,362.2,108660.0,2025-09-04T12:52:03.899222
2025-09-04,41932,2025090404006609,PMHPL,Dipshikha Dhitopatra Karobar Co. Pvt Ltd.,Blue Chip Securities Ltd,120,362.1,43452.0,2025-09-04T12:52:03.899303
2025-09-04,41931,2025090404006610,PMHPL,Shree Krishna Securities Ltd.,Blue Chip Securities Ltd,200,362.0,72400.0,2025-09-04T12:52:03.899364
2025-09-04,41930,2025090404006611,PMHPL,Premier Securities Company Ltd.,Blue Chip Securities Ltd,20,362.0,7240.0,2025-09-04T12:52:03.899385
2025-09-04,41929,2025090404006612,PMHPL,Sumeru Securities Pvt. Ltd.,Blue Chip Securities Ltd,30,361.1,10833.0,2025-09-04T12:52:03.899409
2025-09-04,41928,2025090404006613,PMHPL,Trishakti Securities Public Limited,Blue Chip Securities Ltd,1970,361.1,711367.0,2025-09-04T12:52:03.89943
2025-09-04,41927,2025090404006614,PMHPL,Blue Chip Securities Ltd,Naasa Securities Co. Ltd.,10,364.0,3640.0,2025-09-04T12:52:03.901253
2025-09-04,41669,2025090404006661,PMHPL,Online Securities Pvt. Ltd.,Midas Stock Broking Company Private Limited,500,363.9,181950.0,2025-09-04T12:52:56.120399
2025-09-04,41668,2025090404006662,PMHPL,Online Securities Pvt. Ltd.,Naasa Securities Co. Ltd.,185,364.0,67340.0,2025-09-04T12:52:56.120636
2025-09-04,41561,2025090404006689,PMHPL,Sharepro Securities Private Limited,Naasa Securities Co. Ltd.,45,364.0,16380.0,2025-09-04T12:53:15.770989
2025-09-04,41560,2025090404006690,PMHPL,Sharepro Securities Private Limited,Online Securities Pvt. Ltd.,655,364.0,238420.0,2025-09-04T12:53:15.771151
2025-09-04,39905,2025090404007091,PMHPL,ABC Securities Private Limited,Blue Chip Securities Ltd,100,363.0,36300.0,2025-09-04T12:59:21.046905
2025-09-04,39738,2025090404007120,PMHPL,Premier Securities Company Ltd.,Blue Chip Securities Ltd,300,361.5,108450.0,2025-09-04T13:00:10.176394
2025-09-04,39737,2025090404007121,PMHPL,Bhrikuti Stock Broking Co. Pvt. Ltd.,Blue Chip Securities Ltd,100,361.3,36130.0,2025-09-04T13:00:10.176462
2025-09-04,39736,2025090404007122,PMHPL,Bhrikuti Stock Broking Co. Pvt. Ltd.,Blue Chip Securities Ltd,100,361.2,36120.0,2025-09-04T13:00:10.17649
2025-09-04,39735,2025090404007123,PMHPL,Bhrikuti Stock Broking Co. Pvt. Ltd.,Blue Chip Securities Ltd,100,361.2,36120.0,2025-09-04T13:00:10.176515
2025-09-04,39734,2025090404007124,PMHPL,Trishakti Securities Public Limited,Blue Chip Securities Ltd,1000,361.2,361200.0,2025-09-04T13:00:10.176538
2025-09-04,39733,2025090404007125,PMHPL,Agrawal Securities (PVT) Ltd.,Blue Chip Securities Ltd,144,361.0,51984.0,2025-09-04T13:00:10.176564
2025-09-04,39732,2025090404007126,PMHPL,Aryatara Investment & Securities,Blue Chip Securities Ltd,100,361.0,36100.0,2025-09-04T13:00:10.176591
2025-09-04,39731,2025090404007127,PMHPL,Sani Securities Company Ltd.,Blue Chip Securities Ltd,20,361.0,7220.0,2025-09-04T13:00:10.176616
2025-09-04,39730,2025090404007128,PMHPL,Linch Stock Market Ltd.,Blue Chip Securities Ltd,400,361.0,144400.0,2025-09-04T13:00:10.176663
2025-09-04,39729,2025090404007129,PMHPL,Prabhu Stock Market Limited,Blue Chip Securities Ltd,1000,361.0,361000.0,2025-09-04T13:00:10.176691
2025-09-04,39728,2025090404007130,PMHPL,ABC Securities Private Limited,Blue Chip Securities Ltd,50,360.7,18035.0,2025-09-04T13:00:10.176722
2025-09-04,39727,2025090404007131,PMHPL,ABC Securities Private Limited,Blue Chip Securities Ltd,86,360.7,31020.2,2025-09-04T13:00:10.176751
2025-09-04,39712,2025090404007133,PMHPL,Blue Chip Securities Ltd,Online Securities Pvt. Ltd.,10,364.0,3640.0,2025-09-04T13:00:14.189952
2025-09-04,39630,2025090404007140,PMHPL,ABC Securities Private Limited,Capital Max Securities Ltd,64,360.7,23084.8,2025-09-04T13:00:32.787266
2025-09-04,39629,2025090404007141,PMHPL,ABC Securities Private Limited,Capital Max Securities Ltd,336,360.1,120993.6,2025-09-04T13:00:32.787523
2025-09-04,39328,2025090404007262,PMHPL,Bhrikuti Stock Broking Co. Pvt. Ltd.,Dipshikha Dhitopatra Karobar Co. Pvt Ltd.,100,360.2,36020.0,2025-09-04T13:01:40.595932
2025-09-04,39327,2025090404007263,PMHPL,Bhrikuti Stock Broking Co. Pvt. Ltd.,Dipshikha Dhitopatra Karobar Co. Pvt Ltd.,100,360.2,36020.0,2025-09-04T13:01:40.596079
2025-09-04,39326,2025090404007264,PMHPL,ABC Securities Private Limited,Dipshikha Dhitopatra Karobar Co. Pvt Ltd.,164,360.1,59056.4,2025-09-04T13:01:40.596129
2025-09-04,39325,2025090404007265,PMHPL,Cristal Kanchanjanga Securites Pvt. Ltd.,Dipshikha Dhitopatra Karobar Co. Pvt Ltd.,136,360.0,48960.0,2025-09-04T13:01:40.596178
2025-09-04,39302,2025090404007268,PMHPL,Cristal Kanchanjanga Securites Pvt. Ltd.,Online Securities Pvt. Ltd.,364,360.0,131040.0,2025-09-04T13:01:48.000881
2025-09-04,39301,2025090404007269,PMHPL,Vision Securities Pvt. Ltd,Online Securities Pvt. Ltd.,200,360.0,72000.0,2025-09-04T13:01:48.001019
2025-09-04,39300,2025090404007270,PMHPL,Imperial Securities Company Pvt. Ltd.,Online Securities Pvt. Ltd.,220,360.0,79200.0,2025-09-04T13:01:48.00107
2025-09-04,39299,2025090404007271,PMHPL,Siprabi Securities Pvt. Ltd.,Online Securities Pvt. Ltd.,50,360.0,18000.0,2025-09-04T13:01:48.001115
2025-09-04,39298,2025090404007272,PMHPL,Naasa Securities Co. Ltd.,Online Securities Pvt. Ltd.,100,360.0,36000.0,2025-09-04T13:01:48.001159
2025-09-04,39297,2025090404007273,PMHPL,Vision Securities Pvt. Ltd,Online Securities Pvt. Ltd.,500,360.0,180000.0,2025-09-04T13:01:48.0012
2025-09-04,39296,2025090404007274,PMHPL,Sri Hari Securities Pvt. Ltd.,Online Securities Pvt. Ltd.,25,360.0,9000.0,2025-09-04T13:01:48.001277
2025-09-04,39295,2025090404007275,PMHPL,Kumari Securities Private Limited,Online Securities Pvt. Ltd.,60,360.0,21600.0,2025-09-04T13:01:48.001323
2025-09-04,39294,2025090404007276,PMHPL,Kumari Securities Private Limited,Online Securities Pvt. Ltd.,166,360.0,59760.0,2025-09-04T13:01:48.001361
2025-09-04,39118,2025090404007309,PMHPL,Imperial Securities Company Pvt. Ltd.,KALASH STOCK MARKET PVT. LTD.,40,361.0,14440.0,2025-09-04T13:02:28.498983
2025-09-04,39117,2025090404007310,PMHPL,Premier Securities Company Ltd.,KALASH STOCK MARKET PVT. LTD.,20,360.1,7202.0,2025-09-04T13:02:28.499101
2025-09-04,39116,2025090404007311,PMHPL,Kumari Securities Private Limited,KALASH STOCK MARKET PVT. LTD.,34,360.0,12240.0,2025-09-04T13:02:28.499146
2025-09-04,39115,2025090404007312,PMHPL,Imperial Securities Company Pvt. Ltd.,KALASH STOCK MARKET PVT. LTD.,906,360.0,326160.0,2025-09-04T13:02:28.499186
2025-09-04,38415,2025090404007474,PMHPL,Sharepro Securities Private Limited,Blue Chip Securities Ltd,20,360.3,7206.0,2025-09-04T13:05:12.996252
2025-09-04,38414,2025090404007475,PMHPL,Aryatara Investment & Securities,Blue Chip Securities Ltd,100,360.2,36020.0,2025-09-04T13:05:12.996304
2025-09-04,38413,2025090404007476,PMHPL,Imperial Securities Company Pvt. Ltd.,Blue Chip Securities Ltd,94,360.0,33840.0,2025-09-04T13:05:12.99634
2025-09-04,38412,2025090404007477,PMHPL,J.F. Securites (PVT) Ltd.,Blue Chip Securities Ltd,20,359.7,7194.0,2025-09-04T13:05:12.996367
2025-09-04,38411,2025090404007478,PMHPL,Vision Securities Pvt. Ltd,Blue Chip Securities Ltd,100,359.0,35900.0,2025-09-04T13:05:12.996395
2025-09-04,38410,2025090404007479,PMHPL,Vision Securities Pvt. Ltd,Blue Chip Securities Ltd,30,358.9,10767.0,2025-09-04T13:05:12.996424
2025-09-04,38409,2025090404007480,PMHPL,Sundhara Securities Limited,Blue Chip Securities Ltd,160,358.1,57296.0,2025-09-04T13:05:12.996454
2025-09-04,38408,2025090404007481,PMHPL,Sumeru Securities Pvt. Ltd.,Blue Chip Securities Ltd,200,358.0,71600.0,2025-09-04T13:05:12.996493
2025-09-04,38407,2025090404007482,PMHPL,Malla & Malla Stock Broking Company Pvt. Limited,Blue Chip Securities Ltd,50,358.0,17900.0,2025-09-04T13:05:12.99652
2025-09-04,38406,2025090404007483,PMHPL,Investment Management Nepal Pvt. Ltd.,Blue Chip Securities Ltd,50,358.0,17900.0,2025-09-04T13:05:12.99654
2025-09-04,38405,2025090404007484,PMHPL,Trishakti Securities Public Limited,Blue Chip Securities Ltd,50,358.0,17900.0,2025-09-04T13:05:12.996561
2025-09-04,38404,2025090404007485,PMHPL,Vision Securities Pvt. Ltd,Blue Chip Securities Ltd,599,357.9,214382.1,2025-09-04T13:05:12.996582
2025-09-04,38403,2025090404007486,PMHPL,ABC Securities Private Limited,Blue Chip Securities Ltd,500,357.7,178850.0,2025-09-04T13:05:12.996603
2025-09-04,38402,2025090404007487,PMHPL,Kumari Securities Private Limited,Blue Chip Securities Ltd,300,357.0,107100.0,2025-09-04T13:05:12.996651
2025-09-04,38401,2025090404007488,PMHPL,South Asian Bulls Pvt. Ltd.,Blue Chip Securities Ltd,1000,357.0,357000.0,2025-09-04T13:05:12.996704
2025-09-04,38400,2025090404007489,PMHPL,K.B.L. Securities Limited ,Blue Chip Securities Ltd,350,356.8,124880.0,2025-09-04T13:05:12.996729
2025-09-04,38399,2025090404007490,PMHPL,Primo Securities (PVT) Ltd.,Blue Chip Securities Ltd,300,356.0,106800.0,2025-09-04T13:05:12.996761
2025-09-04,38398,2025090404007491,PMHPL,Naasa Securities Co. Ltd.,Blue Chip Securities Ltd,200,356.0,71200.0,2025-09-04T13:05:12.996797
2025-09-04,38397,2025090404007492,PMHPL,Himalayan Brokerage Company Limited,Blue Chip Securities Ltd,500,356.0,178000.0,2025-09-04T13:05:12.996823
2025-09-04,38396,2025090404007493,PMHPL,Naasa Securities Co. Ltd.,Blue Chip Securities Ltd,10,356.0,3560.0,2025-09-04T13:05:12.996849
2025-09-04,38395,2025090404007494,PMHPL,Elite Stock House Limited,Blue Chip Securities Ltd,1000,355.8,355800.0,2025-09-04T13:05:12.99687
2025-09-04,38394,2025090404007495,PMHPL,Cristal Kanchanjanga Securites Pvt. Ltd.,Blue Chip Securities Ltd,90,355.8,32022.0,2025-09-04T13:05:12.99689
2025-09-04,38393,2025090404007496,PMHPL,Imperial Securities Company Pvt. Ltd.,Blue Chip Securities Ltd,500,355.8,177900.0,2025-09-04T13:05:12.99691
2025-09-04,38392,2025090404007497,PMHPL,Nepal Stock House (PVT) Ltd.,Blue Chip Securities Ltd,100,355.5,35550.0,2025-09-04T13:05:12.996959
2025-09-04,38391,2025090404007498,PMHPL,Cristal Kanchanjanga Securites Pvt. Ltd.,Blue Chip Securities Ltd,500,355.1,177550.0,2025-09-04T13:05:12.996981
2025-09-04,38390,2025090404007499,PMHPL,Opal Securities Investment (PVT) Ltd.,Blue Chip Securities Ltd,2000,355.0,710000.0,2025-09-04T13:05:12.997014
2025-09-04,38389,2025090404007500,PMHPL,Vision Securities Pvt. Ltd,Blue Chip Securities Ltd,5000,355.0,1775000.0,2025-09-04T13:05:12.997043
2025-09-04,38388,2025090404007501,PMHPL,Linch Stock Market Ltd.,Blue Chip Securities Ltd,250,355.0,88750.0,2025-09-04T13:05:12.997078
2025-09-04,38387,2025090404007502,PMHPL,Premier Securities Company Ltd.,Blue Chip Securities Ltd,500,355.0,177500.0,2025-09-04T13:05:12.997103
2025-09-04,38386,2025090404007503,PMHPL,Vision Securities Pvt. Ltd,Blue Chip Securities Ltd,200,355.0,71000.0,2025-09-04T13:05:12.997132
2025-09-04,38385,2025090404007504,PMHPL,Vision Securities Pvt. Ltd,Blue Chip Securities Ltd,200,355.0,71000.0,2025-09-04T13:05:12.997154
2025-09-04,38384,2025090404007505,PMHPL,South Asian Bulls Pvt. Ltd.,Blue Chip Securities Ltd,100,355.0,35500.0,2025-09-04T13:05:12.997182
2025-09-04,38383,2025090404007506,PMHPL,Imperial Securities Company Pvt. Ltd.,Blue Chip Securities Ltd,1000,355.0,355000.0,2025-09-04T13:05:12.997206
2025-09-04,38382,2025090404007507,PMHPL,Sumeru Securities Pvt. Ltd.,Blue Chip Securities Ltd,200,355.0,71000.0,2025-09-04T13:05:12.997228
2025-09-04,38381,2025090404007508,PMHPL,Ashutosh Brokerage & Securities (PVT) Ltd.,Blue Chip Securities Ltd,500,355.0,177500.0,2025-09-04T13:05:12.997251
2025-09-04,38380,2025090404007509,PMHPL,Sani Securities Company Ltd.,Blue Chip Securities Ltd,800,355.0,284000.0,2025-09-04T13:05:12.997274
2025-09-04,38379,2025090404007510,PMHPL,Himalayan Brokerage Company Limited,Blue Chip Securities Ltd,200,355.0,71000.0,2025-09-04T13:05:12.997297
2025-09-04,38378,2025090404007511,PMHPL,Kumari Securities Private Limited,Blue Chip Securities Ltd,40,355.0,14200.0,2025-09-04T13:05:12.997324
2025-09-04,38377,2025090404007512,PMHPL,J.F. Securites (PVT) Ltd.,Blue Chip Securities Ltd,20,354.9,7098.0,2025-09-04T13:05:12.997342
2025-09-04,38376,2025090404007513,PMHPL,Sani Securities Company Ltd.,Blue Chip Securities Ltd,20,354.0,7080.0,2025-09-04T13:05:12.997366
2025-09-04,38375,2025090404007514,PMHPL,Kohinoor Investment & Securities Pvt. Ltd.,Blue Chip Securities Ltd,100,354.0,35400.0,2025-09-04T13:05:12.99739
2025-09-04,38374,2025090404007515,PMHPL,Kalika Securities Pvt. Ltd.,Blue Chip Securities Ltd,500,354.0,177000.0,2025-09-04T13:05:12.997411
2025-09-04,38373,2025090404007516,PMHPL,Neev Securities Pvt. Ltd.,Blue Chip Securities Ltd,20,353.8,7076.0,2025-09-04T13:05:12.997437
2025-09-04,38372,2025090404007517,PMHPL,Sani Securities Company Ltd.,Blue Chip Securities Ltd,500,353.0,176500.0,2025-09-04T13:05:12.997472
2025-09-04,38371,2025090404007518,PMHPL,Sundhara Securities Limited,Blue Chip Securities Ltd,50,353.0,17650.0,2025-09-04T13:05:12.997504
2025-09-04,38370,2025090404007519,PMHPL,Primo Securities (PVT) Ltd.,Blue Chip Securities Ltd,400,353.0,141200.0,2025-09-04T13:05:12.997527
2025-09-04,38369,2025090404007520,PMHPL,ABC Securities Private Limited,Blue Chip Securities Ltd,50,353.0,17650.0,2025-09-04T13:05:12.997547
2025-09-04,38368,2025090404007521,PMHPL,Creative Securities Pvt Ltd,Blue Chip Securities Ltd,794,353.0,280282.0,2025-09-04T13:05:12.997572
2025-09-04,38320,2025090404007528,PMHPL,Blue Chip Securities Ltd,N.M.B. SECURITIES LIMITED,10,365.0,3650.0,2025-09-04T13:05:27.035637
2025-09-04,37384,2025090404007747,PMHPL,Linch Stock Market Ltd.,Malla & Malla Stock Broking Company Pvt. Limited,50,360.0,18000.0,2025-09-04T13:08:47.405201
2025-09-04,36590,2025090404007937,PMHPL,Sharepro Securities Private Limited,Shree Krishna Securities Ltd.,35,363.0,12705.0,2025-09-04T13:12:02.211057
2025-09-04,36260,2025090404008009,PMHPL,Sharepro Securities Private Limited,Aryatara Investment & Securities,250,362.8,90700.0,2025-09-04T13:13:33.458992
2025-09-04,36068,2025090404008030,PMHPL,Sharepro Securities Private Limited,Vision Securities Pvt. Ltd,20,360.2,7204.0,2025-09-04T13:14:32.535874
2025-09-04,36067,2025090404008031,PMHPL,SUN SECURITIES PVT LTD,Vision Securities Pvt. Ltd,180,360.1,64818.0,2025-09-04T13:14:32.536038
2025-09-04,36014,2025090404008036,PMHPL,SUN SECURITIES PVT LTD,N.M.B. SECURITIES LIMITED,820,360.1,295282.0,2025-09-04T13:14:48.457185
2025-09-04,36013,2025090404008037,PMHPL,Agrawal Securities (PVT) Ltd.,N.M.B. SECURITIES LIMITED,1000,360.1,360100.0,2025-09-04T13:14:48.457426
2025-09-04,36012,2025090404008038,PMHPL,Linch Stock Market Ltd.,N.M.B. SECURITIES LIMITED,10,360.0,3600.0,2025-09-04T13:14:48.457543
2025-09-04,36011,2025090404008039,PMHPL,Naasa Securities Co. Ltd.,N.M.B. SECURITIES LIMITED,160,360.0,57600.0,2025-09-04T13:14:48.457644
2025-09-04,35411,2025090404008146,PMHPL,Sharepro Securities Private Limited,Thrive Brokerage House Pvt. Ltd,100,360.1,36010.0,2025-09-04T13:17:25.821632
2025-09-04,35274,2025090404008177,PMHPL,Naasa Securities Co. Ltd.,SHUBHAKAMANA SECURITIES PVT. LTD,340,360.0,122400.0,2025-09-04T13:18:05.471215
2025-09-04,35273,2025090404008178,PMHPL,Asian Securities Private Ltd.,SHUBHAKAMANA SECURITIES PVT. LTD,25,360.0,9000.0,2025-09-04T13:18:05.471308
2025-09-04,35272,2025090404008179,PMHPL,Shree Krishna Securities Ltd.,SHUBHAKAMANA SECURITIES PVT. LTD,50,360.0,18000.0,2025-09-04T13:18:05.47142
2025-09-04,35096,2025090404008202,PMHPL,Naasa Securities Co. Ltd.,SHUBHAKAMANA SECURITIES PVT. LTD,11,360.0,3960.0,2025-09-04T13:18:56.357818
2025-09-04,34985,2025090404008234,PMHPL,Agrawal Securities (PVT) Ltd.,SHUBHAKAMANA SECURITIES PVT. LTD,31,358.0,11098.0,2025-09-04T13:19:25.672861
2025-09-04,34464,2025090404008379,PMHPL,Imperial Securities Company Pvt. Ltd.,SUN SECURITIES PVT LTD,500,358.2,179100.0,2025-09-04T13:21:47.363991
2025-09-04,34463,2025090404008380,PMHPL,Agrawal Securities (PVT) Ltd.,SUN SECURITIES PVT LTD,50,358.1,17905.0,2025-09-04T13:21:47.364155
2025-09-04,34462,2025090404008381,PMHPL,Agrawal Securities (PVT) Ltd.,SUN SECURITIES PVT LTD,69,358.0,24702.0,2025-09-04T13:21:47.364275
2025-09-04,34461,2025090404008382,PMHPL,Shree Krishna Securities Ltd.,SUN SECURITIES PVT LTD,50,358.0,17900.0,2025-09-04T13:21:47.364407
2025-09-04,34460,2025090404008383,PMHPL,Trishakti Securities Public Limited,SUN SECURITIES PVT LTD,572,358.0,204776.0,2025-09-04T13:21:47.364512
2025-09-04,34178,2025090404008429,PMHPL,Trishakti Securities Public Limited,Kumari Securities Private Limited,30,358.0,10740.0,2025-09-04T13:23:06.781417
2025-09-04,34033,2025090404008471,PMHPL,Bhrikuti Stock Broking Co. Pvt. Ltd.,Vision Securities Pvt. Ltd,100,359.9,35990.0,2025-09-04T13:23:50.232694
2025-09-04,33436,2025090404008575,PMHPL,Himalayan Brokerage Company Limited,J.F. Securites (PVT) Ltd.,26,360.0,9360.0,2025-09-04T13:25:51.459328
2025-09-04,33384,2025090404008580,PMHPL,Trishakti Securities Public Limited,J.F. Securites (PVT) Ltd.,974,360.0,350640.0,2025-09-04T13:26:08.954777
2025-09-04,33383,2025090404008581,PMHPL,Trishakti Securities Public Limited,J.F. Securites (PVT) Ltd.,126,360.0,45360.0,2025-09-04T13:26:08.954822
2025-09-04,33274,2025090404008617,PMHPL,Trishakti Securities Public Limited,J.F. Securites (PVT) Ltd.,74,360.0,26640.0,2025-09-04T13:26:34.051531
2025-09-04,33136,2025090404008637,PMHPL,Sumeru Securities Pvt. Ltd.,Kalika Securities Pvt. Ltd.,10,360.0,3600.0,2025-09-04T13:27:16.680634
2025-09-04,33135,2025090404008638,PMHPL,Sumeru Securities Pvt. Ltd.,Shree Krishna Securities Ltd.,88,363.0,31944.0,2025-09-04T13:27:16.680865
2025-09-04,33134,2025090404008639,PMHPL,Sumeru Securities Pvt. Ltd.,Sani Securities Company Ltd.,10,363.0,3630.0,2025-09-04T13:27:16.680985
2025-09-04,33118,2025090404008642,PMHPL,Investment Management Nepal Pvt. Ltd.,Linch Stock Market Ltd.,500,359.0,179500.0,2025-09-04T13:27:19.670414
2025-09-04,33117,2025090404008643,PMHPL,Trishakti Securities Public Limited,Linch Stock Market Ltd.,360,358.2,128952.0,2025-09-04T13:27:19.670504
2025-09-04,33116,2025090404008644,PMHPL,Neev Securities Pvt. Ltd.,Linch Stock Market Ltd.,350,358.1,125335.0,2025-09-04T13:27:19.670537
2025-09-04,33115,2025090404008645,PMHPL,Trishakti Securities Public Limited,Linch Stock Market Ltd.,1790,358.1,640999.0,2025-09-04T13:27:19.670565
2025-09-04,32150,2025090404008870,PMHPL,Midas Stock Broking Company Private Limited,Sani Securities Company Ltd.,10,363.0,3630.0,2025-09-04T13:31:55.404368
2025-09-04,31826,2025090404008966,PMHPL,Naasa Securities Co. Ltd.,Kalika Securities Pvt. Ltd.,10,363.0,3630.0,2025-09-04T13:33:23.258575
2025-09-04,31100,2025090404009173,PMHPL,Imperial Securities Company Pvt. Ltd.,R.B.B. Securities Company Ltd,500,363.4,181700.0,2025-09-04T13:36:15.061614
2025-09-04,30782,2025090404009256,PMHPL,Naasa Securities Co. Ltd.,Midas Stock Broking Company Private Limited,110,363.9,40029.0,2025-09-04T13:37:41.011423
2025-09-04,30652,2025090404009284,PMHPL,Trishakti Securities Public Limited,Midas Stock Broking Company Private Limited,200,363.9,72780.0,2025-09-04T13:38:09.833332
2025-09-04,30614,2025090404009288,PMHPL,Capital Max Securities Ltd,Shree Krishna Securities Ltd.,200,360.0,72000.0,2025-09-04T13:38:18.177613
2025-09-04,30186,2025090404009368,PMHPL,Pragyan Securities (PVT) Ltd.,Midas Stock Broking Company Private Limited,20,363.6,7272.0,2025-09-04T13:40:02.602551
2025-09-04,29830,2025090404009432,PMHPL,Agrawal Securities (PVT) Ltd.,Midas Stock Broking Company Private Limited,20,363.6,7272.0,2025-09-04T13:40:59.85754
2025-09-04,29806,2025090404009439,PMHPL,Sajilo Broker Limited,Thrive Brokerage House Pvt. Ltd,100,363.7,36370.0,2025-09-04T13:41:05.044684
2025-09-04,29572,2025090404009487,PMHPL,Nepal Stock House (PVT) Ltd.,Agrawal Securities (PVT) Ltd.,100,361.0,36100.0,2025-09-04T13:42:01.318378
2025-09-04,29255,2025090404009560,PMHPL,Trishakti Securities Public Limited,Midas Stock Broking Company Private Limited,300,364.7,109410.0,2025-09-04T13:43:07.475722
2025-09-04,29254,2025090404009561,PMHPL,Trishakti Securities Public Limited,Thrive Brokerage House Pvt. Ltd,100,364.8,36480.0,2025-09-04T13:43:07.475843
2025-09-04,29253,2025090404009562,PMHPL,Trishakti Securities Public Limited,Trishakti Securities Public Limited,1220,364.9,445178.0,2025-09-04T13:43:07.475941
2025-09-04,29252,2025090404009563,PMHPL,Trishakti Securities Public Limited,Trishakti Securities Public Limited,880,364.9,321112.0,2025-09-04T13:43:07.476035
2025-09-04,29205,2025090404009569,PMHPL,Trishakti Securities Public Limited,Creative Securities Pvt Ltd,130,364.8,47424.0,2025-09-04T13:43:18.535594
2025-09-04,28904,2025090404009629,PMHPL,Trishakti Securities Public Limited,Trishakti Securities Public Limited,120,361.0,43320.0,2025-09-04T13:44:31.93354
2025-09-04,26628,2025090404010181,PMHPL,Kohinoor Investment & Securities Pvt. Ltd.,Sri Hari Securities Pvt. Ltd.,50,360.0,18000.0,2025-09-04T13:53:24.062209
2025-09-04,25751,2025090404010438,PMHPL,Trishakti Securities Public Limited,Sri Hari Securities Pvt. Ltd.,500,360.0,180000.0,2025-09-04T13:56:55.470187
2025-09-04,25635,2025090404010467,PMHPL,Linch Stock Market Ltd.,Sri Hari Securities Pvt. Ltd.,10,360.0,3600.0,2025-09-04T13:57:33.316872
2025-09-04,25536,2025090404010485,PMHPL,Trishakti Securities Public Limited,Sri Hari Securities Pvt. Ltd.,1024,360.0,368640.0,2025-09-04T13:58:06.827258
2025-09-04,25535,2025090404010486,PMHPL,Trishakti Securities Public Limited,Sri Hari Securities Pvt. Ltd.,376,360.0,135360.0,2025-09-04T13:58:06.827341
2025-09-04,24908,2025090404010632,PMHPL,Himalayan Securities Limited,Sri Hari Securities Pvt. Ltd.,70,360.0,25200.0,2025-09-04T14:00:37.411596
2025-09-04,23045,2025090404011089,PMHPL,Himalayan Securities Limited,Creative Securities Pvt Ltd,15,360.0,5400.0,2025-09-04T14:07:30.581309
2025-09-04,23044,2025090404011090,PMHPL,Kumari Securities Private Limited,Creative Securities Pvt Ltd,10,360.0,3600.0,2025-09-04T14:07:30.581452
2025-09-04,23043,2025090404011091,PMHPL,Dynamic Money Managers Securities Pvt. Ltd.,Creative Securities Pvt Ltd,10,360.0,3600.0,2025-09-04T14:07:30.581499
2025-09-04,23042,2025090404011092,PMHPL,Bhrikuti Stock Broking Co. Pvt. Ltd.,Creative Securities Pvt Ltd,100,360.0,36000.0,2025-09-04T14:07:30.58156
2025-09-04,21929,2025090404011367,PMHPL,Midas Stock Broking Company Private Limited,Malla & Malla Stock Broking Company Pvt. Limited,130,362.0,47060.0,2025-09-04T14:11:44.736388
2025-09-04,21928,2025090404011368,PMHPL,Midas Stock Broking Company Private Limited,Midas Stock Broking Company Private Limited,100,363.9,36390.0,2025-09-04T14:11:44.73645
2025-09-04,21927,2025090404011369,PMHPL,Midas Stock Broking Company Private Limited,Vision Securities Pvt. Ltd,100,363.9,36390.0,2025-09-04T14:11:44.736472
2025-09-04,21926,2025090404011370,PMHPL,Midas Stock Broking Company Private Limited,Nepal Investment And Securities Trading Private Limited,20,364.0,7280.0,2025-09-04T14:11:44.736497
2025-09-04,21699,2025090404011431,PMHPL,Swarna Laxmi Securities Pvt. Ltd.,Nepal Investment And Securities Trading Private Limited,45,364.0,16380.0,2025-09-04T14:12:34.58263
2025-09-04,21621,2025090404011447,PMHPL,Aryatara Investment & Securities,Nepal Investment And Securities Trading Private Limited,35,364.0,12740.0,2025-09-04T14:12:57.203761
2025-09-04,21620,2025090404011448,PMHPL,Aryatara Investment & Securities,Agrawal Securities (PVT) Ltd.,200,364.0,72800.0,2025-09-04T14:12:57.20388
2025-09-04,21619,2025090404011449,PMHPL,Aryatara Investment & Securities,Kalika Securities Pvt. Ltd.,20,364.8,7296.0,2025-09-04T14:12:57.203928
2025-09-04,21618,2025090404011450,PMHPL,Aryatara Investment & Securities,Vision Securities Pvt. Ltd,200,365.0,73000.0,2025-09-04T14:12:57.20398
2025-09-04,21617,2025090404011451,PMHPL,Aryatara Investment & Securities,Dipshikha Dhitopatra Karobar Co. Pvt Ltd.,350,365.0,127750.0,2025-09-04T14:12:57.204024
2025-09-04,21616,2025090404011452,PMHPL,Aryatara Investment & Securities,Aryatara Investment & Securities,200,365.0,73000.0,2025-09-04T14:12:57.204068
2025-09-04,21615,2025090404011453,PMHPL,Aryatara Investment & Securities,Creative Securities Pvt Ltd,300,366.0,109800.0,2025-09-04T14:12:57.204113
2025-09-04,21613,2025090404011454,PMHPL,Aryatara Investment & Securities,Nagarik Stock Dealer ,695,366.0,254370.0,2025-09-04T14:12:57.584592
2025-09-04,20332,2025090404011786,PMHPL,KALASH STOCK MARKET PVT. LTD.,Kalika Securities Pvt. Ltd.,20,366.0,7320.0,2025-09-04T14:17:24.745006
2025-09-04,20230,2025090404011805,PMHPL,KALASH STOCK MARKET PVT. LTD.,KALASH STOCK MARKET PVT. LTD.,980,366.0,358680.0,2025-09-04T14:17:53.843244
2025-09-04,20229,2025090404011806,PMHPL,Sani Securities Company Ltd.,KALASH STOCK MARKET PVT. LTD.,120,366.0,43920.0,2025-09-04T14:17:53.843406
2025-09-04,20169,2025090404011828,PMHPL,Neev Securities Pvt. Ltd.,ABC Securities Private Limited,10,367.0,3670.0,2025-09-04T14:18:04.536125
2025-09-04,20168,2025090404011829,PMHPL,Neev Securities Pvt. Ltd.,Vision Securities Pvt. Ltd,50,367.0,18350.0,2025-09-04T14:18:04.536168
2025-09-04,20167,2025090404011830,PMHPL,Neev Securities Pvt. Ltd.,Creative Securities Pvt Ltd,240,367.0,88080.0,2025-09-04T14:18:04.536197
2025-09-04,20083,2025090404011834,PMHPL,Trishakti Securities Public Limited,Creative Securities Pvt Ltd,10,367.0,3670.0,2025-09-04T14:18:16.416121
2025-09-04,20082,2025090404011835,PMHPL,Trishakti Securities Public Limited,Cristal Kanchanjanga Securites Pvt. Ltd.,990,367.6,363924.0,2025-09-04T14:18:16.416249
2025-09-04,20018,2025090404011846,PMHPL,Midas Stock Broking Company Private Limited,Cristal Kanchanjanga Securites Pvt. Ltd.,10,367.6,3676.0,2025-09-04T14:18:33.424201
2025-09-04,20017,2025090404011847,PMHPL,Midas Stock Broking Company Private Limited,Blue Chip Securities Ltd,290,368.6,106894.0,2025-09-04T14:18:33.424247
2025-09-04,19722,2025090404011926,PMHPL,Trishakti Securities Public Limited,MILKY WAY SHARE BROKER COMPANY LTD ,250,367.6,91900.0,2025-09-04T14:19:37.956263
2025-09-04,19625,2025090404011951,PMHPL,Trishakti Securities Public Limited,MILKY WAY SHARE BROKER COMPANY LTD ,499,367.6,183432.4,2025-09-04T14:19:59.139945
2025-09-04,19427,2025090404011992,PMHPL,Trishakti Securities Public Limited,Blue Chip Securities Ltd,210,368.6,77406.0,2025-09-04T14:20:37.401223
2025-09-04,19426,2025090404011993,PMHPL,Trishakti Securities Public Limited,Blue Chip Securities Ltd,240,368.7,88488.0,2025-09-04T14:20:37.401357
2025-09-04,19328,2025090404012019,PMHPL,Trishakti Securities Public Limited,Blue Chip Securities Ltd,40,368.7,14748.0,2025-09-04T14:20:59.551072
2025-09-04,19256,2025090404012036,PMHPL,Citizens Share Broker Limited,Citizens Share Broker Limited,450,367.0,165150.0,2025-09-04T14:21:09.44178
2025-09-04,19234,2025090404012044,PMHPL,Citizens Share Broker Limited,Premier Securities Company Ltd.,50,367.0,18350.0,2025-09-04T14:21:13.200502
2025-09-04,19233,2025090404012045,PMHPL,Sani Securities Company Ltd.,Premier Securities Company Ltd.,80,366.0,29280.0,2025-09-04T14:21:13.200637
2025-09-04,19232,2025090404012046,PMHPL,Cristal Kanchanjanga Securites Pvt. Ltd.,Premier Securities Company Ltd.,270,366.0,98820.0,2025-09-04T14:21:13.200687
2025-09-04,19000,2025090404012088,PMHPL,Neev Securities Pvt. Ltd.,KALASH STOCK MARKET PVT. LTD.,300,366.5,109950.0,2025-09-04T14:22:07.635331
2025-09-04,18999,2025090404012089,PMHPL,N.I.M.B. Stock Markets Limited,KALASH STOCK MARKET PVT. LTD.,350,365.0,127750.0,2025-09-04T14:22:07.635431
2025-09-04,18543,2025090404012195,PMHPL,Trishakti Securities Public Limited,Linch Stock Market Ltd.,10,364.3,3643.0,2025-09-04T14:23:42.046544
2025-09-04,18542,2025090404012196,PMHPL,Agrawal Securities (PVT) Ltd.,Linch Stock Market Ltd.,100,364.2,36420.0,2025-09-04T14:23:42.046611
2025-09-04,18541,2025090404012197,PMHPL,Trishakti Securities Public Limited,Linch Stock Market Ltd.,1167,364.2,425021.4,2025-09-04T14:23:42.046639
2025-09-04,18397,2025090404012232,PMHPL,Trishakti Securities Public Limited,MILKY WAY SHARE BROKER COMPANY LTD ,833,364.2,303378.6,2025-09-04T14:24:08.03298
2025-09-04,18373,2025090404012241,PMHPL,Neev Securities Pvt. Ltd.,MILKY WAY SHARE BROKER COMPANY LTD ,20,364.2,7284.0,2025-09-04T14:24:12.850124
2025-09-04,18195,2025090404012279,PMHPL,Nagarik Stock Dealer ,MILKY WAY SHARE BROKER COMPANY LTD ,120,367.2,44064.0,2025-09-04T14:24:51.730535
2025-09-04,17247,2025090404012481,PMHPL,Miyo Securities Pvt Ltd,Vision Securities Pvt. Ltd,200,367.0,73400.0,2025-09-04T14:28:24.756275
2025-09-04,17031,2025090404012557,PMHPL,Trishakti Securities Public Limited,Thrive Brokerage House Pvt. Ltd,100,367.1,36710.0,2025-09-04T14:28:54.562367
2025-09-04,17030,2025090404012558,PMHPL,Trishakti Securities Public Limited,MILKY WAY SHARE BROKER COMPANY LTD ,27,367.2,9914.4,2025-09-04T14:28:54.562493
2025-09-04,17029,2025090404012559,PMHPL,Trishakti Securities Public Limited,Naasa Securities Co. Ltd.,100,367.2,36720.0,2025-09-04T14:28:54.562547
2025-09-04,16914,2025090404012588,PMHPL,Trishakti Securities Public Limited,Blue Chip Securities Ltd,220,368.7,81114.0,2025-09-04T14:29:13.673794
2025-09-04,16913,2025090404012589,PMHPL,Trishakti Securities Public Limited,R.B.B. Securities Company Ltd,10,369.0,3690.0,2025-09-04T14:29:13.673894
2025-09-04,16912,2025090404012590,PMHPL,Trishakti Securities Public Limited,Sani Securities Company Ltd.,18,369.0,6642.0,2025-09-04T14:29:13.673962
2025-09-04,16911,2025090404012591,PMHPL,Trishakti Securities Public Limited,MILKY WAY SHARE BROKER COMPANY LTD ,252,369.0,92988.0,2025-09-04T14:29:13.674024
2025-09-04,16893,2025090404012599,PMHPL,Trishakti Securities Public Limited,KALASH STOCK MARKET PVT. LTD.,73,368.0,26864.0,2025-09-04T14:29:18.011682
2025-09-04,16665,2025090404012654,PMHPL,Neev Securities Pvt. Ltd.,KALASH STOCK MARKET PVT. LTD.,50,368.5,18425.0,2025-09-04T14:29:57.175015
2025-09-04,16307,2025090404012757,PMHPL,Kalika Securities Pvt. Ltd.,MILKY WAY SHARE BROKER COMPANY LTD ,248,369.0,91512.0,2025-09-04T14:31:09.130525
2025-09-04,15852,2025090404012878,PMHPL,Trishakti Securities Public Limited,Sani Securities Company Ltd.,36,367.6,13233.6,2025-09-04T14:32:28.856361
2025-09-04,15781,2025090404012896,PMHPL,Trishakti Securities Public Limited,KALASH STOCK MARKET PVT. LTD.,464,367.6,170566.4,2025-09-04T14:32:40.690694
2025-09-04,15780,2025090404012897,PMHPL,Premier Securities Company Ltd.,KALASH STOCK MARKET PVT. LTD.,936,367.5,343980.0,2025-09-04T14:32:40.6908
2025-09-04,15773,2025090404012903,PMHPL,Premier Securities Company Ltd.,Sajilo Broker Limited,50,367.5,18375.0,2025-09-04T14:32:41.41841
2025-09-04,15755,2025090404012908,PMHPL,Premier Securities Company Ltd.,Sani Securities Company Ltd.,14,367.5,5145.0,2025-09-04T14:32:44.973057
2025-09-04,15112,2025090404013084,PMHPL,Aryatara Investment & Securities,Naasa Securities Co. Ltd.,10,370.0,3700.0,2025-09-04T14:34:19.923621
2025-09-04,15011,2025090404013131,PMHPL,Miyo Securities Pvt Ltd,Naasa Securities Co. Ltd.,10,370.0,3700.0,2025-09-04T14:34:37.207686
2025-09-04,14983,2025090404013134,PMHPL,Naasa Securities Co. Ltd.,Naasa Securities Co. Ltd.,30,370.0,11100.0,2025-09-04T14:34:45.167706
2025-09-04,14982,2025090404013135,PMHPL,Naasa Securities Co. Ltd.,Sajilo Broker Limited,50,370.0,18500.0,2025-09-04T14:34:45.167837
2025-09-04,14548,2025090404013249,PMHPL,Trishakti Securities Public Limited,KALASH STOCK MARKET PVT. LTD.,500,370.0,185000.0,2025-09-04T14:35:41.310662
2025-09-04,14391,2025090404013282,PMHPL,Aryatara Investment & Securities,Sumeru Securities Pvt. Ltd.,300,371.0,111300.0,2025-09-04T14:36:00.24096
2025-09-04,14135,2025090404013343,PMHPL,Sani Securities Company Ltd.,Oxford Securities Pvt. Ltd.,9,365.0,3285.0,2025-09-04T14:36:42.638296
2025-09-04,14096,2025090404013357,PMHPL,Sani Securities Company Ltd.,Sani Securities Company Ltd.,2,366.0,732.0,2025-09-04T14:36:50.856381
2025-09-04,14074,2025090404013359,PMHPL,Naasa Securities Co. Ltd.,Elite Stock House Limited,20,372.0,7440.0,2025-09-04T14:36:52.648872
2025-09-04,13660,2025090404013479,PMHPL,Midas Stock Broking Company Private Limited,KALASH STOCK MARKET PVT. LTD.,500,370.2,185100.0,2025-09-04T14:37:50.749576
2025-09-04,13628,2025090404013498,PMHPL,Sundhara Securities Limited,Elite Stock House Limited,500,372.0,186000.0,2025-09-04T14:37:52.818742
2025-09-04,13432,2025090404013532,PMHPL,Investment Management Nepal Pvt. Ltd.,Elite Stock House Limited,100,372.0,37200.0,2025-09-04T14:38:23.074683
2025-09-04,13339,2025090404013568,PMHPL,Aryatara Investment & Securities,Elite Stock House Limited,130,372.0,48360.0,2025-09-04T14:38:37.456797
2025-09-04,13218,2025090404013598,PMHPL,Himalayan Brokerage Company Limited,Elite Stock House Limited,200,372.0,74400.0,2025-09-04T14:39:04.296547
2025-09-04,13184,2025090404013601,PMHPL,J.F. Securites (PVT) Ltd.,Elite Stock House Limited,50,372.0,18600.0,2025-09-04T14:39:08.056727
2025-09-04,12867,2025090404013657,PMHPL,Imperial Securities Company Pvt. Ltd.,R.B.B. Securities Company Ltd,500,374.9,187450.0,2025-09-04T14:39:43.960095
2025-09-04,12456,2025090404013770,PMHPL,KALASH STOCK MARKET PVT. LTD.,KALASH STOCK MARKET PVT. LTD.,1000,373.0,373000.0,2025-09-04T14:40:48.370902
2025-09-04,12387,2025090404013774,PMHPL,KALASH STOCK MARKET PVT. LTD.,Himalayan Brokerage Company Limited,200,373.0,74600.0,2025-09-04T14:41:04.406815
2025-09-04,12314,2025090404013785,PMHPL,Neev Securities Pvt. Ltd.,Vision Securities Pvt. Ltd,50,373.2,18660.0,2025-09-04T14:41:16.486822
2025-09-04,12313,2025090404013786,PMHPL,KALASH STOCK MARKET PVT. LTD.,Vision Securities Pvt. Ltd,50,373.0,18650.0,2025-09-04T14:41:16.487073
2025-09-04,12087,2025090404013839,PMHPL,KALASH STOCK MARKET PVT. LTD.,KALASH STOCK MARKET PVT. LTD.,600,372.5,223500.0,2025-09-04T14:41:56.600149
2025-09-04,11791,2025090404013912,PMHPL,Midas Stock Broking Company Private Limited,KALASH STOCK MARKET PVT. LTD.,180,372.1,66978.0,2025-09-04T14:42:34.719835
2025-09-04,11790,2025090404013913,PMHPL,J.F. Securites (PVT) Ltd.,KALASH STOCK MARKET PVT. LTD.,150,372.1,55815.0,2025-09-04T14:42:34.719889
2025-09-04,11789,2025090404013914,PMHPL,Thrive Brokerage House Pvt. Ltd,KALASH STOCK MARKET PVT. LTD.,387,372.0,143964.0,2025-09-04T14:42:34.719928
2025-09-04,11683,2025090404013932,PMHPL,Thrive Brokerage House Pvt. Ltd,Kalika Securities Pvt. Ltd.,20,372.0,7440.0,2025-09-04T14:42:46.466124
2025-09-04,11447,2025090404014003,PMHPL,Thrive Brokerage House Pvt. Ltd,Bhrikuti Stock Broking Co. Pvt. Ltd.,593,372.0,220596.0,2025-09-04T14:43:24.502764
2025-09-04,11446,2025090404014004,PMHPL,Trishakti Securities Public Limited,Bhrikuti Stock Broking Co. Pvt. Ltd.,113,372.0,42036.0,2025-09-04T14:43:24.503002
2025-09-04,11211,2025090404014050,PMHPL,Asian Securities Private Ltd.,Global IME Securities Limited,30,372.1,11163.0,2025-09-04T14:44:06.247226
2025-09-04,10975,2025090404014077,PMHPL,Asian Securities Private Ltd.,Sri Hari Securities Pvt. Ltd.,100,372.1,37210.0,2025-09-04T14:44:38.396213
2025-09-04,10886,2025090404014097,PMHPL,Trishakti Securities Public Limited,Sajilo Broker Limited,50,372.2,18610.0,2025-09-04T14:44:51.934181
2025-09-04,10785,2025090404014113,PMHPL,Shree Krishna Securities Ltd.,Vision Securities Pvt. Ltd,10,373.9,3739.0,2025-09-04T14:45:03.307031
2025-09-04,10309,2025090404014236,PMHPL,Primo Securities (PVT) Ltd.,Vision Securities Pvt. Ltd,50,373.9,18695.0,2025-09-04T14:46:11.741487
2025-09-04,9652,2025090404014392,PMHPL,Bhrikuti Stock Broking Co. Pvt. Ltd.,Sani Securities Company Ltd.,100,373.0,37300.0,2025-09-04T14:47:33.046377
2025-09-04,8720,2025090404014625,PMHPL,Midas Stock Broking Company Private Limited,Vision Securities Pvt. Ltd,40,373.9,14956.0,2025-09-04T14:49:24.015242
2025-09-04,8628,2025090404014641,PMHPL,Midas Stock Broking Company Private Limited,KALASH STOCK MARKET PVT. LTD.,200,373.9,74780.0,2025-09-04T14:49:32.08649
2025-09-04,7974,2025090404014799,PMHPL,Naasa Securities Co. Ltd.,SHUBHAKAMANA SECURITIES PVT. LTD,120,374.0,44880.0,2025-09-04T14:50:39.738351
2025-09-04,7800,2025090404014853,PMHPL,Aryatara Investment & Securities,SHUBHAKAMANA SECURITIES PVT. LTD,80,374.0,29920.0,2025-09-04T14:51:04.454614
2025-09-04,7655,2025090404014886,PMHPL,Midas Stock Broking Company Private Limited,Thrive Brokerage House Pvt. Ltd,30,375.9,11277.0,2025-09-04T14:51:21.554551
2025-09-04,7582,2025090404014913,PMHPL,Midas Stock Broking Company Private Limited,Midas Stock Broking Company Private Limited,100,375.9,37590.0,2025-09-04T14:51:32.629533
2025-09-04,7419,2025090404014954,PMHPL,Midas Stock Broking Company Private Limited,SHUBHAKAMANA SECURITIES PVT. LTD,50,375.9,18795.0,2025-09-04T14:51:54.388957
2025-09-04,7354,2025090404014974,PMHPL,Asian Securities Private Ltd.,Online Securities Pvt. Ltd.,50,376.0,18800.0,2025-09-04T14:52:00.352019
2025-09-04,7339,2025090404014980,PMHPL,J.F. Securites (PVT) Ltd.,Property Wiard Limited,100,376.5,37650.0,2025-09-04T14:52:03.249575
2025-09-04,7125,2025090404015043,PMHPL,Investment Management Nepal Pvt. Ltd.,Property Wiard Limited,100,376.5,37650.0,2025-09-04T14:52:23.729898
2025-09-04,6871,2025090404015112,PMHPL,Midas Stock Broking Company Private Limited,Thrive Brokerage House Pvt. Ltd,10,376.8,3768.0,2025-09-04T14:52:50.084077
2025-09-04,6643,2025090404015170,PMHPL,Midas Stock Broking Company Private Limited,Miyo Securities Pvt Ltd,70,376.8,26376.0,2025-09-04T14:53:12.124567
2025-09-04,5199,2025090404015561,PMHPL,Asian Securities Private Ltd.,Sharepro Securities Private Limited,120,375.1,45012.0,2025-09-04T14:55:25.140129
2025-09-04,5198,2025090404015562,PMHPL,Aryatara Investment & Securities,Sharepro Securities Private Limited,320,375.0,120000.0,2025-09-04T14:55:25.140268
2025-09-04,5197,2025090404015563,PMHPL,Sani Securities Company Ltd.,Sharepro Securities Private Limited,50,375.0,18750.0,2025-09-04T14:55:25.140323
2025-09-04,5196,2025090404015564,PMHPL,Naasa Securities Co. Ltd.,Sharepro Securities Private Limited,210,375.0,78750.0,2025-09-04T14:55:25.140373
2025-09-04,4807,2025090404015652,PMHPL,Naasa Securities Co. Ltd.,MILKY WAY SHARE BROKER COMPANY LTD ,790,375.0,296250.0,2025-09-04T14:55:47.809028
2025-09-04,4806,2025090404015653,PMHPL,Primo Securities (PVT) Ltd.,MILKY WAY SHARE BROKER COMPANY LTD ,210,375.0,78750.0,2025-09-04T14:55:47.809162
2025-09-04,4206,2025090404015822,PMHPL,Primo Securities (PVT) Ltd.,Trishakti Securities Public Limited,90,375.0,33750.0,2025-09-04T14:56:33.995362
2025-09-04,4205,2025090404015823,PMHPL,Nagarik Stock Dealer ,Trishakti Securities Public Limited,500,374.1,187050.0,2025-09-04T14:56:33.995436
2025-09-04,4204,2025090404015824,PMHPL,Sani Securities Company Ltd.,Trishakti Securities Public Limited,700,374.0,261800.0,2025-09-04T14:56:33.995466
2025-09-04,4203,2025090404015825,PMHPL,Investment Management Nepal Pvt. Ltd.,Trishakti Securities Public Limited,500,374.0,187000.0,2025-09-04T14:56:33.995491
2025-09-04,4202,2025090404015826,PMHPL,Bhrikuti Stock Broking Co. Pvt. Ltd.,Trishakti Securities Public Limited,210,373.0,78330.0,2025-09-04T14:56:33.995518
2025-09-04,4072,2025090404015850,PMHPL,Bhrikuti Stock Broking Co. Pvt. Ltd.,Asian Securities Private Ltd.,61,373.0,22753.0,2025-09-04T14:56:42.791175
2025-09-04,4071,2025090404015851,PMHPL,Agrawal Securities (PVT) Ltd.,Asian Securities Private Ltd.,439,373.0,163747.0,2025-09-04T14:56:42.791515
2025-09-04,3741,2025090404015936,PMHPL,Vision Securities Pvt. Ltd,Cristal Kanchanjanga Securites Pvt. Ltd.,20,376.0,7520.0,2025-09-04T14:57:04.207837
2025-09-04,2720,2025090404016265,PMHPL,Sri Hari Securities Pvt. Ltd.,Midas Stock Broking Company Private Limited,50,376.7,18835.0,2025-09-04T14:58:11.541168
2025-09-04,2553,2025090404016313,PMHPL,Agrawal Securities (PVT) Ltd.,Asian Securities Private Ltd.,100,375.0,37500.0,2025-09-04T14:58:23.547968
2025-09-04,2552,2025090404016314,PMHPL,Trishakti Securities Public Limited,Asian Securities Private Ltd.,400,373.3,149320.0,2025-09-04T14:58:23.548039
2025-09-04,2090,2025090404016466,PMHPL,Sani Securities Company Ltd.,KALASH STOCK MARKET PVT. LTD.,50,374.0,18700.0,2025-09-04T14:58:47.412805
2025-09-04,2089,2025090404016467,PMHPL,Siprabi Securities Pvt. Ltd.,KALASH STOCK MARKET PVT. LTD.,100,373.4,37340.0,2025-09-04T14:58:47.412931
2025-09-04,2088,2025090404016468,PMHPL,J.F. Securites (PVT) Ltd.,KALASH STOCK MARKET PVT. LTD.,100,373.4,37340.0,2025-09-04T14:58:47.412984
2025-09-04,2087,2025090404016469,PMHPL,J.F. Securites (PVT) Ltd.,KALASH STOCK MARKET PVT. LTD.,50,373.4,18670.0,2025-09-04T14:58:47.413024
2025-09-04,1850,2025090404016547,PMHPL,J.F. Securites (PVT) Ltd.,Midas Stock Broking Company Private Limited,950,373.4,354730.0,2025-09-04T14:58:59.101298
2025-09-04,1849,2025090404016548,PMHPL,J.F. Securites (PVT) Ltd.,Midas Stock Broking Company Private Limited,750,373.2,279900.0,2025-09-04T14:58:59.101575
2025-09-04,1790,2025090404016567,PMHPL,Trishakti Securities Public Limited,Dipshikha Dhitopatra Karobar Co. Pvt Ltd.,60,375.0,22500.0,2025-09-04T14:59:02.451115
2025-09-04,886,2025090404016787,PMHPL,Shree Krishna Securities Ltd.,Nepal Investment And Securities Trading Private Limited,100,373.8,37380.0,2025-09-04T14:59:30.847598
2025-09-04,579,2025090404016883,PMHPL,KALASH STOCK MARKET PVT. LTD.,Dipshikha Dhitopatra Karobar Co. Pvt Ltd.,30,375.0,11250.0,2025-09-04T14:59:41.661635
