Date,S.N.,Contract ID,Symbol,Buyer Broker,Seller Broker,quantity,rate,amount,transaction_time
2025-09-04,69009,2025090401000006,SANIMA,Ashutosh Brokerage & Securities (PVT) Ltd.,Nepal Stock House (PVT) Ltd.,10,380.0,3800.0,2025-09-04T10:46:00.030225
2025-09-04,68017,2025090401000406,SANIMA,Sani Securities Company Ltd.,KALASH STOCK MARKET PVT. LTD.,200,373.0,74600.0,2025-09-04T11:06:16.497221
2025-09-04,68016,2025090401000407,SANIMA,Naasa Securities Co. Ltd.,KALASH STOCK MARKET PVT. LTD.,300,373.0,111900.0,2025-09-04T11:06:16.49736
2025-09-04,68015,2025090401000408,SANIMA,Agrawal Securities (PVT) Ltd.,KALASH STOCK MARKET PVT. LTD.,500,373.0,186500.0,2025-09-04T11:06:16.49742
2025-09-04,67943,2025090401000431,SANIMA,Dynamic Money Managers Securities Pvt. Ltd.,KALASH STOCK MARKET PVT. LTD.,2500,372.5,931250.0,2025-09-04T11:06:41.548936
2025-09-04,67669,2025090401000622,SANIMA,Agrawal Securities (PVT) Ltd.,Sani Securities Company Ltd.,502,370.1,185790.2,2025-09-04T11:07:27.43939
2025-09-04,67582,2025090401000665,SANIMA,Dynamic Money Managers Securities Pvt. Ltd.,Dynamic Money Managers Securities Pvt. Ltd.,20000,373.5,7470000.0,2025-09-04T11:07:57.186054
2025-09-04,67382,2025090401000747,SANIMA,Vision Securities Pvt. Ltd,Sani Securities Company Ltd.,60,373.5,22410.0,2025-09-04T11:09:03.202019
2025-09-04,67181,2025090401000817,SANIMA,Agrawal Securities (PVT) Ltd.,KALASH STOCK MARKET PVT. LTD.,498,370.1,184309.8,2025-09-04T11:10:01.863135
2025-09-04,67091,2025090401000856,SANIMA,KALASH STOCK MARKET PVT. LTD.,Sani Securities Company Ltd.,10,373.5,3735.0,2025-09-04T11:10:29.404928
2025-09-04,67008,2025090401000886,SANIMA,Sweta Securities Private Limited,Shree Krishna Securities Ltd.,15,370.0,5550.0,2025-09-04T11:10:47.617606
2025-09-04,66945,2025090401000907,SANIMA,Sweta Securities Private Limited,Sani Securities Company Ltd.,10,370.0,3700.0,2025-09-04T11:11:01.51898
2025-09-04,66575,2025090401001008,SANIMA,Agrawal Securities (PVT) Ltd.,KALASH STOCK MARKET PVT. LTD.,1000,368.3,368300.0,2025-09-04T11:12:12.079043
2025-09-04,66574,2025090401001009,SANIMA,Dynamic Money Managers Securities Pvt. Ltd.,KALASH STOCK MARKET PVT. LTD.,62,368.2,22828.4,2025-09-04T11:12:12.07909
2025-09-04,66527,2025090401001028,SANIMA,Agrawal Securities (PVT) Ltd.,Sani Securities Company Ltd.,20,368.3,7366.0,2025-09-04T11:12:22.74852
2025-09-04,66049,2025090401001206,SANIMA,Dipshikha Dhitopatra Karobar Co. Pvt Ltd.,Aryatara Investment & Securities,28,369.0,10332.0,2025-09-04T11:14:07.039585
2025-09-04,66048,2025090401001207,SANIMA,K.B.L. Securities Limited ,Aryatara Investment & Securities,205,368.4,75522.0,2025-09-04T11:14:07.039745
2025-09-04,65840,2025090401001282,SANIMA,South Asian Bulls Pvt. Ltd.,Shree Krishna Securities Ltd.,200,370.0,74000.0,2025-09-04T11:14:45.567111
2025-09-04,65839,2025090401001283,SANIMA,K.B.L. Securities Limited ,Shree Krishna Securities Ltd.,95,368.4,34998.0,2025-09-04T11:14:45.567531
2025-09-04,65838,2025090401001284,SANIMA,Agrawal Securities (PVT) Ltd.,Shree Krishna Securities Ltd.,205,368.3,75501.5,2025-09-04T11:14:45.5678
2025-09-04,65752,2025090401001325,SANIMA,Capital Max Securities Ltd,Thrive Brokerage House Pvt. Ltd,1,361.0,361.0,2025-09-04T11:15:10.308583
2025-09-04,65375,2025090401001453,SANIMA,South Asian Bulls Pvt. Ltd.,ABC Securities Private Limited,25,369.0,9225.0,2025-09-04T11:16:36.216512
2025-09-04,65049,2025090401001575,SANIMA,South Asian Bulls Pvt. Ltd.,Shree Krishna Securities Ltd.,175,369.0,64575.0,2025-09-04T11:17:50.303549
2025-09-04,65048,2025090401001576,SANIMA,ABC Securities Private Limited,Shree Krishna Securities Ltd.,325,368.5,119762.5,2025-09-04T11:17:50.303895
2025-09-04,64565,2025090401001744,SANIMA,Neev Securities Pvt. Ltd.,Dipshikha Dhitopatra Karobar Co. Pvt Ltd.,10,369.0,3690.0,2025-09-04T11:19:38.299289
2025-09-04,64097,2025090401001917,SANIMA,Nepal Stock House (PVT) Ltd.,Primo Securities (PVT) Ltd.,200,370.0,74000.0,2025-09-04T11:21:18.035632
2025-09-04,63903,2025090401002014,SANIMA,Trishakti Securities Public Limited,Primo Securities (PVT) Ltd.,100,370.0,37000.0,2025-09-04T11:22:06.136758
2025-09-04,63782,2025090401002060,SANIMA,Imperial Securities Company Pvt. Ltd.,KALASH STOCK MARKET PVT. LTD.,100,371.0,37100.0,2025-09-04T11:22:37.253467
2025-09-04,63618,2025090401002135,SANIMA,Agrawal Securities (PVT) Ltd.,Online Securities Pvt. Ltd.,500,371.1,185550.0,2025-09-04T11:23:22.447601
2025-09-04,63575,2025090401002149,SANIMA,Agrawal Securities (PVT) Ltd.,Trishakti Securities Public Limited,293,371.8,108937.4,2025-09-04T11:23:30.484557
2025-09-04,63574,2025090401002150,SANIMA,Agrawal Securities (PVT) Ltd.,Opal Securities Investment (PVT) Ltd.,75,371.9,27892.5,2025-09-04T11:23:30.484915
2025-09-04,63573,2025090401002151,SANIMA,Agrawal Securities (PVT) Ltd.,Sani Securities Company Ltd.,300,372.0,111600.0,2025-09-04T11:23:30.485171
2025-09-04,63572,2025090401002152,SANIMA,Agrawal Securities (PVT) Ltd.,Secured Securities Ltd.,132,372.0,49104.0,2025-09-04T11:23:30.485427
2025-09-04,63459,2025090401002182,SANIMA,Agrawal Securities (PVT) Ltd.,Secured Securities Ltd.,68,372.0,25296.0,2025-09-04T11:23:58.130355
2025-09-04,63458,2025090401002183,SANIMA,Agrawal Securities (PVT) Ltd.,Aryatara Investment & Securities,432,372.0,160704.0,2025-09-04T11:23:58.130553
2025-09-04,63345,2025090401002212,SANIMA,Agrawal Securities (PVT) Ltd.,Kalika Securities Pvt. Ltd.,65,371.1,24121.5,2025-09-04T11:24:24.25995
2025-09-04,63157,2025090401002283,SANIMA,Agrawal Securities (PVT) Ltd.,Creative Securities Pvt Ltd,180,371.1,66798.0,2025-09-04T11:25:11.566353
2025-09-04,63027,2025090401002344,SANIMA,Sipla Securities Private Limited,Aryatara Investment & Securities,68,372.0,25296.0,2025-09-04T11:25:50.690382
2025-09-04,62916,2025090401002385,SANIMA,Sipla Securities Private Limited,Online Securities Pvt. Ltd.,200,372.0,74400.0,2025-09-04T11:26:21.946835
2025-09-04,62440,2025090401002564,SANIMA,Sipla Securities Private Limited,Online Securities Pvt. Ltd.,500,372.0,186000.0,2025-09-04T11:28:37.202014
2025-09-04,61891,2025090401002754,SANIMA,Sipla Securities Private Limited,Kumari Securities Private Limited,1000,372.0,372000.0,2025-09-04T11:30:44.206299
2025-09-04,61538,2025090401002895,SANIMA,Agrawal Securities (PVT) Ltd.,Siprabi Securities Pvt. Ltd.,400,373.0,149200.0,2025-09-04T11:32:08.281019
2025-09-04,61537,2025090401002896,SANIMA,Agrawal Securities (PVT) Ltd.,Sumeru Securities Pvt. Ltd.,100,373.0,37300.0,2025-09-04T11:32:08.281274
2025-09-04,61417,2025090401002940,SANIMA,Agrawal Securities (PVT) Ltd.,Sumeru Securities Pvt. Ltd.,30,373.0,11190.0,2025-09-04T11:32:33.347274
2025-09-04,61383,2025090401002951,SANIMA,Machhapuchchhre Securities Limited,Sumeru Securities Pvt. Ltd.,64,373.0,23872.0,2025-09-04T11:32:44.490084
2025-09-04,61382,2025090401002952,SANIMA,Machhapuchchhre Securities Limited,Nepal Stock House (PVT) Ltd.,56,373.8,20932.8,2025-09-04T11:32:44.490328
2025-09-04,61108,2025090401003061,SANIMA,Ashutosh Brokerage & Securities (PVT) Ltd.,Nepal Stock House (PVT) Ltd.,24,373.8,8971.2,2025-09-04T11:34:01.435561
2025-09-04,61107,2025090401003062,SANIMA,Ashutosh Brokerage & Securities (PVT) Ltd.,Sagarmatha Securities Private Limited,100,373.9,37390.0,2025-09-04T11:34:01.435785
2025-09-04,60817,2025090401003193,SANIMA,Kalika Securities Pvt. Ltd.,Sumeru Securities Pvt. Ltd.,25,374.0,9350.0,2025-09-04T11:35:16.740512
2025-09-04,60770,2025090401003206,SANIMA,Magnet Securities and Investment Company Private Limited,Sumeru Securities Pvt. Ltd.,475,374.0,177650.0,2025-09-04T11:35:25.830696
2025-09-04,60769,2025090401003207,SANIMA,Magnet Securities and Investment Company Private Limited,Bhrikuti Stock Broking Co. Pvt. Ltd.,300,374.0,112200.0,2025-09-04T11:35:25.830792
2025-09-04,60768,2025090401003208,SANIMA,Magnet Securities and Investment Company Private Limited,Nepal Stock House (PVT) Ltd.,116,374.0,43384.0,2025-09-04T11:35:25.830867
2025-09-04,60767,2025090401003209,SANIMA,Magnet Securities and Investment Company Private Limited,Capital Max Securities Ltd,900,374.0,336600.0,2025-09-04T11:35:25.830939
2025-09-04,60766,2025090401003210,SANIMA,Magnet Securities and Investment Company Private Limited,Sundhara Securities Limited,209,374.5,78270.5,2025-09-04T11:35:25.83101
2025-09-04,60623,2025090401003334,SANIMA,Siprabi Securities Pvt. Ltd.,Sundhara Securities Limited,200,374.5,74900.0,2025-09-04T11:35:42.170877
2025-09-04,59933,2025090401003555,SANIMA,Ashutosh Brokerage & Securities (PVT) Ltd.,Sundhara Securities Limited,91,374.5,34079.5,2025-09-04T11:38:42.075669
2025-09-04,59932,2025090401003556,SANIMA,Ashutosh Brokerage & Securities (PVT) Ltd.,Trisul Securities & Invt. Ltd.,50,374.8,18740.0,2025-09-04T11:38:42.075968
2025-09-04,59548,2025090401003662,SANIMA,Asian Securities Private Ltd.,KALASH STOCK MARKET PVT. LTD.,100,374.8,37480.0,2025-09-04T11:40:19.115561
2025-09-04,59547,2025090401003663,SANIMA,Asian Securities Private Ltd.,Market Securities & Exchange (PVT) Ltd.,100,374.9,37490.0,2025-09-04T11:40:19.115829
2025-09-04,59546,2025090401003664,SANIMA,Asian Securities Private Ltd.,Secured Securities Ltd.,400,374.9,149960.0,2025-09-04T11:40:19.115922
2025-09-04,59353,2025090401003732,SANIMA,Ashutosh Brokerage & Securities (PVT) Ltd.,Secured Securities Ltd.,76,373.9,28416.4,2025-09-04T11:41:07.301124
2025-09-04,58734,2025090401003971,SANIMA,Agrawal Securities (PVT) Ltd.,Sani Securities Company Ltd.,200,372.1,74420.0,2025-09-04T11:44:13.172076
2025-09-04,58714,2025090401003979,SANIMA,Agrawal Securities (PVT) Ltd.,Opal Securities Investment (PVT) Ltd.,800,372.1,297680.0,2025-09-04T11:44:15.790487
2025-09-04,58713,2025090401003980,SANIMA,Opal Securities Investment (PVT) Ltd.,Opal Securities Investment (PVT) Ltd.,25000,372.1,9302500.0,2025-09-04T11:44:15.790961
2025-09-04,58712,2025090401003981,SANIMA,Opal Securities Investment (PVT) Ltd.,Opal Securities Investment (PVT) Ltd.,74200,372.1,27609820.0,2025-09-04T11:44:15.791277
2025-09-04,58559,2025090401004047,SANIMA,Opal Securities Investment (PVT) Ltd.,ABC Securities Private Limited,200,372.1,74420.0,2025-09-04T11:45:14.498495
2025-09-04,58544,2025090401004054,SANIMA,Imperial Securities Company Pvt. Ltd.,Sundhara Securities Limited,40,373.0,14920.0,2025-09-04T11:45:19.014257
2025-09-04,58453,2025090401004082,SANIMA,Miyo Securities Pvt Ltd,Sweta Securities Private Limited,50,372.2,18610.0,2025-09-04T11:45:46.469586
2025-09-04,58452,2025090401004083,SANIMA,Opal Securities Investment (PVT) Ltd.,Sweta Securities Private Limited,53,372.1,19721.3,2025-09-04T11:45:46.470076
2025-09-04,58386,2025090401004105,SANIMA,Opal Securities Investment (PVT) Ltd.,Sani Securities Company Ltd.,300,372.1,111630.0,2025-09-04T11:46:03.857786
2025-09-04,58084,2025090401004212,SANIMA,Machhapuchchhre Securities Limited,Deevyaa Securities & Stock House Pvt. Ltd,10,372.9,3729.0,2025-09-04T11:47:37.943581
2025-09-04,57905,2025090401004272,SANIMA,Swarna Laxmi Securities Pvt. Ltd.,Ashutosh Brokerage & Securities (PVT) Ltd.,1000,372.2,372200.0,2025-09-04T11:48:15.953366
2025-09-04,57904,2025090401004273,SANIMA,Naasa Securities Co. Ltd.,Ashutosh Brokerage & Securities (PVT) Ltd.,10,372.2,3722.0,2025-09-04T11:48:15.953856
2025-09-04,57903,2025090401004274,SANIMA,Opal Securities Investment (PVT) Ltd.,Ashutosh Brokerage & Securities (PVT) Ltd.,247,372.1,91908.7,2025-09-04T11:48:15.954207
2025-09-04,57902,2025090401004275,SANIMA,Sipla Securities Private Limited,Ashutosh Brokerage & Securities (PVT) Ltd.,1232,372.0,458304.0,2025-09-04T11:48:15.954519
2025-09-04,57901,2025090401004276,SANIMA,Kohinoor Investment & Securities Pvt. Ltd.,Ashutosh Brokerage & Securities (PVT) Ltd.,100,372.0,37200.0,2025-09-04T11:48:15.954826
2025-09-04,57301,2025090401004529,SANIMA,Agrawal Securities (PVT) Ltd.,Ashutosh Brokerage & Securities (PVT) Ltd.,1000,372.1,372100.0,2025-09-04T11:51:38.832726
2025-09-04,57190,2025090401004586,SANIMA,Ashutosh Brokerage & Securities (PVT) Ltd.,Sani Securities Company Ltd.,30,372.0,11160.0,2025-09-04T11:52:10.559809
2025-09-04,56832,2025090401004712,SANIMA,Online Securities Pvt. Ltd.,Dynamic Money Managers Securities Pvt. Ltd.,1,368.0,368.0,2025-09-04T11:53:44.183786
2025-09-04,56432,2025090401004828,SANIMA,Ashutosh Brokerage & Securities (PVT) Ltd.,Sundhara Securities Limited,460,372.0,171120.0,2025-09-04T11:55:24.378047
2025-09-04,56271,2025090401004871,SANIMA,Kumari Securities Private Limited,Aryatara Investment & Securities,30,372.5,11175.0,2025-09-04T11:55:57.21596
2025-09-04,56270,2025090401004872,SANIMA,Kumari Securities Private Limited,Nepal Investment And Securities Trading Private Limited,50,372.8,18640.0,2025-09-04T11:55:57.216487
2025-09-04,56269,2025090401004873,SANIMA,Kumari Securities Private Limited,Deevyaa Securities & Stock House Pvt. Ltd,90,372.9,33561.0,2025-09-04T11:55:57.216813
2025-09-04,56268,2025090401004874,SANIMA,Kumari Securities Private Limited,Sweta Securities Private Limited,30,373.0,11190.0,2025-09-04T11:55:57.217143
2025-09-04,55949,2025090401004987,SANIMA,Sundhara Securities Limited,Ashutosh Brokerage & Securities (PVT) Ltd.,10,372.0,3720.0,2025-09-04T11:57:22.788708
2025-09-04,55948,2025090401004988,SANIMA,Online Securities Pvt. Ltd.,Ashutosh Brokerage & Securities (PVT) Ltd.,15,372.0,5580.0,2025-09-04T11:57:22.788981
2025-09-04,55947,2025090401004989,SANIMA,Agrawal Securities (PVT) Ltd.,Ashutosh Brokerage & Securities (PVT) Ltd.,1000,371.6,371600.0,2025-09-04T11:57:22.789213
2025-09-04,55946,2025090401004990,SANIMA,Premier Securities Company Ltd.,Ashutosh Brokerage & Securities (PVT) Ltd.,1000,371.5,371500.0,2025-09-04T11:57:22.789374
2025-09-04,55945,2025090401004991,SANIMA,Nepal Stock House (PVT) Ltd.,Ashutosh Brokerage & Securities (PVT) Ltd.,90,371.5,33435.0,2025-09-04T11:57:22.789521
2025-09-04,55944,2025090401004992,SANIMA,Opal Securities Investment (PVT) Ltd.,Ashutosh Brokerage & Securities (PVT) Ltd.,22885,371.4,8499489.0,2025-09-04T11:57:22.789669
2025-09-04,55831,2025090401005031,SANIMA,Opal Securities Investment (PVT) Ltd.,Capital Max Securities Ltd,240,371.4,89136.0,2025-09-04T11:57:57.209874
2025-09-04,55771,2025090401005054,SANIMA,Opal Securities Investment (PVT) Ltd.,Capital Max Securities Ltd,760,371.4,282264.0,2025-09-04T11:58:16.27865
2025-09-04,55366,2025090401005179,SANIMA,Kalika Securities Pvt. Ltd.,Dipshikha Dhitopatra Karobar Co. Pvt Ltd.,25,372.0,9300.0,2025-09-04T12:00:03.170834
2025-09-04,54783,2025090401005325,SANIMA,Agrawal Securities (PVT) Ltd.,KALASH STOCK MARKET PVT. LTD.,100,371.6,37160.0,2025-09-04T12:02:06.322234
2025-09-04,54746,2025090401005340,SANIMA,Agrawal Securities (PVT) Ltd.,Imperial Securities Company Pvt. Ltd.,463,371.6,172050.8,2025-09-04T12:02:17.483647
2025-09-04,54550,2025090401005399,SANIMA,Agrawal Securities (PVT) Ltd.,Nepal Investment And Securities Trading Private Limited,437,371.6,162389.2,2025-09-04T12:02:54.747234
2025-09-04,54549,2025090401005400,SANIMA,Opal Securities Investment (PVT) Ltd.,Nepal Investment And Securities Trading Private Limited,162,371.4,60166.8,2025-09-04T12:02:54.747512
2025-09-04,54186,2025090401005512,SANIMA,Opal Securities Investment (PVT) Ltd.,Dipshikha Dhitopatra Karobar Co. Pvt Ltd.,953,371.4,353944.2,2025-09-04T12:04:23.57684
2025-09-04,53894,2025090401005625,SANIMA,Opal Securities Investment (PVT) Ltd.,Dipshikha Dhitopatra Karobar Co. Pvt Ltd.,10,371.4,3714.0,2025-09-04T12:05:13.598895
2025-09-04,53833,2025090401005640,SANIMA,Naasa Securities Co. Ltd.,Dipshikha Dhitopatra Karobar Co. Pvt Ltd.,12,371.4,4456.8,2025-09-04T12:05:31.595539
2025-09-04,52978,2025090401005894,SANIMA,Machhapuchchhre Securities Limited,Secured Securities Ltd.,100,371.1,37110.0,2025-09-04T12:09:15.484067
2025-09-04,52977,2025090401005895,SANIMA,Imperial Securities Company Pvt. Ltd.,Secured Securities Ltd.,900,371.0,333900.0,2025-09-04T12:09:15.484333
2025-09-04,51477,2025090401006340,SANIMA,Machhapuchchhre Securities Limited,Kumari Securities Private Limited,50,371.1,18555.0,2025-09-04T12:15:20.960529
2025-09-04,51409,2025090401006366,SANIMA,Naasa Securities Co. Ltd.,J.F. Securites (PVT) Ltd.,10,371.9,3719.0,2025-09-04T12:15:47.344741
2025-09-04,51243,2025090401006438,SANIMA,Naasa Securities Co. Ltd.,J.F. Securites (PVT) Ltd.,19,371.9,7066.1,2025-09-04T12:16:27.933674
2025-09-04,50452,2025090401006700,SANIMA,Machhapuchchhre Securities Limited,Midas Stock Broking Company Private Limited,50,371.1,18555.0,2025-09-04T12:20:15.452535
2025-09-04,50451,2025090401006701,SANIMA,Neev Securities Pvt. Ltd.,Midas Stock Broking Company Private Limited,50,371.0,18550.0,2025-09-04T12:20:15.452636
2025-09-04,50450,2025090401006702,SANIMA,Vision Securities Pvt. Ltd,Midas Stock Broking Company Private Limited,900,371.0,333900.0,2025-09-04T12:20:15.452754
2025-09-04,50309,2025090401006747,SANIMA,Machhapuchchhre Securities Limited,J.F. Securites (PVT) Ltd.,10,371.9,3719.0,2025-09-04T12:20:58.905892
2025-09-04,50257,2025090401006762,SANIMA,Vision Securities Pvt. Ltd,Midas Stock Broking Company Private Limited,100,371.0,37100.0,2025-09-04T12:21:17.679734
2025-09-04,50256,2025090401006763,SANIMA,Nepal Investment And Securities Trading Private Limited,Midas Stock Broking Company Private Limited,900,371.0,333900.0,2025-09-04T12:21:17.679834
2025-09-04,49996,2025090401006854,SANIMA,Machhapuchchhre Securities Limited,Midas Stock Broking Company Private Limited,30,371.1,11133.0,2025-09-04T12:22:12.881665
2025-09-04,49995,2025090401006855,SANIMA,Nepal Investment And Securities Trading Private Limited,Midas Stock Broking Company Private Limited,70,371.0,25970.0,2025-09-04T12:22:12.881766
2025-09-04,49905,2025090401006889,SANIMA,Nepal Investment And Securities Trading Private Limited,Naasa Securities Co. Ltd.,30,371.0,11130.0,2025-09-04T12:22:34.600723
2025-09-04,49904,2025090401006890,SANIMA,Naasa Securities Co. Ltd.,Naasa Securities Co. Ltd.,10,371.0,3710.0,2025-09-04T12:22:34.600876
2025-09-04,49903,2025090401006891,SANIMA,Nepal Stock House (PVT) Ltd.,Naasa Securities Co. Ltd.,90,370.3,33327.0,2025-09-04T12:22:34.600953
2025-09-04,49902,2025090401006892,SANIMA,Agrawal Securities (PVT) Ltd.,Naasa Securities Co. Ltd.,1000,370.2,370200.0,2025-09-04T12:22:34.60104
2025-09-04,49901,2025090401006893,SANIMA,Online Securities Pvt. Ltd.,Naasa Securities Co. Ltd.,70,370.1,25907.0,2025-09-04T12:22:34.601109
2025-09-04,46811,2025090401007880,SANIMA,Sani Securities Company Ltd.,Online Securities Pvt. Ltd.,100,370.3,37030.0,2025-09-04T12:35:18.385193
2025-09-04,46410,2025090401007993,SANIMA,Machhapuchchhre Securities Limited,Midas Stock Broking Company Private Limited,100,370.2,37020.0,2025-09-04T12:36:47.355348
2025-09-04,46409,2025090401007994,SANIMA,Agrawal Securities (PVT) Ltd.,Midas Stock Broking Company Private Limited,1000,370.2,370200.0,2025-09-04T12:36:47.355651
2025-09-04,46408,2025090401007995,SANIMA,Nepal Stock House (PVT) Ltd.,Midas Stock Broking Company Private Limited,100,370.2,37020.0,2025-09-04T12:36:47.355775
2025-09-04,46407,2025090401007996,SANIMA,Online Securities Pvt. Ltd.,Midas Stock Broking Company Private Limited,20,370.1,7402.0,2025-09-04T12:36:47.355899
2025-09-04,46406,2025090401007997,SANIMA,Hatemalo Financial Services Private Limited,Midas Stock Broking Company Private Limited,300,370.1,111030.0,2025-09-04T12:36:47.356019
2025-09-04,46405,2025090401007998,SANIMA,Oxford Securities Pvt. Ltd.,Midas Stock Broking Company Private Limited,50,370.0,18500.0,2025-09-04T12:36:47.356157
2025-09-04,46404,2025090401007999,SANIMA,Trishakti Securities Public Limited,Midas Stock Broking Company Private Limited,100,370.0,37000.0,2025-09-04T12:36:47.356276
2025-09-04,46403,2025090401008000,SANIMA,Vision Securities Pvt. Ltd,Midas Stock Broking Company Private Limited,1320,370.0,488400.0,2025-09-04T12:36:47.356395
2025-09-04,46297,2025090401008037,SANIMA,Sani Securities Company Ltd.,Investment Management Nepal Pvt. Ltd.,11,370.3,4073.3,2025-09-04T12:37:06.259788
2025-09-04,46296,2025090401008038,SANIMA,Vision Securities Pvt. Ltd,Investment Management Nepal Pvt. Ltd.,489,370.0,180930.0,2025-09-04T12:37:06.260334
2025-09-04,46276,2025090401008050,SANIMA,Vision Securities Pvt. Ltd,Midas Stock Broking Company Private Limited,10,370.0,3700.0,2025-09-04T12:37:11.44459
2025-09-04,46044,2025090401008122,SANIMA,Capital Max Securities Ltd,Sundhara Securities Limited,10,371.0,3710.0,2025-09-04T12:38:00.836232
2025-09-04,45600,2025090401008244,SANIMA,Vision Securities Pvt. Ltd,Sundhara Securities Limited,181,370.0,66970.0,2025-09-04T12:39:40.257438
2025-09-04,45599,2025090401008245,SANIMA,Naasa Securities Co. Ltd.,Sundhara Securities Limited,19,370.0,7030.0,2025-09-04T12:39:40.257994
2025-09-04,45588,2025090401008252,SANIMA,Naasa Securities Co. Ltd.,Naasa Securities Co. Ltd.,81,370.0,29970.0,2025-09-04T12:39:43.476079
2025-09-04,45587,2025090401008253,SANIMA,Nepal Investment And Securities Trading Private Limited,Naasa Securities Co. Ltd.,419,370.0,155030.0,2025-09-04T12:39:43.476179
2025-09-04,45002,2025090401008436,SANIMA,Nepal Investment And Securities Trading Private Limited,Dipshikha Dhitopatra Karobar Co. Pvt Ltd.,30,370.0,11100.0,2025-09-04T12:42:00.704898
2025-09-04,44795,2025090401008484,SANIMA,Nepal Investment And Securities Trading Private Limited,Siprabi Securities Pvt. Ltd.,150,370.0,55500.0,2025-09-04T12:42:40.134609
2025-09-04,44746,2025090401008497,SANIMA,Nepal Investment And Securities Trading Private Limited,Vision Securities Pvt. Ltd,401,370.0,148370.0,2025-09-04T12:42:55.234152
2025-09-04,44745,2025090401008498,SANIMA,Online Securities Pvt. Ltd.,Vision Securities Pvt. Ltd,100,370.0,37000.0,2025-09-04T12:42:55.234476
2025-09-04,44744,2025090401008499,SANIMA,Naasa Securities Co. Ltd.,Vision Securities Pvt. Ltd,551,370.0,203870.0,2025-09-04T12:42:55.234601
2025-09-04,44743,2025090401008500,SANIMA,Nepal Investment And Securities Trading Private Limited,Vision Securities Pvt. Ltd,500,370.0,185000.0,2025-09-04T12:42:55.234724
2025-09-04,44742,2025090401008501,SANIMA,Agrawal Securities (PVT) Ltd.,Vision Securities Pvt. Ltd,1000,369.8,369800.0,2025-09-04T12:42:55.23485
2025-09-04,44741,2025090401008502,SANIMA,Premier Securities Company Ltd.,Vision Securities Pvt. Ltd,1000,369.7,369700.0,2025-09-04T12:42:55.234969
2025-09-04,44740,2025090401008503,SANIMA,Shree Krishna Securities Ltd.,Vision Securities Pvt. Ltd,3000,369.7,1109100.0,2025-09-04T12:42:55.235098
2025-09-04,44739,2025090401008504,SANIMA,Sweta Securities Private Limited,Vision Securities Pvt. Ltd,12,369.5,4434.0,2025-09-04T12:42:55.235224
2025-09-04,44738,2025090401008505,SANIMA,Neev Securities Pvt. Ltd.,Vision Securities Pvt. Ltd,290,369.0,107010.0,2025-09-04T12:42:55.235348
2025-09-04,44737,2025090401008506,SANIMA,N.M.B. SECURITIES LIMITED,Vision Securities Pvt. Ltd,100,369.0,36900.0,2025-09-04T12:42:55.235477
2025-09-04,44736,2025090401008507,SANIMA,N.M.B. SECURITIES LIMITED,Vision Securities Pvt. Ltd,1000,369.0,369000.0,2025-09-04T12:42:55.235616
2025-09-04,44735,2025090401008508,SANIMA,N.M.B. SECURITIES LIMITED,Vision Securities Pvt. Ltd,150,369.0,55350.0,2025-09-04T12:42:55.235738
2025-09-04,44734,2025090401008509,SANIMA,N.M.B. SECURITIES LIMITED,Vision Securities Pvt. Ltd,200,369.0,73800.0,2025-09-04T12:42:55.235858
2025-09-04,44733,2025090401008510,SANIMA,N.M.B. SECURITIES LIMITED,Vision Securities Pvt. Ltd,200,369.0,73800.0,2025-09-04T12:42:55.235976
2025-09-04,44732,2025090401008511,SANIMA,N.M.B. SECURITIES LIMITED,Vision Securities Pvt. Ltd,200,369.0,73800.0,2025-09-04T12:42:55.236098
2025-09-04,44731,2025090401008512,SANIMA,N.M.B. SECURITIES LIMITED,Vision Securities Pvt. Ltd,150,369.0,55350.0,2025-09-04T12:42:55.236214
2025-09-04,44730,2025090401008513,SANIMA,Vision Securities Pvt. Ltd,Vision Securities Pvt. Ltd,300,369.0,110700.0,2025-09-04T12:42:55.236334
2025-09-04,44729,2025090401008514,SANIMA,Sani Securities Company Ltd.,Vision Securities Pvt. Ltd,100,369.0,36900.0,2025-09-04T12:42:55.236452
2025-09-04,44728,2025090401008515,SANIMA,Naasa Securities Co. Ltd.,Vision Securities Pvt. Ltd,1000,369.0,369000.0,2025-09-04T12:42:55.236568
2025-09-04,44727,2025090401008516,SANIMA,Vision Securities Pvt. Ltd,Vision Securities Pvt. Ltd,1546,368.6,569855.6,2025-09-04T12:42:55.236685
2025-09-04,44726,2025090401008517,SANIMA,ABC Securities Private Limited,Vision Securities Pvt. Ltd,475,368.5,175037.5,2025-09-04T12:42:55.236804
2025-09-04,44725,2025090401008518,SANIMA,Siprabi Securities Pvt. Ltd.,Vision Securities Pvt. Ltd,100,368.5,36850.0,2025-09-04T12:42:55.236921
2025-09-04,44724,2025090401008519,SANIMA,Garima Securities Limited,Vision Securities Pvt. Ltd,200,368.5,73700.0,2025-09-04T12:42:55.237041
2025-09-04,44723,2025090401008520,SANIMA,South Asian Bulls Pvt. Ltd.,Vision Securities Pvt. Ltd,200,368.5,73700.0,2025-09-04T12:42:55.237157
2025-09-04,44721,2025090401008521,SANIMA,Sweta Securities Private Limited,Vision Securities Pvt. Ltd,20,368.3,7366.0,2025-09-04T12:42:55.237286
2025-09-04,44720,2025090401008522,SANIMA,Nepal Stock House (PVT) Ltd.,Vision Securities Pvt. Ltd,90,368.3,33147.0,2025-09-04T12:42:55.237401
2025-09-04,44719,2025090401008523,SANIMA,ABC Securities Private Limited,Vision Securities Pvt. Ltd,500,368.3,184150.0,2025-09-04T12:42:55.23752
2025-09-04,44718,2025090401008524,SANIMA,ABC Securities Private Limited,Vision Securities Pvt. Ltd,500,368.3,184150.0,2025-09-04T12:42:55.237629
2025-09-04,44717,2025090401008525,SANIMA,Dynamic Money Managers Securities Pvt. Ltd.,Vision Securities Pvt. Ltd,483,368.2,177840.6,2025-09-04T12:42:55.237757
2025-09-04,44711,2025090401008526,SANIMA,Dakshinkali Investment & Securities Pvt. Ltd.,Kohinoor Investment & Securities Pvt. Ltd.,250,370.9,92725.0,2025-09-04T12:42:55.454105
2025-09-04,44281,2025090401008684,SANIMA,Agrawal Securities (PVT) Ltd.,Ashutosh Brokerage & Securities (PVT) Ltd.,100,368.3,36830.0,2025-09-04T12:44:15.119995
2025-09-04,44126,2025090401008734,SANIMA,Agrawal Securities (PVT) Ltd.,Oxford Securities Pvt. Ltd.,100,368.3,36830.0,2025-09-04T12:44:45.020967
2025-09-04,43720,2025090401008875,SANIMA,Agrawal Securities (PVT) Ltd.,Vision Securities Pvt. Ltd,100,368.3,36830.0,2025-09-04T12:46:06.717995
2025-09-04,43468,2025090401008945,SANIMA,Agrawal Securities (PVT) Ltd.,Vision Securities Pvt. Ltd,700,368.3,257810.0,2025-09-04T12:46:56.056655
2025-09-04,43467,2025090401008946,SANIMA,Nepal Stock House (PVT) Ltd.,Vision Securities Pvt. Ltd,20,368.3,7366.0,2025-09-04T12:46:56.057015
2025-09-04,43466,2025090401008947,SANIMA,Dynamic Money Managers Securities Pvt. Ltd.,Vision Securities Pvt. Ltd,455,368.2,167531.0,2025-09-04T12:46:56.057244
2025-09-04,43465,2025090401008948,SANIMA,Kohinoor Investment & Securities Pvt. Ltd.,Vision Securities Pvt. Ltd,300,368.0,110400.0,2025-09-04T12:46:56.057435
2025-09-04,43464,2025090401008949,SANIMA,Vision Securities Pvt. Ltd,Vision Securities Pvt. Ltd,100,368.0,36800.0,2025-09-04T12:46:56.057585
2025-09-04,43463,2025090401008950,SANIMA,Malla & Malla Stock Broking Company Pvt. Limited,Vision Securities Pvt. Ltd,50,368.0,18400.0,2025-09-04T12:46:56.057761
2025-09-04,43462,2025090401008951,SANIMA,Sundhara Securities Limited,Vision Securities Pvt. Ltd,10,368.0,3680.0,2025-09-04T12:46:56.057933
2025-09-04,43461,2025090401008952,SANIMA,Agrawal Securities (PVT) Ltd.,Vision Securities Pvt. Ltd,2000,368.0,736000.0,2025-09-04T12:46:56.058091
2025-09-04,43460,2025090401008953,SANIMA,South Asian Bulls Pvt. Ltd.,Vision Securities Pvt. Ltd,5000,368.0,1840000.0,2025-09-04T12:46:56.058232
2025-09-04,43459,2025090401008954,SANIMA,Cristal Kanchanjanga Securites Pvt. Ltd.,Vision Securities Pvt. Ltd,3000,368.0,1104000.0,2025-09-04T12:46:56.05841
2025-09-04,43458,2025090401008955,SANIMA,Opal Securities Investment (PVT) Ltd.,Vision Securities Pvt. Ltd,20,368.0,7360.0,2025-09-04T12:46:56.058585
2025-09-04,43457,2025090401008956,SANIMA,Sundhara Securities Limited,Vision Securities Pvt. Ltd,200,368.0,73600.0,2025-09-04T12:46:56.05873
2025-09-04,43456,2025090401008957,SANIMA,Kohinoor Investment & Securities Pvt. Ltd.,Vision Securities Pvt. Ltd,100,368.0,36800.0,2025-09-04T12:46:56.058879
2025-09-04,43455,2025090401008958,SANIMA,Sundhara Securities Limited,Vision Securities Pvt. Ltd,3045,368.0,1120560.0,2025-09-04T12:46:56.059045
2025-09-04,42373,2025090401009275,SANIMA,Agrawal Securities (PVT) Ltd.,Siprabi Securities Pvt. Ltd.,20,368.1,7362.0,2025-09-04T12:50:26.908929
2025-09-04,42233,2025090401009309,SANIMA,Agrawal Securities (PVT) Ltd.,Neev Securities Pvt. Ltd.,392,368.1,144295.2,2025-09-04T12:50:52.319173
2025-09-04,42214,2025090401009311,SANIMA,Agrawal Securities (PVT) Ltd.,South Asian Bulls Pvt. Ltd.,14,368.1,5153.4,2025-09-04T12:50:55.354822
2025-09-04,42120,2025090401009342,SANIMA,Aryatara Investment & Securities,Online Securities Pvt. Ltd.,34,369.0,12546.0,2025-09-04T12:51:19.326915
2025-09-04,42119,2025090401009343,SANIMA,Nepal Investment And Securities Trading Private Limited,Online Securities Pvt. Ltd.,50,368.2,18410.0,2025-09-04T12:51:19.327235
2025-09-04,42118,2025090401009344,SANIMA,Agrawal Securities (PVT) Ltd.,Online Securities Pvt. Ltd.,216,368.1,79509.6,2025-09-04T12:51:19.327358
2025-09-04,42106,2025090401009347,SANIMA,Agrawal Securities (PVT) Ltd.,Trishakti Securities Public Limited,100,370.0,37000.0,2025-09-04T12:51:24.410052
2025-09-04,41575,2025090401009462,SANIMA,Imperial Securities Company Pvt. Ltd.,Aakashbhairab Securities Ltd.,460,370.0,170200.0,2025-09-04T12:53:14.066993
2025-09-04,41574,2025090401009463,SANIMA,Imperial Securities Company Pvt. Ltd.,Premier Securities Company Ltd.,85,370.9,31526.5,2025-09-04T12:53:14.067312
2025-09-04,41573,2025090401009464,SANIMA,Imperial Securities Company Pvt. Ltd.,Nepal Stock House (PVT) Ltd.,700,370.9,259630.0,2025-09-04T12:53:14.067433
2025-09-04,41572,2025090401009465,SANIMA,Imperial Securities Company Pvt. Ltd.,Trisul Securities & Invt. Ltd.,294,371.0,109074.0,2025-09-04T12:53:14.06755
2025-09-04,41571,2025090401009466,SANIMA,Imperial Securities Company Pvt. Ltd.,Oxford Securities Pvt. Ltd.,750,371.0,278250.0,2025-09-04T12:53:14.067671
2025-09-04,41570,2025090401009467,SANIMA,Imperial Securities Company Pvt. Ltd.,Primo Securities (PVT) Ltd.,100,371.0,37100.0,2025-09-04T12:53:14.067798
2025-09-04,41569,2025090401009468,SANIMA,Imperial Securities Company Pvt. Ltd.,Sani Securities Company Ltd.,250,371.0,92750.0,2025-09-04T12:53:14.067923
2025-09-04,41294,2025090401009519,SANIMA,Imperial Securities Company Pvt. Ltd.,Trishakti Securities Public Limited,1860,371.0,690060.0,2025-09-04T12:54:14.653267
2025-09-04,40689,2025090401009684,SANIMA,Agrawal Securities (PVT) Ltd.,ABC Securities Private Limited,200,370.0,74000.0,2025-09-04T12:56:15.63453
2025-09-04,40130,2025090401009855,SANIMA,Siprabi Securities Pvt. Ltd.,ABC Securities Private Limited,100,370.0,37000.0,2025-09-04T12:58:28.431857
2025-09-04,39923,2025090401009908,SANIMA,Dynamic Money Managers Securities Pvt. Ltd.,ABC Securities Private Limited,700,370.0,259000.0,2025-09-04T12:59:15.721806
2025-09-04,39829,2025090401009943,SANIMA,Machhapuchchhre Securities Limited,Online Securities Pvt. Ltd.,10,370.9,3709.0,2025-09-04T12:59:44.297448
2025-09-04,39585,2025090401010010,SANIMA,Vision Securities Pvt. Ltd,Oxford Securities Pvt. Ltd.,135,369.0,49815.0,2025-09-04T13:00:38.187966
2025-09-04,39389,2025090401010068,SANIMA,Machhapuchchhre Securities Limited,Kohinoor Investment & Securities Pvt. Ltd.,10,370.4,3704.0,2025-09-04T13:01:28.545268
2025-09-04,39303,2025090401010085,SANIMA,Vision Securities Pvt. Ltd,SHUBHAKAMANA SECURITIES PVT. LTD,560,369.0,206640.0,2025-09-04T13:01:47.819979
2025-09-04,39221,2025090401010115,SANIMA,Machhapuchchhre Securities Limited,Kohinoor Investment & Securities Pvt. Ltd.,10,370.4,3704.0,2025-09-04T13:02:02.625225
2025-09-04,39180,2025090401010136,SANIMA,Vision Securities Pvt. Ltd,Trishakti Securities Public Limited,140,369.0,51660.0,2025-09-04T13:02:13.140999
2025-09-04,39125,2025090401010161,SANIMA,Machhapuchchhre Securities Limited,Kohinoor Investment & Securities Pvt. Ltd.,10,370.4,3704.0,2025-09-04T13:02:27.682884
2025-09-04,38475,2025090401010363,SANIMA,Vision Securities Pvt. Ltd,Nepal Stock House (PVT) Ltd.,100,369.0,36900.0,2025-09-04T13:04:58.84969
2025-09-04,37757,2025090401010561,SANIMA,Capital Hub P. Ltd,Thrive Brokerage House Pvt. Ltd,190,370.0,70300.0,2025-09-04T13:07:28.357084
2025-09-04,37169,2025090401010714,SANIMA,Property Wiard Limited,Thrive Brokerage House Pvt. Ltd,100,370.0,37000.0,2025-09-04T13:09:38.415274
2025-09-04,36910,2025090401010762,SANIMA,Sundhara Securities Limited,Creative Securities Pvt Ltd,60,369.1,22146.0,2025-09-04T13:10:44.908827
2025-09-04,36909,2025090401010763,SANIMA,Vision Securities Pvt. Ltd,Creative Securities Pvt Ltd,65,369.0,23985.0,2025-09-04T13:10:44.909149
2025-09-04,36908,2025090401010764,SANIMA,Sundhara Securities Limited,Creative Securities Pvt Ltd,22,369.0,8118.0,2025-09-04T13:10:44.909274
2025-09-04,36901,2025090401010768,SANIMA,Sewa Securities Pvt. Ltd.,Thrive Brokerage House Pvt. Ltd,100,370.0,37000.0,2025-09-04T13:10:47.032245
2025-09-04,36714,2025090401010800,SANIMA,Sani Securities Company Ltd.,Thrive Brokerage House Pvt. Ltd,20,370.0,7400.0,2025-09-04T13:11:34.32648
2025-09-04,36340,2025090401010932,SANIMA,Naasa Securities Co. Ltd.,Thrive Brokerage House Pvt. Ltd,90,370.0,33300.0,2025-09-04T13:13:14.689086
2025-09-04,36339,2025090401010933,SANIMA,Naasa Securities Co. Ltd.,Kumari Securities Private Limited,110,370.0,40700.0,2025-09-04T13:13:14.689408
2025-09-04,35834,2025090401011157,SANIMA,Online Securities Pvt. Ltd.,Kumari Securities Private Limited,10,370.0,3700.0,2025-09-04T13:15:34.168813
2025-09-04,35500,2025090401011286,SANIMA,Agrawal Securities (PVT) Ltd.,Kumari Securities Private Limited,358,370.0,132460.0,2025-09-04T13:17:02.767193
2025-09-04,35106,2025090401011429,SANIMA,Sundhara Securities Limited,Online Securities Pvt. Ltd.,28,369.0,10332.0,2025-09-04T13:18:52.890373
2025-09-04,35105,2025090401011430,SANIMA,Agrawal Securities (PVT) Ltd.,Online Securities Pvt. Ltd.,62,368.4,22840.8,2025-09-04T13:18:52.890685
2025-09-04,34916,2025090401011480,SANIMA,Agrawal Securities (PVT) Ltd.,Kalika Securities Pvt. Ltd.,938,368.4,345559.2,2025-09-04T13:19:42.14827
2025-09-04,34915,2025090401011481,SANIMA,Capital Max Securities Ltd,Kalika Securities Pvt. Ltd.,400,368.3,147320.0,2025-09-04T13:19:42.148733
2025-09-04,34914,2025090401011482,SANIMA,Swarna Laxmi Securities Pvt. Ltd.,Kalika Securities Pvt. Ltd.,1000,368.2,368200.0,2025-09-04T13:19:42.14889
2025-09-04,34913,2025090401011483,SANIMA,Vision Securities Pvt. Ltd,Kalika Securities Pvt. Ltd.,737,368.1,271289.7,2025-09-04T13:19:42.149037
2025-09-04,34150,2025090401011716,SANIMA,Vision Securities Pvt. Ltd,Asian Securities Private Ltd.,100,368.5,36850.0,2025-09-04T13:23:17.8123
2025-09-04,34149,2025090401011717,SANIMA,Deevyaa Securities & Stock House Pvt. Ltd,Asian Securities Private Ltd.,80,368.5,29480.0,2025-09-04T13:23:17.812895
2025-09-04,34148,2025090401011718,SANIMA,Agrawal Securities (PVT) Ltd.,Asian Securities Private Ltd.,320,368.2,117824.0,2025-09-04T13:23:17.813297
2025-09-04,33830,2025090401011825,SANIMA,Agrawal Securities (PVT) Ltd.,Asian Securities Private Ltd.,200,368.2,73640.0,2025-09-04T13:24:35.156454
2025-09-04,33504,2025090401011890,SANIMA,Agrawal Securities (PVT) Ltd.,Sundhara Securities Limited,15,368.2,5523.0,2025-09-04T13:25:35.096635
2025-09-04,33251,2025090401011980,SANIMA,Imperial Securities Company Pvt. Ltd.,Secured Securities Ltd.,40,369.0,14760.0,2025-09-04T13:26:43.523572
2025-09-04,33121,2025090401012023,SANIMA,Agrawal Securities (PVT) Ltd.,Kumari Securities Private Limited,22,368.2,8100.4,2025-09-04T13:27:18.249704
2025-09-04,32833,2025090401012120,SANIMA,Agrawal Securities (PVT) Ltd.,Linch Stock Market Ltd.,443,368.2,163112.6,2025-09-04T13:28:34.018437
2025-09-04,32832,2025090401012121,SANIMA,Sewa Securities Pvt. Ltd.,Linch Stock Market Ltd.,100,368.2,36820.0,2025-09-04T13:28:34.019045
2025-09-04,32831,2025090401012122,SANIMA,Vision Securities Pvt. Ltd,Linch Stock Market Ltd.,263,368.1,96810.3,2025-09-04T13:28:34.01942
2025-09-04,32830,2025090401012123,SANIMA,Vision Securities Pvt. Ltd,Linch Stock Market Ltd.,194,368.1,71411.4,2025-09-04T13:28:34.019791
2025-09-04,32754,2025090401012147,SANIMA,Vision Securities Pvt. Ltd,Linch Stock Market Ltd.,806,368.1,296688.6,2025-09-04T13:28:52.108669
2025-09-04,32753,2025090401012148,SANIMA,ABC Securities Private Limited,Linch Stock Market Ltd.,194,368.1,71411.4,2025-09-04T13:28:52.109042
2025-09-04,32713,2025090401012168,SANIMA,ABC Securities Private Limited,Capital Max Securities Ltd,500,368.1,184050.0,2025-09-04T13:29:04.809007
2025-09-04,32615,2025090401012196,SANIMA,Agrawal Securities (PVT) Ltd.,Citizens Share Broker Limited,1000,368.3,368300.0,2025-09-04T13:29:37.106432
2025-09-04,32266,2025090401012300,SANIMA,Secured Securities Ltd.,Secured Securities Ltd.,10,369.0,3690.0,2025-09-04T13:31:24.621552
2025-09-04,32217,2025090401012320,SANIMA,Thrive Brokerage House Pvt. Ltd,Secured Securities Ltd.,100,369.0,36900.0,2025-09-04T13:31:35.522423
2025-09-04,32076,2025090401012371,SANIMA,Aryatara Investment & Securities,Secured Securities Ltd.,68,369.0,25092.0,2025-09-04T13:32:23.130766
2025-09-04,32059,2025090401012379,SANIMA,ABC Securities Private Limited,Kumari Securities Private Limited,500,368.1,184050.0,2025-09-04T13:32:27.348501
2025-09-04,31940,2025090401012413,SANIMA,KALASH STOCK MARKET PVT. LTD.,Secured Securities Ltd.,500,369.0,184500.0,2025-09-04T13:32:53.060432
2025-09-04,31835,2025090401012439,SANIMA,Naasa Securities Co. Ltd.,Secured Securities Ltd.,200,369.0,73800.0,2025-09-04T13:33:21.959329
2025-09-04,31765,2025090401012465,SANIMA,ABC Securities Private Limited,Dipshikha Dhitopatra Karobar Co. Pvt Ltd.,40,368.1,14724.0,2025-09-04T13:33:40.367549
2025-09-04,30714,2025090401012756,SANIMA,Dynamic Money Managers Securities Pvt. Ltd.,Secured Securities Ltd.,82,369.0,30258.0,2025-09-04T13:37:55.234096
2025-09-04,29809,2025090401013170,SANIMA,Machhapuchchhre Securities Limited,Trishakti Securities Public Limited,10,369.9,3699.0,2025-09-04T13:41:04.45609
2025-09-04,29594,2025090401013266,SANIMA,ABC Securities Private Limited,Online Securities Pvt. Ltd.,116,368.1,42699.6,2025-09-04T13:41:55.917557
2025-09-04,29593,2025090401013267,SANIMA,Kalika Securities Pvt. Ltd.,Online Securities Pvt. Ltd.,500,368.0,184000.0,2025-09-04T13:41:55.918291
2025-09-04,29592,2025090401013268,SANIMA,Sajilo Broker Limited,Online Securities Pvt. Ltd.,500,368.0,184000.0,2025-09-04T13:41:55.918939
2025-09-04,29591,2025090401013269,SANIMA,Sagarmatha Securities Private Limited,Online Securities Pvt. Ltd.,100,368.0,36800.0,2025-09-04T13:41:55.919575
2025-09-04,29590,2025090401013270,SANIMA,Trisul Securities & Invt. Ltd.,Online Securities Pvt. Ltd.,200,368.0,73600.0,2025-09-04T13:41:55.920166
2025-09-04,29589,2025090401013271,SANIMA,Miyo Securities Pvt Ltd,Online Securities Pvt. Ltd.,84,368.0,30912.0,2025-09-04T13:41:55.920733
2025-09-04,29387,2025090401013320,SANIMA,Machhapuchchhre Securities Limited,Thrive Brokerage House Pvt. Ltd,10,369.8,3698.0,2025-09-04T13:42:40.306391
2025-09-04,29011,2025090401013441,SANIMA,Machhapuchchhre Securities Limited,Online Securities Pvt. Ltd.,30,368.1,11043.0,2025-09-04T13:44:10.04145
2025-09-04,29010,2025090401013442,SANIMA,Miyo Securities Pvt Ltd,Online Securities Pvt. Ltd.,16,368.0,5888.0,2025-09-04T13:44:10.041767
2025-09-04,29009,2025090401013443,SANIMA,Kumari Securities Private Limited,Online Securities Pvt. Ltd.,100,368.0,36800.0,2025-09-04T13:44:10.041911
2025-09-04,29008,2025090401013444,SANIMA,Agrawal Securities (PVT) Ltd.,Online Securities Pvt. Ltd.,149,367.8,54802.2,2025-09-04T13:44:10.042056
2025-09-04,28546,2025090401013618,SANIMA,Agrawal Securities (PVT) Ltd.,Imperial Securities Company Pvt. Ltd.,10,367.8,3678.0,2025-09-04T13:46:01.556315
2025-09-04,28322,2025090401013676,SANIMA,Agrawal Securities (PVT) Ltd.,Imperial Securities Company Pvt. Ltd.,500,367.8,183900.0,2025-09-04T13:47:03.217174
2025-09-04,27946,2025090401013768,SANIMA,Roadshow securities limited,Thrive Brokerage House Pvt. Ltd,100,369.8,36980.0,2025-09-04T13:48:25.726712
2025-09-04,27945,2025090401013769,SANIMA,Roadshow securities limited,Primo Securities (PVT) Ltd.,20,369.8,7396.0,2025-09-04T13:48:25.727332
2025-09-04,27934,2025090401013773,SANIMA,Naasa Securities Co. Ltd.,J.F. Securites (PVT) Ltd.,25,367.9,9197.5,2025-09-04T13:48:29.809629
2025-09-04,27750,2025090401013821,SANIMA,Indira securities pvt. ltd,Primo Securities (PVT) Ltd.,27,369.8,9984.6,2025-09-04T13:49:03.849402
2025-09-04,27676,2025090401013844,SANIMA,Naasa Securities Co. Ltd.,Dipshikha Dhitopatra Karobar Co. Pvt Ltd.,30,367.9,11037.0,2025-09-04T13:49:18.150383
2025-09-04,27629,2025090401013866,SANIMA,Naasa Securities Co. Ltd.,Dipshikha Dhitopatra Karobar Co. Pvt Ltd.,15,367.9,5518.5,2025-09-04T13:49:27.215039
2025-09-04,27628,2025090401013867,SANIMA,Agrawal Securities (PVT) Ltd.,Dipshikha Dhitopatra Karobar Co. Pvt Ltd.,341,367.8,125419.8,2025-09-04T13:49:27.215379
2025-09-04,27627,2025090401013868,SANIMA,Sewa Securities Pvt. Ltd.,Dipshikha Dhitopatra Karobar Co. Pvt Ltd.,200,367.8,73560.0,2025-09-04T13:49:27.215509
2025-09-04,27626,2025090401013869,SANIMA,Premier Securities Company Ltd.,Dipshikha Dhitopatra Karobar Co. Pvt Ltd.,444,367.7,163258.8,2025-09-04T13:49:27.215639
2025-09-04,27534,2025090401013907,SANIMA,Premier Securities Company Ltd.,Nagarik Stock Dealer ,400,367.7,147080.0,2025-09-04T13:49:54.80925
2025-09-04,27312,2025090401013970,SANIMA,Creative Securities Pvt Ltd,N.M.B. SECURITIES LIMITED,350,369.7,129395.0,2025-09-04T13:50:50.356628
2025-09-04,26139,2025090401014299,SANIMA,Agrawal Securities (PVT) Ltd.,Imperial Securities Company Pvt. Ltd.,50,367.8,18390.0,2025-09-04T13:55:08.533295
2025-09-04,25686,2025090401014442,SANIMA,Machhapuchchhre Securities Limited,Prabhu Stock Market Limited,10,369.0,3690.0,2025-09-04T13:57:14.445276
2025-09-04,25220,2025090401014601,SANIMA,Arun Securities (PVT) Ltd.,Prabhu Stock Market Limited,200,368.0,73600.0,2025-09-04T13:59:27.031647
2025-09-04,25219,2025090401014602,SANIMA,Agrawal Securities (PVT) Ltd.,Prabhu Stock Market Limited,800,368.0,294400.0,2025-09-04T13:59:27.032044
2025-09-04,24892,2025090401014724,SANIMA,Aryatara Investment & Securities,Prabhu Stock Market Limited,500,369.0,184500.0,2025-09-04T14:00:41.426255
2025-09-04,24689,2025090401014773,SANIMA,Naasa Securities Co. Ltd.,N.M.B. SECURITIES LIMITED,100,369.0,36900.0,2025-09-04T14:01:24.489709
2025-09-04,24108,2025090401014958,SANIMA,Shree Krishna Securities Ltd.,N.M.B. SECURITIES LIMITED,50,369.0,18450.0,2025-09-04T14:03:22.369269
2025-09-04,24107,2025090401014959,SANIMA,Shree Krishna Securities Ltd.,Ashutosh Brokerage & Securities (PVT) Ltd.,200,369.0,73800.0,2025-09-04T14:03:22.369605
2025-09-04,24106,2025090401014960,SANIMA,Shree Krishna Securities Ltd.,Kohinoor Investment & Securities Pvt. Ltd.,170,369.2,62764.0,2025-09-04T14:03:22.369763
2025-09-04,24105,2025090401014961,SANIMA,Shree Krishna Securities Ltd.,Imperial Securities Company Pvt. Ltd.,1000,369.4,369400.0,2025-09-04T14:03:22.369962
2025-09-04,24104,2025090401014962,SANIMA,Shree Krishna Securities Ltd.,Cristal Kanchanjanga Securites Pvt. Ltd.,2500,369.5,923750.0,2025-09-04T14:03:22.370123
2025-09-04,24103,2025090401014963,SANIMA,Shree Krishna Securities Ltd.,Imperial Securities Company Pvt. Ltd.,80,369.5,29560.0,2025-09-04T14:03:22.37032
2025-09-04,23784,2025090401015064,SANIMA,Kohinoor Investment & Securities Pvt. Ltd.,Linch Stock Market Ltd.,27,368.1,9938.7,2025-09-04T14:04:34.536248
2025-09-04,23783,2025090401015065,SANIMA,Vision Securities Pvt. Ltd,Linch Stock Market Ltd.,23,368.1,8466.3,2025-09-04T14:04:34.53661
2025-09-04,23658,2025090401015126,SANIMA,Vision Securities Pvt. Ltd,Nagarik Stock Dealer ,248,368.1,91288.8,2025-09-04T14:05:05.758503
2025-09-04,23657,2025090401015127,SANIMA,Agrawal Securities (PVT) Ltd.,Nagarik Stock Dealer ,150,368.0,55200.0,2025-09-04T14:05:05.758836
2025-09-04,23656,2025090401015128,SANIMA,Aryatara Investment & Securities,Nagarik Stock Dealer ,100,368.0,36800.0,2025-09-04T14:05:05.758969
2025-09-04,23655,2025090401015129,SANIMA,Dynamic Money Managers Securities Pvt. Ltd.,Nagarik Stock Dealer ,50,368.0,18400.0,2025-09-04T14:05:05.759106
2025-09-04,23654,2025090401015130,SANIMA,South Asian Bulls Pvt. Ltd.,Nagarik Stock Dealer ,200,368.0,73600.0,2025-09-04T14:05:05.759258
2025-09-04,23653,2025090401015131,SANIMA,Shree Krishna Securities Ltd.,Nagarik Stock Dealer ,1152,367.9,423820.8,2025-09-04T14:05:05.759385
2025-09-04,23114,2025090401015337,SANIMA,Dynamic Money Managers Securities Pvt. Ltd.,Sani Securities Company Ltd.,50,368.0,18400.0,2025-09-04T14:07:13.593918
2025-09-04,23056,2025090401015354,SANIMA,Shree Krishna Securities Ltd.,Sani Securities Company Ltd.,450,367.9,165555.0,2025-09-04T14:07:27.803283
2025-09-04,22598,2025090401015512,SANIMA,Nepal Stock House (PVT) Ltd.,Imperial Securities Company Pvt. Ltd.,300,369.5,110850.0,2025-09-04T14:09:20.514608
2025-09-04,22255,2025090401015585,SANIMA,Bhrikuti Stock Broking Co. Pvt. Ltd.,Trishakti Securities Public Limited,10,369.0,3690.0,2025-09-04T14:10:36.370317
2025-09-04,22254,2025090401015586,SANIMA,Nepal Stock House (PVT) Ltd.,Trishakti Securities Public Limited,490,369.0,180810.0,2025-09-04T14:10:36.371045
2025-09-04,22251,2025090401015588,SANIMA,Naasa Securities Co. Ltd.,ABC Securities Private Limited,2,376.0,752.0,2025-09-04T14:10:37.355263
2025-09-04,22200,2025090401015598,SANIMA,Imperial Securities Company Pvt. Ltd.,ABC Securities Private Limited,1,371.0,371.0,2025-09-04T14:10:48.462035
2025-09-04,21839,2025090401015693,SANIMA,Online Securities Pvt. Ltd.,Ashutosh Brokerage & Securities (PVT) Ltd.,185,369.4,68339.0,2025-09-04T14:12:04.815196
2025-09-04,21430,2025090401015841,SANIMA,Nepal Stock House (PVT) Ltd.,Oxford Securities Pvt. Ltd.,40,369.0,14760.0,2025-09-04T14:13:51.254259
2025-09-04,21429,2025090401015842,SANIMA,Sani Securities Company Ltd.,Oxford Securities Pvt. Ltd.,300,369.0,110700.0,2025-09-04T14:13:51.254622
2025-09-04,21255,2025090401015906,SANIMA,Vision Securities Pvt. Ltd,Oxford Securities Pvt. Ltd.,100,369.0,36900.0,2025-09-04T14:14:18.410141
2025-09-04,20734,2025090401016066,SANIMA,Dipshikha Dhitopatra Karobar Co. Pvt Ltd.,Aryatara Investment & Securities,50,369.0,18450.0,2025-09-04T14:16:14.977356
2025-09-04,20280,2025090401016194,SANIMA,Online Securities Pvt. Ltd.,Oxford Securities Pvt. Ltd.,50,368.2,18410.0,2025-09-04T14:17:39.266851
2025-09-04,20279,2025090401016195,SANIMA,Shree Krishna Securities Ltd.,Oxford Securities Pvt. Ltd.,10,368.1,3681.0,2025-09-04T14:17:39.267604
2025-09-04,19659,2025090401016392,SANIMA,Midas Stock Broking Company Private Limited,Kumari Securities Private Limited,50,369.0,18450.0,2025-09-04T14:19:48.844515
2025-09-04,19658,2025090401016393,SANIMA,Midas Stock Broking Company Private Limited,Dynamic Money Managers Securities Pvt. Ltd.,50,369.0,18450.0,2025-09-04T14:19:48.84484
2025-09-04,19445,2025090401016486,SANIMA,Agrawal Securities (PVT) Ltd.,Online Securities Pvt. Ltd.,1000,368.2,368200.0,2025-09-04T14:20:30.37137
2025-09-04,18991,2025090401016615,SANIMA,Shree Krishna Securities Ltd.,Nepal Investment And Securities Trading Private Limited,100,368.1,36810.0,2025-09-04T14:22:09.880388
2025-09-04,18346,2025090401016800,SANIMA,Shree Krishna Securities Ltd.,Aryatara Investment & Securities,120,368.1,44172.0,2025-09-04T14:24:17.03672
2025-09-04,17471,2025090401017097,SANIMA,Sweta Securities Private Limited,Vision Securities Pvt. Ltd,100,368.5,36850.0,2025-09-04T14:27:35.658973
2025-09-04,17470,2025090401017098,SANIMA,ABC Securities Private Limited,Vision Securities Pvt. Ltd,25,368.2,9205.0,2025-09-04T14:27:35.659635
2025-09-04,17469,2025090401017099,SANIMA,Linch Stock Market Ltd.,Vision Securities Pvt. Ltd,204,368.2,75112.8,2025-09-04T14:27:35.660049
2025-09-04,16495,2025090401017350,SANIMA,Linch Stock Market Ltd.,Aryatara Investment & Securities,16,368.2,5891.2,2025-09-04T14:30:34.726401
2025-09-04,16198,2025090401017437,SANIMA,Malla & Malla Stock Broking Company Pvt. Limited,Dynamic Money Managers Securities Pvt. Ltd.,50,369.0,18450.0,2025-09-04T14:31:26.878253
2025-09-04,16197,2025090401017438,SANIMA,Malla & Malla Stock Broking Company Pvt. Limited,Agrawal Securities (PVT) Ltd.,200,369.0,73800.0,2025-09-04T14:31:26.878582
2025-09-04,16048,2025090401017467,SANIMA,Shree Krishna Securities Ltd.,Ashutosh Brokerage & Securities (PVT) Ltd.,15,369.4,5541.0,2025-09-04T14:31:49.555254
2025-09-04,16047,2025090401017468,SANIMA,Shree Krishna Securities Ltd.,Sweta Securities Private Limited,100,369.4,36940.0,2025-09-04T14:31:49.555588
2025-09-04,16046,2025090401017469,SANIMA,Shree Krishna Securities Ltd.,Imperial Securities Company Pvt. Ltd.,120,369.5,44340.0,2025-09-04T14:31:49.55573
2025-09-04,16045,2025090401017470,SANIMA,Shree Krishna Securities Ltd.,Kohinoor Investment & Securities Pvt. Ltd.,200,369.5,73900.0,2025-09-04T14:31:49.555865
2025-09-04,16044,2025090401017471,SANIMA,Shree Krishna Securities Ltd.,Dynamic Money Managers Securities Pvt. Ltd.,200,369.5,73900.0,2025-09-04T14:31:49.556009
2025-09-04,16043,2025090401017472,SANIMA,Shree Krishna Securities Ltd.,Sweta Securities Private Limited,100,369.5,36950.0,2025-09-04T14:31:49.556168
2025-09-04,16042,2025090401017473,SANIMA,Shree Krishna Securities Ltd.,Kohinoor Investment & Securities Pvt. Ltd.,183,369.7,67655.1,2025-09-04T14:31:49.556315
2025-09-04,16041,2025090401017474,SANIMA,Shree Krishna Securities Ltd.,Sweta Securities Private Limited,100,369.9,36990.0,2025-09-04T14:31:49.556455
2025-09-04,16040,2025090401017475,SANIMA,Shree Krishna Securities Ltd.,Dipshikha Dhitopatra Karobar Co. Pvt Ltd.,61,370.0,22570.0,2025-09-04T14:31:49.556596
2025-09-04,16039,2025090401017476,SANIMA,Shree Krishna Securities Ltd.,Ashutosh Brokerage & Securities (PVT) Ltd.,200,370.0,74000.0,2025-09-04T14:31:49.556727
2025-09-04,16038,2025090401017477,SANIMA,Shree Krishna Securities Ltd.,Neev Securities Pvt. Ltd.,1000,370.0,370000.0,2025-09-04T14:31:49.556858
2025-09-04,16037,2025090401017478,SANIMA,Shree Krishna Securities Ltd.,Oxford Securities Pvt. Ltd.,700,370.0,259000.0,2025-09-04T14:31:49.556995
2025-09-04,16036,2025090401017479,SANIMA,Shree Krishna Securities Ltd.,Nagarik Stock Dealer ,100,370.0,37000.0,2025-09-04T14:31:49.557151
2025-09-04,16035,2025090401017480,SANIMA,Shree Krishna Securities Ltd.,Sweta Securities Private Limited,100,370.0,37000.0,2025-09-04T14:31:49.557286
2025-09-04,16034,2025090401017481,SANIMA,Shree Krishna Securities Ltd.,Dipshikha Dhitopatra Karobar Co. Pvt Ltd.,70,370.0,25900.0,2025-09-04T14:31:49.557429
2025-09-04,16033,2025090401017482,SANIMA,Shree Krishna Securities Ltd.,Imperial Securities Company Pvt. Ltd.,299,370.0,110630.0,2025-09-04T14:31:49.557564
2025-09-04,16032,2025090401017483,SANIMA,Shree Krishna Securities Ltd.,Imperial Securities Company Pvt. Ltd.,300,370.0,111000.0,2025-09-04T14:31:49.557701
2025-09-04,16031,2025090401017484,SANIMA,Shree Krishna Securities Ltd.,Sumeru Securities Pvt. Ltd.,152,370.0,56240.0,2025-09-04T14:31:49.557833
2025-09-04,15220,2025090401017664,SANIMA,Pragyan Securities (PVT) Ltd.,Sumeru Securities Pvt. Ltd.,148,370.0,54760.0,2025-09-04T14:34:02.07539
2025-09-04,15054,2025090401017722,SANIMA,Premier Securities Company Ltd.,Sani Securities Company Ltd.,10,368.4,3684.0,2025-09-04T14:34:27.962941
2025-09-04,13333,2025090401018232,SANIMA,Machhapuchchhre Securities Limited,Sri Hari Securities Pvt. Ltd.,10,370.0,3700.0,2025-09-04T14:38:38.634326
2025-09-04,13050,2025090401018322,SANIMA,Cristal Kanchanjanga Securites Pvt. Ltd.,Sri Hari Securities Pvt. Ltd.,90,370.0,33300.0,2025-09-04T14:39:30.014645
2025-09-04,13049,2025090401018323,SANIMA,Cristal Kanchanjanga Securites Pvt. Ltd.,Naasa Securities Co. Ltd.,210,370.0,77700.0,2025-09-04T14:39:30.015009
2025-09-04,12898,2025090401018438,SANIMA,Machhapuchchhre Securities Limited,Dynamic Money Managers Securities Pvt. Ltd.,50,369.0,18450.0,2025-09-04T14:39:39.20329
2025-09-04,12897,2025090401018439,SANIMA,Nepal Investment And Securities Trading Private Limited,Dynamic Money Managers Securities Pvt. Ltd.,100,369.0,36900.0,2025-09-04T14:39:39.203641
2025-09-04,12428,2025090401018551,SANIMA,Shree Krishna Securities Ltd.,Dynamic Money Managers Securities Pvt. Ltd.,850,369.0,313650.0,2025-09-04T14:40:53.593136
2025-09-04,12427,2025090401018552,SANIMA,Shree Krishna Securities Ltd.,Dynamic Money Managers Securities Pvt. Ltd.,950,369.0,350550.0,2025-09-04T14:40:53.593757
2025-09-04,12275,2025090401018584,SANIMA,Shree Krishna Securities Ltd.,Dynamic Money Managers Securities Pvt. Ltd.,50,369.0,18450.0,2025-09-04T14:41:19.678979
2025-09-04,12274,2025090401018585,SANIMA,Shree Krishna Securities Ltd.,Naasa Securities Co. Ltd.,1161,370.0,429570.0,2025-09-04T14:41:19.679307
2025-09-04,12273,2025090401018586,SANIMA,Shree Krishna Securities Ltd.,Trisul Securities & Invt. Ltd.,1679,370.0,621230.0,2025-09-04T14:41:19.679479
2025-09-04,12272,2025090401018587,SANIMA,Shree Krishna Securities Ltd.,Imperial Securities Company Pvt. Ltd.,90,370.0,33300.0,2025-09-04T14:41:19.679625
2025-09-04,12271,2025090401018588,SANIMA,Shree Krishna Securities Ltd.,Sani Securities Company Ltd.,320,370.0,118400.0,2025-09-04T14:41:19.679767
2025-09-04,11890,2025090401018726,SANIMA,Shree Krishna Securities Ltd.,Sagarmatha Securities Private Limited,100,370.9,37090.0,2025-09-04T14:42:25.001189
2025-09-04,11889,2025090401018727,SANIMA,Shree Krishna Securities Ltd.,Kalika Securities Pvt. Ltd.,10,371.0,3710.0,2025-09-04T14:42:25.001514
2025-09-04,11888,2025090401018728,SANIMA,Shree Krishna Securities Ltd.,Dynamic Money Managers Securities Pvt. Ltd.,1300,371.0,482300.0,2025-09-04T14:42:25.001652
2025-09-04,11887,2025090401018729,SANIMA,Shree Krishna Securities Ltd.,Trishakti Securities Public Limited,20,371.0,7420.0,2025-09-04T14:42:25.001787
2025-09-04,11886,2025090401018730,SANIMA,Shree Krishna Securities Ltd.,Kumari Securities Private Limited,100,371.0,37100.0,2025-09-04T14:42:25.001925
2025-09-04,11885,2025090401018731,SANIMA,Shree Krishna Securities Ltd.,Nabil Stock Dealer Ltd.,470,371.0,174370.0,2025-09-04T14:42:25.002067
2025-09-04,11734,2025090401018785,SANIMA,Shree Krishna Securities Ltd.,Nabil Stock Dealer Ltd.,30,371.0,11130.0,2025-09-04T14:42:41.089235
2025-09-04,11733,2025090401018786,SANIMA,Shree Krishna Securities Ltd.,Sani Securities Company Ltd.,20,371.0,7420.0,2025-09-04T14:42:41.089559
2025-09-04,11732,2025090401018787,SANIMA,Shree Krishna Securities Ltd.,Sani Securities Company Ltd.,1000,371.4,371400.0,2025-09-04T14:42:41.089695
2025-09-04,11731,2025090401018788,SANIMA,Shree Krishna Securities Ltd.,Online Securities Pvt. Ltd.,500,371.8,185900.0,2025-09-04T14:42:41.089833
2025-09-04,11730,2025090401018789,SANIMA,Shree Krishna Securities Ltd.,J.F. Securites (PVT) Ltd.,61,371.9,22685.9,2025-09-04T14:42:41.089975
2025-09-04,11729,2025090401018790,SANIMA,Shree Krishna Securities Ltd.,Nepal Stock House (PVT) Ltd.,200,372.0,74400.0,2025-09-04T14:42:41.090121
2025-09-04,11728,2025090401018791,SANIMA,Shree Krishna Securities Ltd.,Bhrikuti Stock Broking Co. Pvt. Ltd.,17,372.0,6324.0,2025-09-04T14:42:41.090275
2025-09-04,11727,2025090401018792,SANIMA,Shree Krishna Securities Ltd.,Online Securities Pvt. Ltd.,500,372.0,186000.0,2025-09-04T14:42:41.090424
2025-09-04,11726,2025090401018793,SANIMA,Shree Krishna Securities Ltd.,Aryatara Investment & Securities,10,372.0,3720.0,2025-09-04T14:42:41.090557
2025-09-04,11725,2025090401018794,SANIMA,Shree Krishna Securities Ltd.,Trishakti Securities Public Limited,2943,372.0,1094796.0,2025-09-04T14:42:41.090693
2025-09-04,11724,2025090401018795,SANIMA,Shree Krishna Securities Ltd.,Sewa Securities Pvt. Ltd.,11,372.0,4092.0,2025-09-04T14:42:41.090844
2025-09-04,11723,2025090401018796,SANIMA,Shree Krishna Securities Ltd.,Naasa Securities Co. Ltd.,300,372.0,111600.0,2025-09-04T14:42:41.090977
2025-09-04,11722,2025090401018797,SANIMA,Shree Krishna Securities Ltd.,Aryatara Investment & Securities,408,372.0,151776.0,2025-09-04T14:42:41.091112
2025-09-04,9689,2025090401019435,SANIMA,Pragyan Securities (PVT) Ltd.,Kohinoor Investment & Securities Pvt. Ltd.,100,371.5,37150.0,2025-09-04T14:47:29.878163
2025-09-04,9574,2025090401019466,SANIMA,Agrawal Securities (PVT) Ltd.,Aryatara Investment & Securities,92,372.0,34224.0,2025-09-04T14:47:42.835157
2025-09-04,9573,2025090401019467,SANIMA,Agrawal Securities (PVT) Ltd.,Online Securities Pvt. Ltd.,17,372.0,6324.0,2025-09-04T14:47:42.835486
2025-09-04,9572,2025090401019468,SANIMA,Agrawal Securities (PVT) Ltd.,Malla & Malla Stock Broking Company Pvt. Limited,51,372.5,18997.5,2025-09-04T14:47:42.835633
2025-09-04,9571,2025090401019469,SANIMA,Agrawal Securities (PVT) Ltd.,Imperial Securities Company Pvt. Ltd.,1000,372.9,372900.0,2025-09-04T14:47:42.83579
2025-09-04,9570,2025090401019470,SANIMA,Agrawal Securities (PVT) Ltd.,Imperial Securities Company Pvt. Ltd.,840,372.9,313236.0,2025-09-04T14:47:42.835923
2025-09-04,8906,2025090401019674,SANIMA,Imperial Securities Company Pvt. Ltd.,Vision Securities Pvt. Ltd,50,372.0,18600.0,2025-09-04T14:49:02.323989
2025-09-04,8815,2025090401019694,SANIMA,Pragyan Securities (PVT) Ltd.,Vision Securities Pvt. Ltd,174,372.0,64728.0,2025-09-04T14:49:14.629337
2025-09-04,8132,2025090401019871,SANIMA,Naasa Securities Co. Ltd.,Naasa Securities Co. Ltd.,15,372.0,5580.0,2025-09-04T14:50:21.434066
2025-09-04,5381,2025090401020638,SANIMA,Sewa Securities Pvt. Ltd.,Naasa Securities Co. Ltd.,15,372.0,5580.0,2025-09-04T14:55:09.314489
2025-09-04,5380,2025090401020639,SANIMA,Sewa Securities Pvt. Ltd.,Sewa Securities Pvt. Ltd.,40,372.0,14880.0,2025-09-04T14:55:09.315156
2025-09-04,5269,2025090401020657,SANIMA,Dynamic Money Managers Securities Pvt. Ltd.,Sewa Securities Pvt. Ltd.,10,372.0,3720.0,2025-09-04T14:55:19.847145
2025-09-04,5268,2025090401020658,SANIMA,Dynamic Money Managers Securities Pvt. Ltd.,Kohinoor Investment & Securities Pvt. Ltd.,60,372.5,22350.0,2025-09-04T14:55:19.847536
2025-09-04,5267,2025090401020659,SANIMA,Dynamic Money Managers Securities Pvt. Ltd.,Dynamic Money Managers Securities Pvt. Ltd.,500,372.8,186400.0,2025-09-04T14:55:19.84769
2025-09-04,5266,2025090401020660,SANIMA,Dynamic Money Managers Securities Pvt. Ltd.,Imperial Securities Company Pvt. Ltd.,430,372.9,160347.0,2025-09-04T14:55:19.847826
2025-09-04,4708,2025090401020919,SANIMA,Kohinoor Investment & Securities Pvt. Ltd.,Imperial Securities Company Pvt. Ltd.,20,372.9,7458.0,2025-09-04T14:55:56.105243
2025-09-04,4587,2025090401020940,SANIMA,Dynamic Money Managers Securities Pvt. Ltd.,Sweta Securities Private Limited,20,372.8,7456.0,2025-09-04T14:56:06.497189
2025-09-04,4586,2025090401020941,SANIMA,Dynamic Money Managers Securities Pvt. Ltd.,Imperial Securities Company Pvt. Ltd.,710,372.9,264759.0,2025-09-04T14:56:06.497515
2025-09-04,4585,2025090401020942,SANIMA,Dynamic Money Managers Securities Pvt. Ltd.,Linch Stock Market Ltd.,270,373.0,100710.0,2025-09-04T14:56:06.49766
2025-09-04,4281,2025090401021021,SANIMA,Pragyan Securities (PVT) Ltd.,Linch Stock Market Ltd.,178,373.0,66394.0,2025-09-04T14:56:27.147929
2025-09-04,4037,2025090401021086,SANIMA,Naasa Securities Co. Ltd.,Linch Stock Market Ltd.,93,373.0,34689.0,2025-09-04T14:56:45.319179
2025-09-04,3839,2025090401021126,SANIMA,Shree Krishna Securities Ltd.,Linch Stock Market Ltd.,400,373.0,149200.0,2025-09-04T14:56:56.997427
2025-09-04,3781,2025090401021137,SANIMA,Shree Krishna Securities Ltd.,Ashutosh Brokerage & Securities (PVT) Ltd.,5000,372.0,1860000.0,2025-09-04T14:57:01.372894
2025-09-04,3172,2025090401021269,SANIMA,Shree Krishna Securities Ltd.,Naasa Securities Co. Ltd.,150,372.0,55800.0,2025-09-04T14:57:42.204864
2025-09-04,3171,2025090401021270,SANIMA,Shree Krishna Securities Ltd.,Miyo Securities Pvt Ltd,1850,372.0,688200.0,2025-09-04T14:57:42.205626
2025-09-04,2974,2025090401021307,SANIMA,Bhrikuti Stock Broking Co. Pvt. Ltd.,Miyo Securities Pvt Ltd,30,372.0,11160.0,2025-09-04T14:57:56.620121
2025-09-04,2536,2025090401021388,SANIMA,Agrawal Securities (PVT) Ltd.,Trishakti Securities Public Limited,1000,371.6,371600.0,2025-09-04T14:58:24.099472
2025-09-04,2445,2025090401021408,SANIMA,Global IME Securities Limited,Kohinoor Investment & Securities Pvt. Ltd.,1,372.0,372.0,2025-09-04T14:58:29.18109
2025-09-04,2439,2025090401021409,SANIMA,Midas Stock Broking Company Private Limited,Miyo Securities Pvt Ltd,100,372.0,37200.0,2025-09-04T14:58:29.888952
2025-09-04,2155,2025090401021455,SANIMA,Imperial Securities Company Pvt. Ltd.,Miyo Securities Pvt Ltd,20,372.0,7440.0,2025-09-04T14:58:43.740482
2025-09-04,2154,2025090401021456,SANIMA,Imperial Securities Company Pvt. Ltd.,Sumeru Securities Pvt. Ltd.,480,372.0,178560.0,2025-09-04T14:58:43.741229
2025-09-04,1890,2025090401021496,SANIMA,Shree Krishna Securities Ltd.,Ashutosh Brokerage & Securities (PVT) Ltd.,5000,371.5,1857500.0,2025-09-04T14:58:57.124458
2025-09-04,1876,2025090401021499,SANIMA,Kumari Securities Private Limited,Neev Securities Pvt. Ltd.,200,371.1,74220.0,2025-09-04T14:58:57.808468
2025-09-04,1875,2025090401021500,SANIMA,Pragyan Securities (PVT) Ltd.,Neev Securities Pvt. Ltd.,578,371.0,214438.0,2025-09-04T14:58:57.808805
2025-09-04,1874,2025090401021501,SANIMA,Deevyaa Securities & Stock House Pvt. Ltd,Neev Securities Pvt. Ltd.,100,371.0,37100.0,2025-09-04T14:58:57.808948
2025-09-04,1873,2025090401021502,SANIMA,Vision Securities Pvt. Ltd,Neev Securities Pvt. Ltd.,10,371.0,3710.0,2025-09-04T14:58:57.809112
2025-09-04,1872,2025090401021503,SANIMA,J.F. Securites (PVT) Ltd.,Neev Securities Pvt. Ltd.,50,371.0,18550.0,2025-09-04T14:58:57.809249
2025-09-04,1089,2025090401021678,SANIMA,Vision Securities Pvt. Ltd,Neev Securities Pvt. Ltd.,1000,371.0,371000.0,2025-09-04T14:59:27.527361
2025-09-04,797,2025090401021785,SANIMA,Pragyan Securities (PVT) Ltd.,Neev Securities Pvt. Ltd.,500,371.0,185500.0,2025-09-04T14:59:34.414419
2025-09-04,657,2025090401021803,SANIMA,Sri Hari Securities Pvt. Ltd.,Neev Securities Pvt. Ltd.,250,371.0,92750.0,2025-09-04T14:59:39.031341
