Date,S.N.,Contract ID,Symbol,Buyer Broker,Seller Broker,volume,rate,amount,transaction_time
2025-09-04,68422,2025090404000220,SSHL,Naasa Securities Co. Ltd.,Premier Securities Company Ltd.,30,182.5,5475.0,2025-09-04T11:04:12.019556
2025-09-04,68097,2025090404000330,SSHL,Sundhara Securities Limited,Premier Securities Company Ltd.,20,182.5,3650.0,2025-09-04T11:05:48.783197
2025-09-04,67959,2025090404000362,SSHL,Sundhara Securities Limited,Naasa Securities Co. Ltd.,10,182.0,1820.0,2025-09-04T11:06:37.560988
2025-09-04,67736,2025090404000385,SSHL,Sundhara Securities Limited,Vision Securities Pvt. Ltd,90,182.0,16380.0,2025-09-04T11:07:07.225434
2025-09-04,67735,2025090404000386,SSHL,Deevyaa Securities & Stock House Pvt. Ltd,Vision Securities Pvt. Ltd,500,181.1,90550.0,2025-09-04T11:07:07.22551
2025-09-04,67734,2025090404000387,SSHL,Sumeru Securities Pvt. Ltd.,Vision Securities Pvt. Ltd,300,181.0,54300.0,2025-09-04T11:07:07.225551
2025-09-04,67733,2025090404000388,SSHL,Thrive Brokerage House Pvt. Ltd,Vision Securities Pvt. Ltd,300,181.0,54300.0,2025-09-04T11:07:07.225584
2025-09-04,67732,2025090404000389,SSHL,Naasa Securities Co. Ltd.,Vision Securities Pvt. Ltd,15,180.0,2700.0,2025-09-04T11:07:07.225616
2025-09-04,67229,2025090404000507,SSHL,Naasa Securities Co. Ltd.,Vision Securities Pvt. Ltd,40,180.1,7204.0,2025-09-04T11:09:48.532888
2025-09-04,66490,2025090404000744,SSHL,Naasa Securities Co. Ltd.,Naasa Securities Co. Ltd.,50,180.1,9005.0,2025-09-04T11:12:30.708398
2025-09-04,66080,2025090404000840,SSHL,Nepal Stock House (PVT) Ltd.,Indira securities pvt. ltd,10,181.9,1819.0,2025-09-04T11:14:01.149853
2025-09-04,65288,2025090404001046,SSHL,Cristal Kanchanjanga Securites Pvt. Ltd.,Imperial Securities Company Pvt. Ltd.,100,180.9,18090.0,2025-09-04T11:16:55.588779
2025-09-04,65287,2025090404001047,SSHL,Cristal Kanchanjanga Securites Pvt. Ltd.,Opal Securities Investment (PVT) Ltd.,430,181.0,77830.0,2025-09-04T11:16:55.588927
2025-09-04,64686,2025090404001169,SSHL,Online Securities Pvt. Ltd.,Opal Securities Investment (PVT) Ltd.,141,181.0,25521.0,2025-09-04T11:19:01.028453
2025-09-04,64592,2025090404001186,SSHL,Online Securities Pvt. Ltd.,Opal Securities Investment (PVT) Ltd.,169,181.0,30589.0,2025-09-04T11:19:31.214441
2025-09-04,64591,2025090404001187,SSHL,Online Securities Pvt. Ltd.,Neev Securities Pvt. Ltd.,198,181.0,35838.0,2025-09-04T11:19:31.214651
2025-09-04,64590,2025090404001188,SSHL,Online Securities Pvt. Ltd.,Naasa Securities Co. Ltd.,95,181.0,17195.0,2025-09-04T11:19:31.214787
2025-09-04,64522,2025090404001213,SSHL,Online Securities Pvt. Ltd.,Naasa Securities Co. Ltd.,88,181.0,15928.0,2025-09-04T11:19:48.82513
2025-09-04,64401,2025090404001235,SSHL,Sumeru Securities Pvt. Ltd.,J.F. Securites (PVT) Ltd.,200,180.3,36060.0,2025-09-04T11:20:16.560338
2025-09-04,64336,2025090404001246,SSHL,Sumeru Securities Pvt. Ltd.,Creative Securities Pvt Ltd,300,180.3,54090.0,2025-09-04T11:20:30.871814
2025-09-04,64335,2025090404001247,SSHL,SHUBHAKAMANA SECURITIES PVT. LTD,Creative Securities Pvt Ltd,500,180.2,90100.0,2025-09-04T11:20:30.871921
2025-09-04,64334,2025090404001248,SSHL,Siprabi Securities Pvt. Ltd.,Creative Securities Pvt Ltd,50,180.2,9010.0,2025-09-04T11:20:30.871965
2025-09-04,64333,2025090404001249,SSHL,Nepal Stock House (PVT) Ltd.,Creative Securities Pvt Ltd,10,180.2,1802.0,2025-09-04T11:20:30.872006
2025-09-04,64332,2025090404001250,SSHL,Naasa Securities Co. Ltd.,Creative Securities Pvt Ltd,10,180.1,1801.0,2025-09-04T11:20:30.872047
2025-09-04,64331,2025090404001251,SSHL,Dipshikha Dhitopatra Karobar Co. Pvt Ltd.,Creative Securities Pvt Ltd,16,180.1,2881.6,2025-09-04T11:20:30.872086
2025-09-04,64330,2025090404001252,SSHL,Deevyaa Securities & Stock House Pvt. Ltd,Creative Securities Pvt Ltd,500,180.1,90050.0,2025-09-04T11:20:30.872134
2025-09-04,64329,2025090404001253,SSHL,Naasa Securities Co. Ltd.,Creative Securities Pvt Ltd,35,180.0,6300.0,2025-09-04T11:20:30.872191
2025-09-04,64328,2025090404001254,SSHL,Naasa Securities Co. Ltd.,Creative Securities Pvt Ltd,60,180.0,10800.0,2025-09-04T11:20:30.872231
2025-09-04,64327,2025090404001255,SSHL,Ashutosh Brokerage & Securities (PVT) Ltd.,Creative Securities Pvt Ltd,20,180.0,3600.0,2025-09-04T11:20:30.872268
2025-09-04,64326,2025090404001256,SSHL,Trishakti Securities Public Limited,Creative Securities Pvt Ltd,1000,180.0,180000.0,2025-09-04T11:20:30.872305
2025-09-04,64325,2025090404001257,SSHL,Oxford Securities Pvt. Ltd.,Creative Securities Pvt Ltd,200,180.0,36000.0,2025-09-04T11:20:30.872349
2025-09-04,64324,2025090404001258,SSHL,Sundhara Securities Limited,Creative Securities Pvt Ltd,300,180.0,54000.0,2025-09-04T11:20:30.872387
2025-09-04,64323,2025090404001259,SSHL,Vision Securities Pvt. Ltd,Creative Securities Pvt Ltd,500,180.0,90000.0,2025-09-04T11:20:30.872453
2025-09-04,64322,2025090404001260,SSHL,Naasa Securities Co. Ltd.,Creative Securities Pvt Ltd,10,180.0,1800.0,2025-09-04T11:20:30.872535
2025-09-04,63995,2025090404001340,SSHL,Sweta Securities Private Limited,Kumari Securities Private Limited,20,179.2,3584.0,2025-09-04T11:21:42.777844
2025-09-04,63638,2025090404001402,SSHL,Deevyaa Securities & Stock House Pvt. Ltd,Bhrikuti Stock Broking Co. Pvt. Ltd.,170,179.3,30481.0,2025-09-04T11:23:16.378758
2025-09-04,63362,2025090404001480,SSHL,Cristal Kanchanjanga Securites Pvt. Ltd.,Creative Securities Pvt Ltd,489,180.0,88020.0,2025-09-04T11:24:23.699184
2025-09-04,62620,2025090404001644,SSHL,Online Securities Pvt. Ltd.,Creative Securities Pvt Ltd,25,180.0,4500.0,2025-09-04T11:27:51.897816
2025-09-04,62489,2025090404001681,SSHL,Cristal Kanchanjanga Securites Pvt. Ltd.,Creative Securities Pvt Ltd,275,180.0,49500.0,2025-09-04T11:28:21.653333
2025-09-04,61911,2025090404001824,SSHL,Cristal Kanchanjanga Securites Pvt. Ltd.,Naasa Securities Co. Ltd.,12,181.0,2172.0,2025-09-04T11:30:41.904033
2025-09-04,61910,2025090404001825,SSHL,Cristal Kanchanjanga Securites Pvt. Ltd.,Imperial Securities Company Pvt. Ltd.,15,181.0,2715.0,2025-09-04T11:30:41.904164
2025-09-04,61909,2025090404001826,SSHL,Cristal Kanchanjanga Securites Pvt. Ltd.,Sundhara Securities Limited,100,181.0,18100.0,2025-09-04T11:30:41.904217
2025-09-04,61908,2025090404001827,SSHL,Cristal Kanchanjanga Securites Pvt. Ltd.,Sundhara Securities Limited,100,181.0,18100.0,2025-09-04T11:30:41.904265
2025-09-04,61907,2025090404001828,SSHL,Cristal Kanchanjanga Securites Pvt. Ltd.,Sundhara Securities Limited,100,181.0,18100.0,2025-09-04T11:30:41.904329
2025-09-04,61906,2025090404001829,SSHL,Cristal Kanchanjanga Securites Pvt. Ltd.,Sundhara Securities Limited,90,181.0,16290.0,2025-09-04T11:30:41.904376
2025-09-04,61905,2025090404001830,SSHL,Cristal Kanchanjanga Securites Pvt. Ltd.,Sundhara Securities Limited,200,181.8,36360.0,2025-09-04T11:30:41.904425
2025-09-04,61904,2025090404001831,SSHL,Cristal Kanchanjanga Securites Pvt. Ltd.,Indira securities pvt. ltd,290,181.9,52751.0,2025-09-04T11:30:41.904477
2025-09-04,61903,2025090404001832,SSHL,Cristal Kanchanjanga Securites Pvt. Ltd.,Naasa Securities Co. Ltd.,10,181.9,1819.0,2025-09-04T11:30:41.904525
2025-09-04,61902,2025090404001833,SSHL,Cristal Kanchanjanga Securites Pvt. Ltd.,Linch Stock Market Ltd.,319,182.0,58058.0,2025-09-04T11:30:41.904608
2025-09-04,61404,2025090404001887,SSHL,Premier Securities Company Ltd.,Market Securities & Exchange (PVT) Ltd.,30,180.0,5400.0,2025-09-04T11:32:38.745394
2025-09-04,61403,2025090404001888,SSHL,Vision Securities Pvt. Ltd,Market Securities & Exchange (PVT) Ltd.,20,180.0,3600.0,2025-09-04T11:32:38.745551
2025-09-04,60878,2025090404001980,SSHL,Sani Securities Company Ltd.,Sani Securities Company Ltd.,50,181.0,9050.0,2025-09-04T11:35:00.207928
2025-09-04,59437,2025090404002269,SSHL,Sani Securities Company Ltd.,Linch Stock Market Ltd.,20,182.0,3640.0,2025-09-04T11:40:44.514591
2025-09-04,58835,2025090404002444,SSHL,Vision Securities Pvt. Ltd,Creative Securities Pvt Ltd,10,181.0,1810.0,2025-09-04T11:43:38.912973
2025-09-04,58834,2025090404002445,SSHL,Naasa Securities Co. Ltd.,Creative Securities Pvt Ltd,10,181.0,1810.0,2025-09-04T11:43:38.913142
2025-09-04,58833,2025090404002446,SSHL,Cristal Kanchanjanga Securites Pvt. Ltd.,Creative Securities Pvt Ltd,100,180.5,18050.0,2025-09-04T11:43:38.913208
2025-09-04,58832,2025090404002447,SSHL,Oxford Securities Pvt. Ltd.,Creative Securities Pvt Ltd,20,180.5,3610.0,2025-09-04T11:43:38.913259
2025-09-04,58831,2025090404002448,SSHL,Vision Securities Pvt. Ltd,Creative Securities Pvt Ltd,30,180.0,5400.0,2025-09-04T11:43:38.913349
2025-09-04,58830,2025090404002449,SSHL,ABC Securities Private Limited,Creative Securities Pvt Ltd,20,180.0,3600.0,2025-09-04T11:43:38.913408
2025-09-04,58829,2025090404002450,SSHL,Sani Securities Company Ltd.,Creative Securities Pvt Ltd,200,180.0,36000.0,2025-09-04T11:43:38.913463
2025-09-04,58828,2025090404002451,SSHL,Sani Securities Company Ltd.,Creative Securities Pvt Ltd,500,180.0,90000.0,2025-09-04T11:43:38.913528
2025-09-04,58827,2025090404002452,SSHL,Dipshikha Dhitopatra Karobar Co. Pvt Ltd.,Creative Securities Pvt Ltd,58,180.0,10440.0,2025-09-04T11:43:38.913587
2025-09-04,58826,2025090404002453,SSHL,Naasa Securities Co. Ltd.,Creative Securities Pvt Ltd,11,180.0,1980.0,2025-09-04T11:43:38.913653
2025-09-04,58825,2025090404002454,SSHL,Trisul Securities & Invt. Ltd.,Creative Securities Pvt Ltd,20,180.0,3600.0,2025-09-04T11:43:38.913723
2025-09-04,58824,2025090404002455,SSHL,Vision Securities Pvt. Ltd,Creative Securities Pvt Ltd,100,180.0,18000.0,2025-09-04T11:43:38.913789
2025-09-04,58823,2025090404002456,SSHL,Naasa Securities Co. Ltd.,Creative Securities Pvt Ltd,10,180.0,1800.0,2025-09-04T11:43:38.913849
2025-09-04,58822,2025090404002457,SSHL,Dipshikha Dhitopatra Karobar Co. Pvt Ltd.,Creative Securities Pvt Ltd,200,180.0,36000.0,2025-09-04T11:43:38.9139
2025-09-04,58821,2025090404002458,SSHL,Linch Stock Market Ltd.,Creative Securities Pvt Ltd,25,180.0,4500.0,2025-09-04T11:43:38.913947
2025-09-04,58522,2025090404002518,SSHL,Thrive Brokerage House Pvt. Ltd,Sewa Securities Pvt. Ltd.,50,179.6,8980.0,2025-09-04T11:45:27.341888
2025-09-04,58521,2025090404002519,SSHL,Primo Securities (PVT) Ltd.,Sewa Securities Pvt. Ltd.,200,179.6,35920.0,2025-09-04T11:45:27.342147
2025-09-04,58313,2025090404002578,SSHL,Midas Stock Broking Company Private Limited,Creative Securities Pvt Ltd,10,180.0,1800.0,2025-09-04T11:46:21.592095
2025-09-04,58292,2025090404002582,SSHL,Primo Securities (PVT) Ltd.,Sagarmatha Securities Private Limited,50,179.6,8980.0,2025-09-04T11:46:29.220413
2025-09-04,58266,2025090404002583,SSHL,Opal Securities Investment (PVT) Ltd.,Creative Securities Pvt Ltd,10,180.0,1800.0,2025-09-04T11:46:36.093451
2025-09-04,58159,2025090404002614,SSHL,N.I.M.B. Stock Markets Limited,Creative Securities Pvt Ltd,10,180.0,1800.0,2025-09-04T11:47:13.631406
2025-09-04,58056,2025090404002627,SSHL,Online Securities Pvt. Ltd.,Creative Securities Pvt Ltd,170,180.0,30600.0,2025-09-04T11:47:45.651379
2025-09-04,58011,2025090404002644,SSHL,Sani Securities Company Ltd.,Creative Securities Pvt Ltd,150,180.0,27000.0,2025-09-04T11:47:56.953209
2025-09-04,57950,2025090404002655,SSHL,Cristal Kanchanjanga Securites Pvt. Ltd.,Creative Securities Pvt Ltd,16,180.0,2880.0,2025-09-04T11:48:09.353963
2025-09-04,57949,2025090404002656,SSHL,Cristal Kanchanjanga Securites Pvt. Ltd.,Naasa Securities Co. Ltd.,23,180.0,4140.0,2025-09-04T11:48:09.354089
2025-09-04,57948,2025090404002657,SSHL,Cristal Kanchanjanga Securites Pvt. Ltd.,Nepal Investment And Securities Trading Private Limited,200,180.0,36000.0,2025-09-04T11:48:09.354147
2025-09-04,57947,2025090404002658,SSHL,Cristal Kanchanjanga Securites Pvt. Ltd.,Creative Securities Pvt Ltd,100,180.0,18000.0,2025-09-04T11:48:09.354201
2025-09-04,56761,2025090404002876,SSHL,Cristal Kanchanjanga Securites Pvt. Ltd.,Naasa Securities Co. Ltd.,61,180.0,10980.0,2025-09-04T11:53:56.905059
2025-09-04,56760,2025090404002877,SSHL,Naasa Securities Co. Ltd.,Naasa Securities Co. Ltd.,10,180.0,1800.0,2025-09-04T11:53:56.905347
2025-09-04,56759,2025090404002878,SSHL,Naasa Securities Co. Ltd.,Naasa Securities Co. Ltd.,50,180.0,9000.0,2025-09-04T11:53:56.905521
2025-09-04,56758,2025090404002879,SSHL,Cristal Kanchanjanga Securites Pvt. Ltd.,Naasa Securities Co. Ltd.,39,180.0,7020.0,2025-09-04T11:53:56.905679
2025-09-04,55334,2025090404003231,SSHL,Primo Securities (PVT) Ltd.,Sundhara Securities Limited,30,180.1,5403.0,2025-09-04T12:00:12.319388
2025-09-04,55333,2025090404003232,SSHL,Cristal Kanchanjanga Securites Pvt. Ltd.,Sundhara Securities Limited,11,180.0,1980.0,2025-09-04T12:00:12.319551
2025-09-04,55332,2025090404003233,SSHL,Naasa Securities Co. Ltd.,Sundhara Securities Limited,250,180.0,45000.0,2025-09-04T12:00:12.319608
2025-09-04,55331,2025090404003234,SSHL,Vision Securities Pvt. Ltd,Sundhara Securities Limited,209,180.0,37620.0,2025-09-04T12:00:12.319664
2025-09-04,54886,2025090404003347,SSHL,Naasa Securities Co. Ltd.,Sewa Securities Pvt. Ltd.,20,181.0,3620.0,2025-09-04T12:01:44.294267
2025-09-04,54504,2025090404003463,SSHL,Vision Securities Pvt. Ltd,Aryatara Investment & Securities,291,180.0,52380.0,2025-09-04T12:03:08.357695
2025-09-04,54503,2025090404003464,SSHL,Naasa Securities Co. Ltd.,Aryatara Investment & Securities,500,180.0,90000.0,2025-09-04T12:03:08.357911
2025-09-04,53828,2025090404003623,SSHL,Trisul Securities & Invt. Ltd.,Siprabi Securities Pvt. Ltd.,40,180.0,7200.0,2025-09-04T12:05:32.931737
2025-09-04,53473,2025090404003766,SSHL,Trisul Securities & Invt. Ltd.,J.F. Securites (PVT) Ltd.,50,180.0,9000.0,2025-09-04T12:06:55.159439
2025-09-04,53407,2025090404003796,SSHL,Trisul Securities & Invt. Ltd.,Online Securities Pvt. Ltd.,10,180.0,1800.0,2025-09-04T12:07:07.532533
2025-09-04,53306,2025090404003827,SSHL,Primo Securities (PVT) Ltd.,J.F. Securites (PVT) Ltd.,100,179.6,17960.0,2025-09-04T12:07:32.311609
2025-09-04,53148,2025090404003865,SSHL,Primo Securities (PVT) Ltd.,J.F. Securites (PVT) Ltd.,100,179.6,17960.0,2025-09-04T12:08:17.493652
2025-09-04,53045,2025090404003895,SSHL,Primo Securities (PVT) Ltd.,Sweta Securities Private Limited,50,179.6,8980.0,2025-09-04T12:08:54.053613
2025-09-04,52804,2025090404003974,SSHL,Primo Securities (PVT) Ltd.,KALASH STOCK MARKET PVT. LTD.,113,179.6,20294.8,2025-09-04T12:10:03.140631
2025-09-04,52765,2025090404003976,SSHL,Primo Securities (PVT) Ltd.,Imperial Securities Company Pvt. Ltd.,387,179.6,69505.2,2025-09-04T12:10:14.451259
2025-09-04,52764,2025090404003977,SSHL,Nabil Stock Dealer Ltd.,Imperial Securities Company Pvt. Ltd.,113,179.6,20294.8,2025-09-04T12:10:14.451435
2025-09-04,52217,2025090404004130,SSHL,Online Securities Pvt. Ltd.,Online Securities Pvt. Ltd.,15,180.0,2700.0,2025-09-04T12:12:20.176031
2025-09-04,51868,2025090404004223,SSHL,Sani Securities Company Ltd.,Online Securities Pvt. Ltd.,25,180.0,4500.0,2025-09-04T12:13:32.324943
2025-09-04,51867,2025090404004224,SSHL,Sani Securities Company Ltd.,Naasa Securities Co. Ltd.,475,180.0,85500.0,2025-09-04T12:13:32.325129
2025-09-04,51227,2025090404004396,SSHL,Nepal Stock House (PVT) Ltd.,Naasa Securities Co. Ltd.,50,180.0,9000.0,2025-09-04T12:16:32.99868
2025-09-04,51217,2025090404004399,SSHL,Sundhara Securities Limited,Naasa Securities Co. Ltd.,20,180.0,3600.0,2025-09-04T12:16:37.395102
2025-09-04,51124,2025090404004430,SSHL,Sundhara Securities Limited,Naasa Securities Co. Ltd.,50,180.0,9000.0,2025-09-04T12:17:09.495294
2025-09-04,51066,2025090404004441,SSHL,Dipshikha Dhitopatra Karobar Co. Pvt Ltd.,Naasa Securities Co. Ltd.,100,180.0,18000.0,2025-09-04T12:17:22.343697
2025-09-04,51024,2025090404004450,SSHL,Naasa Securities Co. Ltd.,J.F. Securites (PVT) Ltd.,10,179.7,1797.0,2025-09-04T12:17:34.213986
2025-09-04,51023,2025090404004451,SSHL,Nabil Stock Dealer Ltd.,J.F. Securites (PVT) Ltd.,40,179.6,7184.0,2025-09-04T12:17:34.214167
2025-09-04,50895,2025090404004481,SSHL,Nabil Stock Dealer Ltd.,J.F. Securites (PVT) Ltd.,50,179.6,8980.0,2025-09-04T12:18:07.342201
2025-09-04,50618,2025090404004543,SSHL,Nabil Stock Dealer Ltd.,Sewa Securities Pvt. Ltd.,126,179.6,22629.6,2025-09-04T12:19:20.023956
2025-09-04,49839,2025090404004703,SSHL,Sani Securities Company Ltd.,Sewa Securities Pvt. Ltd.,250,179.8,44950.0,2025-09-04T12:22:50.97586
2025-09-04,49513,2025090404004773,SSHL,Nabil Stock Dealer Ltd.,Naasa Securities Co. Ltd.,100,179.6,17960.0,2025-09-04T12:24:18.588956
2025-09-04,49459,2025090404004789,SSHL,Nabil Stock Dealer Ltd.,Investment Management Nepal Pvt. Ltd.,71,179.6,12751.6,2025-09-04T12:24:33.502028
2025-09-04,49458,2025090404004790,SSHL,Sweta Securities Private Limited,Investment Management Nepal Pvt. Ltd.,10,179.6,1796.0,2025-09-04T12:24:33.502266
2025-09-04,49457,2025090404004791,SSHL,Aryatara Investment & Securities,Investment Management Nepal Pvt. Ltd.,19,179.6,3412.4,2025-09-04T12:24:33.502356
2025-09-04,49375,2025090404004802,SSHL,Aryatara Investment & Securities,Siprabi Securities Pvt. Ltd.,114,179.6,20474.4,2025-09-04T12:25:01.411943
2025-09-04,49356,2025090404004804,SSHL,Aryatara Investment & Securities,Nepal Investment And Securities Trading Private Limited,267,179.6,47953.2,2025-09-04T12:25:02.8175
2025-09-04,49126,2025090404004854,SSHL,Dipshikha Dhitopatra Karobar Co. Pvt Ltd.,Nepal Investment And Securities Trading Private Limited,83,179.6,14906.8,2025-09-04T12:26:15.312841
2025-09-04,49124,2025090404004855,SSHL,INDEX SECURITIES LIMITED,Nepal Investment And Securities Trading Private Limited,30,179.6,5388.0,2025-09-04T12:26:15.951909
2025-09-04,49105,2025090404004859,SSHL,N.I.M.B. Stock Markets Limited,Nepal Investment And Securities Trading Private Limited,10,179.6,1796.0,2025-09-04T12:26:19.559888
2025-09-04,49051,2025090404004871,SSHL,Bhrikuti Stock Broking Co. Pvt. Ltd.,Nepal Investment And Securities Trading Private Limited,115,179.6,20654.0,2025-09-04T12:26:37.946092
2025-09-04,49050,2025090404004872,SSHL,Bhrikuti Stock Broking Co. Pvt. Ltd.,Aryatara Investment & Securities,100,179.9,17990.0,2025-09-04T12:26:37.946342
2025-09-04,49049,2025090404004873,SSHL,Bhrikuti Stock Broking Co. Pvt. Ltd.,Sumeru Securities Pvt. Ltd.,564,180.0,101520.0,2025-09-04T12:26:37.946418
2025-09-04,49048,2025090404004874,SSHL,Bhrikuti Stock Broking Co. Pvt. Ltd.,Sundhara Securities Limited,80,180.0,14400.0,2025-09-04T12:26:37.946487
2025-09-04,49047,2025090404004875,SSHL,Bhrikuti Stock Broking Co. Pvt. Ltd.,Sri Hari Securities Pvt. Ltd.,641,180.0,115380.0,2025-09-04T12:26:37.946557
2025-09-04,48549,2025090404004976,SSHL,Nepal Investment And Securities Trading Private Limited,Sri Hari Securities Pvt. Ltd.,200,180.0,36000.0,2025-09-04T12:28:52.807674
2025-09-04,48275,2025090404005073,SSHL,Imperial Securities Company Pvt. Ltd.,Asian Securities Private Ltd.,200,179.6,35920.0,2025-09-04T12:29:56.285678
2025-09-04,48274,2025090404005074,SSHL,Nepal Stock House (PVT) Ltd.,Asian Securities Private Ltd.,10,179.5,1795.0,2025-09-04T12:29:56.285896
2025-09-04,48273,2025090404005075,SSHL,Nabil Stock Dealer Ltd.,Asian Securities Private Ltd.,11,179.5,1974.5,2025-09-04T12:29:56.285974
2025-09-04,48272,2025090404005076,SSHL,Opal Securities Investment (PVT) Ltd.,Asian Securities Private Ltd.,50,179.5,8975.0,2025-09-04T12:29:56.286041
2025-09-04,48271,2025090404005077,SSHL,Sweta Securities Private Limited,Asian Securities Private Ltd.,40,179.5,7180.0,2025-09-04T12:29:56.286113
2025-09-04,48270,2025090404005078,SSHL,Pragyan Securities (PVT) Ltd.,Asian Securities Private Ltd.,1000,179.5,179500.0,2025-09-04T12:29:56.286186
2025-09-04,48269,2025090404005079,SSHL,Sajilo Broker Limited,Asian Securities Private Ltd.,100,179.5,17950.0,2025-09-04T12:29:56.286265
2025-09-04,48268,2025090404005080,SSHL,Online Securities Pvt. Ltd.,Asian Securities Private Ltd.,500,179.4,89700.0,2025-09-04T12:29:56.286357
2025-09-04,48267,2025090404005081,SSHL,Deevyaa Securities & Stock House Pvt. Ltd,Asian Securities Private Ltd.,289,179.3,51817.7,2025-09-04T12:29:56.286435
2025-09-04,48234,2025090404005087,SSHL,Deevyaa Securities & Stock House Pvt. Ltd,Aryatara Investment & Securities,541,179.3,97001.3,2025-09-04T12:30:08.913284
2025-09-04,48233,2025090404005088,SSHL,Sweta Securities Private Limited,Aryatara Investment & Securities,30,179.2,5376.0,2025-09-04T12:30:08.913381
2025-09-04,48232,2025090404005089,SSHL,Sani Securities Company Ltd.,Aryatara Investment & Securities,200,179.2,35840.0,2025-09-04T12:30:08.913433
2025-09-04,48231,2025090404005090,SSHL,Naasa Securities Co. Ltd.,Aryatara Investment & Securities,305,179.2,54656.0,2025-09-04T12:30:08.91346
2025-09-04,48230,2025090404005091,SSHL,Asian Securities Private Ltd.,Aryatara Investment & Securities,1000,179.1,179100.0,2025-09-04T12:30:08.913492
2025-09-04,48229,2025090404005092,SSHL,Secured Securities Ltd.,Aryatara Investment & Securities,574,179.1,102803.4,2025-09-04T12:30:08.913527
2025-09-04,47482,2025090404005248,SSHL,Secured Securities Ltd.,Vision Securities Pvt. Ltd,26,179.1,4656.6,2025-09-04T12:33:05.916649
2025-09-04,47234,2025090404005320,SSHL,Asian Securities Private Ltd.,Neev Securities Pvt. Ltd.,100,179.0,17900.0,2025-09-04T12:33:51.060821
2025-09-04,47233,2025090404005321,SSHL,Trishakti Securities Public Limited,Neev Securities Pvt. Ltd.,50,179.0,8950.0,2025-09-04T12:33:51.060942
2025-09-04,47232,2025090404005322,SSHL,Secured Securities Ltd.,Neev Securities Pvt. Ltd.,280,179.0,50120.0,2025-09-04T12:33:51.061018
2025-09-04,47231,2025090404005323,SSHL,Imperial Securities Company Pvt. Ltd.,Neev Securities Pvt. Ltd.,50,179.0,8950.0,2025-09-04T12:33:51.061092
2025-09-04,47230,2025090404005324,SSHL,Asian Securities Private Ltd.,Neev Securities Pvt. Ltd.,80,179.0,14320.0,2025-09-04T12:33:51.061168
2025-09-04,47229,2025090404005325,SSHL,Kohinoor Investment & Securities Pvt. Ltd.,Neev Securities Pvt. Ltd.,1000,179.0,179000.0,2025-09-04T12:33:51.061241
2025-09-04,47228,2025090404005326,SSHL,ABC Securities Private Limited,Neev Securities Pvt. Ltd.,440,179.0,78760.0,2025-09-04T12:33:51.061328
2025-09-04,47079,2025090404005371,SSHL,ABC Securities Private Limited,Citizens Share Broker Limited,60,179.0,10740.0,2025-09-04T12:34:25.679625
2025-09-04,47078,2025090404005372,SSHL,Opal Securities Investment (PVT) Ltd.,Citizens Share Broker Limited,75,179.0,13425.0,2025-09-04T12:34:25.679798
2025-09-04,47077,2025090404005373,SSHL,Oxford Securities Pvt. Ltd.,Citizens Share Broker Limited,25,179.0,4475.0,2025-09-04T12:34:25.679858
2025-09-04,47076,2025090404005374,SSHL,Aryatara Investment & Securities,Citizens Share Broker Limited,100,179.0,17900.0,2025-09-04T12:34:25.679923
2025-09-04,47075,2025090404005375,SSHL,Imperial Securities Company Pvt. Ltd.,Citizens Share Broker Limited,125,179.0,22375.0,2025-09-04T12:34:25.679989
2025-09-04,47074,2025090404005376,SSHL,Aryatara Investment & Securities,Citizens Share Broker Limited,615,179.0,110085.0,2025-09-04T12:34:25.680055
2025-09-04,46933,2025090404005438,SSHL,Aryatara Investment & Securities,Sewa Securities Pvt. Ltd.,100,179.0,17900.0,2025-09-04T12:34:50.77033
2025-09-04,46914,2025090404005447,SSHL,Aryatara Investment & Securities,Asian Securities Private Ltd.,1285,179.0,230015.0,2025-09-04T12:34:54.690208
2025-09-04,46913,2025090404005448,SSHL,Naasa Securities Co. Ltd.,Asian Securities Private Ltd.,250,179.0,44750.0,2025-09-04T12:34:54.690361
2025-09-04,46912,2025090404005449,SSHL,Imperial Securities Company Pvt. Ltd.,Asian Securities Private Ltd.,100,179.0,17900.0,2025-09-04T12:34:54.690428
2025-09-04,46911,2025090404005450,SSHL,Kalika Securities Pvt. Ltd.,Asian Securities Private Ltd.,25,179.0,4475.0,2025-09-04T12:34:54.690508
2025-09-04,46910,2025090404005451,SSHL,Sundhara Securities Limited,Asian Securities Private Ltd.,14,179.0,2506.0,2025-09-04T12:34:54.690569
2025-09-04,46909,2025090404005452,SSHL,Nepal Stock House (PVT) Ltd.,Asian Securities Private Ltd.,10,179.0,1790.0,2025-09-04T12:34:54.690628
2025-09-04,46835,2025090404005472,SSHL,Midas Stock Broking Company Private Limited,Asian Securities Private Ltd.,16,178.9,2862.4,2025-09-04T12:35:11.755877
2025-09-04,46809,2025090404005482,SSHL,Midas Stock Broking Company Private Limited,Vision Securities Pvt. Ltd,29,178.9,5188.1,2025-09-04T12:35:18.923528
2025-09-04,46326,2025090404005624,SSHL,KALASH STOCK MARKET PVT. LTD.,Sri Hari Securities Pvt. Ltd.,11,180.0,1980.0,2025-09-04T12:37:01.947344
2025-09-04,45837,2025090404005733,SSHL,Neev Securities Pvt. Ltd.,Asian Securities Private Ltd.,100,179.1,17910.0,2025-09-04T12:38:51.628823
2025-09-04,44223,2025090404006120,SSHL,Imperial Securities Company Pvt. Ltd.,Ashutosh Brokerage & Securities (PVT) Ltd.,30,179.3,5379.0,2025-09-04T12:44:27.169269
2025-09-04,44222,2025090404006121,SSHL,Premier Securities Company Ltd.,Ashutosh Brokerage & Securities (PVT) Ltd.,20,179.2,3584.0,2025-09-04T12:44:27.169636
2025-09-04,44221,2025090404006122,SSHL,Neev Securities Pvt. Ltd.,Ashutosh Brokerage & Securities (PVT) Ltd.,150,179.1,26865.0,2025-09-04T12:44:27.169838
2025-09-04,43232,2025090404006333,SSHL,Naasa Securities Co. Ltd.,Imperial Securities Company Pvt. Ltd.,11,179.2,1971.2,2025-09-04T12:47:47.282732
2025-09-04,43003,2025090404006383,SSHL,Aryatara Investment & Securities,Imperial Securities Company Pvt. Ltd.,250,179.2,44800.0,2025-09-04T12:48:38.645602
2025-09-04,42335,2025090404006522,SSHL,Neev Securities Pvt. Ltd.,Imperial Securities Company Pvt. Ltd.,100,179.1,17910.0,2025-09-04T12:50:33.681738
2025-09-04,42132,2025090404006566,SSHL,Sweta Securities Private Limited,Imperial Securities Company Pvt. Ltd.,12,179.1,2149.2,2025-09-04T12:51:17.098662
2025-09-04,42131,2025090404006567,SSHL,Sewa Securities Pvt. Ltd.,Imperial Securities Company Pvt. Ltd.,100,179.0,17900.0,2025-09-04T12:51:17.098856
2025-09-04,42130,2025090404006568,SSHL,Kohinoor Investment & Securities Pvt. Ltd.,Imperial Securities Company Pvt. Ltd.,506,179.0,90574.0,2025-09-04T12:51:17.098928
2025-09-04,42064,2025090404006581,SSHL,Kohinoor Investment & Securities Pvt. Ltd.,Premier Securities Company Ltd.,494,179.0,88426.0,2025-09-04T12:51:32.442263
2025-09-04,41823,2025090404006627,SSHL,Siprabi Securities Pvt. Ltd.,Nepal Investment And Securities Trading Private Limited,50,179.0,8950.0,2025-09-04T12:52:22.819585
2025-09-04,41783,2025090404006636,SSHL,Midas Stock Broking Company Private Limited,Naasa Securities Co. Ltd.,20,178.9,3578.0,2025-09-04T12:52:34.541991
2025-09-04,41493,2025090404006712,SSHL,Naasa Securities Co. Ltd.,Nepal Investment And Securities Trading Private Limited,100,179.0,17900.0,2025-09-04T12:53:30.390969
2025-09-04,41432,2025090404006736,SSHL,Midas Stock Broking Company Private Limited,Siprabi Securities Pvt. Ltd.,30,178.9,5367.0,2025-09-04T12:53:42.386929
2025-09-04,41426,2025090404006737,SSHL,Aryatara Investment & Securities,Nepal Investment And Securities Trading Private Limited,300,179.0,53700.0,2025-09-04T12:53:44.686501
2025-09-04,41361,2025090404006753,SSHL,Kumari Securities Private Limited,Trisul Securities & Invt. Ltd.,350,178.9,62615.0,2025-09-04T12:53:59.4988
2025-09-04,41360,2025090404006754,SSHL,Sweta Securities Private Limited,Trisul Securities & Invt. Ltd.,50,178.9,8945.0,2025-09-04T12:53:59.499001
2025-09-04,41359,2025090404006755,SSHL,Sweta Securities Private Limited,Trisul Securities & Invt. Ltd.,50,178.9,8945.0,2025-09-04T12:53:59.499071
2025-09-04,40810,2025090404006872,SSHL,ABC Securities Private Limited,Trisul Securities & Invt. Ltd.,500,178.9,89450.0,2025-09-04T12:55:53.466542
2025-09-04,40795,2025090404006873,SSHL,Deevyaa Securities & Stock House Pvt. Ltd,Vision Securities Pvt. Ltd,945,178.8,168966.0,2025-09-04T12:55:55.681659
2025-09-04,40428,2025090404006959,SSHL,Dipshikha Dhitopatra Karobar Co. Pvt Ltd.,Trisul Securities & Invt. Ltd.,50,178.9,8945.0,2025-09-04T12:57:14.630618
2025-09-04,40427,2025090404006960,SSHL,Dipshikha Dhitopatra Karobar Co. Pvt Ltd.,Ashutosh Brokerage & Securities (PVT) Ltd.,300,178.9,53670.0,2025-09-04T12:57:14.630834
2025-09-04,40328,2025090404006986,SSHL,Dipshikha Dhitopatra Karobar Co. Pvt Ltd.,Nepal Investment And Securities Trading Private Limited,50,179.0,8950.0,2025-09-04T12:57:39.803253
2025-09-04,40327,2025090404006987,SSHL,Dipshikha Dhitopatra Karobar Co. Pvt Ltd.,Kumari Securities Private Limited,460,179.0,82340.0,2025-09-04T12:57:39.803668
2025-09-04,39372,2025090404007223,SSHL,Deevyaa Securities & Stock House Pvt. Ltd,Sri Hari Securities Pvt. Ltd.,555,178.8,99234.0,2025-09-04T13:01:36.831372
2025-09-04,39371,2025090404007224,SSHL,Sweta Securities Private Limited,Sri Hari Securities Pvt. Ltd.,50,178.7,8935.0,2025-09-04T13:01:36.831637
2025-09-04,39370,2025090404007225,SSHL,Citizens Share Broker Limited,Sri Hari Securities Pvt. Ltd.,200,178.7,35740.0,2025-09-04T13:01:36.831729
2025-09-04,39369,2025090404007226,SSHL,Sweta Securities Private Limited,Sri Hari Securities Pvt. Ltd.,50,178.6,8930.0,2025-09-04T13:01:36.831803
2025-09-04,39368,2025090404007227,SSHL,Dakshinkali Investment & Securities Pvt. Ltd.,Sri Hari Securities Pvt. Ltd.,500,178.6,89300.0,2025-09-04T13:01:36.831879
2025-09-04,39367,2025090404007228,SSHL,Sundhara Securities Limited,Sri Hari Securities Pvt. Ltd.,900,178.6,160740.0,2025-09-04T13:01:36.831946
2025-09-04,39366,2025090404007229,SSHL,Neev Securities Pvt. Ltd.,Sri Hari Securities Pvt. Ltd.,200,178.5,35700.0,2025-09-04T13:01:36.832013
2025-09-04,39365,2025090404007230,SSHL,Sundhara Securities Limited,Sri Hari Securities Pvt. Ltd.,50,178.5,8925.0,2025-09-04T13:01:36.832112
2025-09-04,39364,2025090404007231,SSHL,Naasa Securities Co. Ltd.,Sri Hari Securities Pvt. Ltd.,10,178.4,1784.0,2025-09-04T13:01:36.832246
2025-09-04,39363,2025090404007232,SSHL,Aryatara Investment & Securities,Sri Hari Securities Pvt. Ltd.,2000,178.4,356800.0,2025-09-04T13:01:36.832352
2025-09-04,39362,2025090404007233,SSHL,Nagarik Stock Dealer ,Sri Hari Securities Pvt. Ltd.,50,178.3,8915.0,2025-09-04T13:01:36.832428
2025-09-04,39361,2025090404007234,SSHL,Siprabi Securities Pvt. Ltd.,Sri Hari Securities Pvt. Ltd.,500,178.3,89150.0,2025-09-04T13:01:36.832527
2025-09-04,39360,2025090404007235,SSHL,Shree Krishna Securities Ltd.,Sri Hari Securities Pvt. Ltd.,1000,178.3,178300.0,2025-09-04T13:01:36.832626
2025-09-04,39359,2025090404007236,SSHL,Sani Securities Company Ltd.,Sri Hari Securities Pvt. Ltd.,40,178.0,7120.0,2025-09-04T13:01:36.832714
2025-09-04,39358,2025090404007237,SSHL,Sundhara Securities Limited,Sri Hari Securities Pvt. Ltd.,200,178.0,35600.0,2025-09-04T13:01:36.832788
2025-09-04,39357,2025090404007238,SSHL,Vision Securities Pvt. Ltd,Sri Hari Securities Pvt. Ltd.,200,178.0,35600.0,2025-09-04T13:01:36.832865
2025-09-04,39356,2025090404007239,SSHL,Trishakti Securities Public Limited,Sri Hari Securities Pvt. Ltd.,300,178.0,53400.0,2025-09-04T13:01:36.832957
2025-09-04,39355,2025090404007240,SSHL,Malla & Malla Stock Broking Company Pvt. Limited,Sri Hari Securities Pvt. Ltd.,100,178.0,17800.0,2025-09-04T13:01:36.833043
2025-09-04,39354,2025090404007241,SSHL,Naasa Securities Co. Ltd.,Sri Hari Securities Pvt. Ltd.,30,178.0,5340.0,2025-09-04T13:01:36.833124
2025-09-04,39353,2025090404007242,SSHL,Sani Securities Company Ltd.,Sri Hari Securities Pvt. Ltd.,125,178.0,22250.0,2025-09-04T13:01:36.833189
2025-09-04,39352,2025090404007243,SSHL,Cristal Kanchanjanga Securites Pvt. Ltd.,Sri Hari Securities Pvt. Ltd.,200,178.0,35600.0,2025-09-04T13:01:36.8333
2025-09-04,39351,2025090404007244,SSHL,Online Securities Pvt. Ltd.,Sri Hari Securities Pvt. Ltd.,500,178.0,89000.0,2025-09-04T13:01:36.833391
2025-09-04,39350,2025090404007245,SSHL,Sani Securities Company Ltd.,Sri Hari Securities Pvt. Ltd.,100,178.0,17800.0,2025-09-04T13:01:36.833464
2025-09-04,39349,2025090404007246,SSHL,Property Wiard Limited,Sri Hari Securities Pvt. Ltd.,2000,178.0,356000.0,2025-09-04T13:01:36.83354
2025-09-04,39348,2025090404007247,SSHL,Sweta Securities Private Limited,Sri Hari Securities Pvt. Ltd.,150,178.0,26700.0,2025-09-04T13:01:36.833605
2025-09-04,39347,2025090404007248,SSHL,Trisul Securities & Invt. Ltd.,Sri Hari Securities Pvt. Ltd.,100,178.0,17800.0,2025-09-04T13:01:36.833668
2025-09-04,39346,2025090404007249,SSHL,South Asian Bulls Pvt. Ltd.,Sri Hari Securities Pvt. Ltd.,100,178.0,17800.0,2025-09-04T13:01:36.833732
2025-09-04,39345,2025090404007250,SSHL,Aryatara Investment & Securities,Sri Hari Securities Pvt. Ltd.,1000,178.0,178000.0,2025-09-04T13:01:36.833794
2025-09-04,39344,2025090404007251,SSHL,Naasa Securities Co. Ltd.,Sri Hari Securities Pvt. Ltd.,58,178.0,10324.0,2025-09-04T13:01:36.833877
2025-09-04,39343,2025090404007252,SSHL,Asian Securities Private Ltd.,Sri Hari Securities Pvt. Ltd.,100,178.0,17800.0,2025-09-04T13:01:36.833942
2025-09-04,39342,2025090404007253,SSHL,Nepal Stock House (PVT) Ltd.,Sri Hari Securities Pvt. Ltd.,10,178.0,1780.0,2025-09-04T13:01:36.83401
2025-09-04,39341,2025090404007254,SSHL,Primo Securities (PVT) Ltd.,Sri Hari Securities Pvt. Ltd.,29,178.0,5162.0,2025-09-04T13:01:36.834087
2025-09-04,39340,2025090404007255,SSHL,Naasa Securities Co. Ltd.,Sri Hari Securities Pvt. Ltd.,10,178.0,1780.0,2025-09-04T13:01:36.834161
2025-09-04,39339,2025090404007256,SSHL,Aryatara Investment & Securities,Sri Hari Securities Pvt. Ltd.,200,178.0,35600.0,2025-09-04T13:01:36.834232
2025-09-04,39337,2025090404007257,SSHL,INDEX SECURITIES LIMITED,Sri Hari Securities Pvt. Ltd.,25,178.0,4450.0,2025-09-04T13:01:36.834292
2025-09-04,39336,2025090404007258,SSHL,Kohinoor Investment & Securities Pvt. Ltd.,Sri Hari Securities Pvt. Ltd.,200,178.0,35600.0,2025-09-04T13:01:36.834372
2025-09-04,39335,2025090404007259,SSHL,Deevyaa Securities & Stock House Pvt. Ltd,Sri Hari Securities Pvt. Ltd.,200,178.0,35600.0,2025-09-04T13:01:36.834444
2025-09-04,38690,2025090404007429,SSHL,Sundhara Securities Limited,Sri Hari Securities Pvt. Ltd.,20,178.0,3560.0,2025-09-04T13:04:06.74574
2025-09-04,38646,2025090404007434,SSHL,Sundhara Securities Limited,Linch Stock Market Ltd.,100,177.5,17750.0,2025-09-04T13:04:18.993111
2025-09-04,38631,2025090404007440,SSHL,Sundhara Securities Limited,Linch Stock Market Ltd.,20,177.5,3550.0,2025-09-04T13:04:24.812487
2025-09-04,38416,2025090404007473,SSHL,Sundhara Securities Limited,Linch Stock Market Ltd.,10,177.5,1775.0,2025-09-04T13:05:12.971256
2025-09-04,38122,2025090404007553,SSHL,Linch Stock Market Ltd.,Linch Stock Market Ltd.,50,177.5,8875.0,2025-09-04T13:06:11.549557
2025-09-04,37980,2025090404007604,SSHL,Sundhara Securities Limited,Citizens Share Broker Limited,500,177.4,88700.0,2025-09-04T13:06:35.543465
2025-09-04,37482,2025090404007708,SSHL,Deevyaa Securities & Stock House Pvt. Ltd,Sri Hari Securities Pvt. Ltd.,500,177.1,88550.0,2025-09-04T13:08:22.539967
2025-09-04,37481,2025090404007709,SSHL,Sweta Securities Private Limited,Sri Hari Securities Pvt. Ltd.,50,177.1,8855.0,2025-09-04T13:08:22.540152
2025-09-04,37480,2025090404007710,SSHL,Naasa Securities Co. Ltd.,Sri Hari Securities Pvt. Ltd.,100,177.0,17700.0,2025-09-04T13:08:22.540239
2025-09-04,37479,2025090404007711,SSHL,Himalayan Securities Limited,Sri Hari Securities Pvt. Ltd.,15,177.0,2655.0,2025-09-04T13:08:22.540354
2025-09-04,37478,2025090404007712,SSHL,Malla & Malla Stock Broking Company Pvt. Limited,Sri Hari Securities Pvt. Ltd.,100,177.0,17700.0,2025-09-04T13:08:22.540449
2025-09-04,37477,2025090404007713,SSHL,Sweta Securities Private Limited,Sri Hari Securities Pvt. Ltd.,100,177.0,17700.0,2025-09-04T13:08:22.540536
2025-09-04,37476,2025090404007714,SSHL,Premier Securities Company Ltd.,Sri Hari Securities Pvt. Ltd.,50,177.0,8850.0,2025-09-04T13:08:22.540626
2025-09-04,37475,2025090404007715,SSHL,Trisul Securities & Invt. Ltd.,Sri Hari Securities Pvt. Ltd.,100,177.0,17700.0,2025-09-04T13:08:22.540714
2025-09-04,37474,2025090404007716,SSHL,J.F. Securites (PVT) Ltd.,Sri Hari Securities Pvt. Ltd.,923,177.0,163371.0,2025-09-04T13:08:22.540801
2025-09-04,37060,2025090404007824,SSHL,South Asian Bulls Pvt. Ltd.,Citizens Share Broker Limited,84,177.4,14901.6,2025-09-04T13:10:10.921608
2025-09-04,36706,2025090404007919,SSHL,Premier Securities Company Ltd.,Deevyaa Securities & Stock House Pvt. Ltd,150,177.3,26595.0,2025-09-04T13:11:37.731885
2025-09-04,36563,2025090404007947,SSHL,Premier Securities Company Ltd.,Deevyaa Securities & Stock House Pvt. Ltd,100,177.3,17730.0,2025-09-04T13:12:08.93766
2025-09-04,36449,2025090404007973,SSHL,Oxford Securities Pvt. Ltd.,Citizens Share Broker Limited,100,177.4,17740.0,2025-09-04T13:12:47.300292
2025-09-04,36374,2025090404007987,SSHL,Imperial Securities Company Pvt. Ltd.,Citizens Share Broker Limited,45,177.4,7983.0,2025-09-04T13:13:04.808158
2025-09-04,35896,2025090404008052,SSHL,Sundhara Securities Limited,Citizens Share Broker Limited,10,177.4,1774.0,2025-09-04T13:15:09.686992
2025-09-04,35875,2025090404008055,SSHL,Deevyaa Securities & Stock House Pvt. Ltd,Vision Securities Pvt. Ltd,50,177.1,8855.0,2025-09-04T13:15:17.82907
2025-09-04,35538,2025090404008106,SSHL,Property Wiard Limited,Citizens Share Broker Limited,261,177.4,46301.4,2025-09-04T13:16:51.419973
2025-09-04,35325,2025090404008169,SSHL,Pragyan Securities (PVT) Ltd.,Deevyaa Securities & Stock House Pvt. Ltd,250,178.0,44500.0,2025-09-04T13:17:50.808932
2025-09-04,35057,2025090404008207,SSHL,Pragyan Securities (PVT) Ltd.,SHUBHAKAMANA SECURITIES PVT. LTD,20,178.0,3560.0,2025-09-04T13:19:03.614379
2025-09-04,34974,2025090404008241,SSHL,Pragyan Securities (PVT) Ltd.,Nabil Stock Dealer Ltd.,200,178.0,35600.0,2025-09-04T13:19:28.765114
2025-09-04,34298,2025090404008412,SSHL,Sani Securities Company Ltd.,Imperial Securities Company Pvt. Ltd.,10,178.4,1784.0,2025-09-04T13:22:40.218563
2025-09-04,34228,2025090404008418,SSHL,Pragyan Securities (PVT) Ltd.,Trishakti Securities Public Limited,30,178.0,5340.0,2025-09-04T13:22:57.418447
2025-09-04,34227,2025090404008419,SSHL,J.F. Securites (PVT) Ltd.,Trishakti Securities Public Limited,10,178.0,1780.0,2025-09-04T13:22:57.418652
2025-09-04,34226,2025090404008420,SSHL,ABC Securities Private Limited,Trishakti Securities Public Limited,250,177.6,44400.0,2025-09-04T13:22:57.418736
2025-09-04,34225,2025090404008421,SSHL,Property Wiard Limited,Trishakti Securities Public Limited,239,177.4,42398.6,2025-09-04T13:22:57.418811
2025-09-04,34224,2025090404008422,SSHL,Dipshikha Dhitopatra Karobar Co. Pvt Ltd.,Trishakti Securities Public Limited,251,177.2,44477.2,2025-09-04T13:22:57.418877
2025-09-04,34223,2025090404008423,SSHL,Deevyaa Securities & Stock House Pvt. Ltd,Trishakti Securities Public Limited,1220,177.1,216062.0,2025-09-04T13:22:57.418941
2025-09-04,33850,2025090404008504,SSHL,Deevyaa Securities & Stock House Pvt. Ltd,Naasa Securities Co. Ltd.,200,177.1,35420.0,2025-09-04T13:24:29.190654
2025-09-04,33146,2025090404008630,SSHL,Deevyaa Securities & Stock House Pvt. Ltd,Sani Securities Company Ltd.,530,177.1,93863.0,2025-09-04T13:27:13.052437
2025-09-04,33145,2025090404008631,SSHL,Linch Stock Market Ltd.,Sani Securities Company Ltd.,97,177.1,17178.7,2025-09-04T13:27:13.052773
2025-09-04,33144,2025090404008632,SSHL,Property Wiard Limited,Sani Securities Company Ltd.,500,177.1,88550.0,2025-09-04T13:27:13.052979
2025-09-04,33143,2025090404008633,SSHL,Imperial Securities Company Pvt. Ltd.,Sani Securities Company Ltd.,70,177.1,12397.0,2025-09-04T13:27:13.053171
2025-09-04,33086,2025090404008653,SSHL,Sumeru Securities Pvt. Ltd.,Deevyaa Securities & Stock House Pvt. Ltd,250,177.5,44375.0,2025-09-04T13:27:26.717076
2025-09-04,32493,2025090404008794,SSHL,Sumeru Securities Pvt. Ltd.,Vision Securities Pvt. Ltd,100,177.5,17750.0,2025-09-04T13:30:20.711862
2025-09-04,32350,2025090404008838,SSHL,Linch Stock Market Ltd.,Trishakti Securities Public Limited,52,178.0,9256.0,2025-09-04T13:30:59.72248
2025-09-04,32174,2025090404008869,SSHL,Sumeru Securities Pvt. Ltd.,Sani Securities Company Ltd.,80,177.5,14200.0,2025-09-04T13:31:48.280615
2025-09-04,31385,2025090404009100,SSHL,Sumeru Securities Pvt. Ltd.,Primo Securities (PVT) Ltd.,70,177.5,12425.0,2025-09-04T13:35:08.401942
2025-09-04,31384,2025090404009101,SSHL,Sweta Securities Private Limited,Primo Securities (PVT) Ltd.,25,177.5,4437.5,2025-09-04T13:35:08.402167
2025-09-04,31109,2025090404009170,SSHL,Sani Securities Company Ltd.,Trishakti Securities Public Limited,448,178.0,79744.0,2025-09-04T13:36:11.657017
2025-09-04,31108,2025090404009171,SSHL,Sani Securities Company Ltd.,South Asian Bulls Pvt. Ltd.,52,178.0,9256.0,2025-09-04T13:36:11.657268
2025-09-04,30640,2025090404009286,SSHL,Online Securities Pvt. Ltd.,South Asian Bulls Pvt. Ltd.,30,178.0,5340.0,2025-09-04T13:38:12.775334
2025-09-04,30130,2025090404009385,SSHL,Sweta Securities Private Limited,Imperial Securities Company Pvt. Ltd.,25,177.5,4437.5,2025-09-04T13:40:23.466044
2025-09-04,29807,2025090404009438,SSHL,South Asian Bulls Pvt. Ltd.,Naasa Securities Co. Ltd.,23,177.5,4082.5,2025-09-04T13:41:04.787859
2025-09-04,29795,2025090404009444,SSHL,South Asian Bulls Pvt. Ltd.,N.I.M.B. Stock Markets Limited,77,177.5,13667.5,2025-09-04T13:41:08.110632
2025-09-04,29627,2025090404009471,SSHL,Sweta Securities Private Limited,Imperial Securities Company Pvt. Ltd.,50,177.3,8865.0,2025-09-04T13:41:47.811398
2025-09-04,29626,2025090404009472,SSHL,Sajilo Broker Limited,Imperial Securities Company Pvt. Ltd.,200,177.3,35460.0,2025-09-04T13:41:47.811773
2025-09-04,29625,2025090404009473,SSHL,Agrawal Securities (PVT) Ltd.,Imperial Securities Company Pvt. Ltd.,100,177.2,17720.0,2025-09-04T13:41:47.811997
2025-09-04,29624,2025090404009474,SSHL,Deevyaa Securities & Stock House Pvt. Ltd,Imperial Securities Company Pvt. Ltd.,589,177.1,104311.9,2025-09-04T13:41:47.812218
2025-09-04,28877,2025090404009633,SSHL,Deevyaa Securities & Stock House Pvt. Ltd,Imperial Securities Company Pvt. Ltd.,50,177.1,8855.0,2025-09-04T13:44:38.565244
2025-09-04,28803,2025090404009648,SSHL,Deevyaa Securities & Stock House Pvt. Ltd,Sani Securities Company Ltd.,361,177.1,63933.1,2025-09-04T13:44:54.703911
2025-09-04,28802,2025090404009649,SSHL,Aryatara Investment & Securities,Sani Securities Company Ltd.,30,177.1,5313.0,2025-09-04T13:44:54.704365
2025-09-04,28801,2025090404009650,SSHL,Sweta Securities Private Limited,Sani Securities Company Ltd.,50,177.1,8855.0,2025-09-04T13:44:54.704625
2025-09-04,28800,2025090404009651,SSHL,Online Securities Pvt. Ltd.,Sani Securities Company Ltd.,10,177.1,1771.0,2025-09-04T13:44:54.704855
2025-09-04,28429,2025090404009723,SSHL,Sewa Securities Pvt. Ltd.,Sani Securities Company Ltd.,200,177.1,35420.0,2025-09-04T13:46:36.343235
2025-09-04,28392,2025090404009731,SSHL,Kalika Securities Pvt. Ltd.,Sani Securities Company Ltd.,59,177.1,10448.9,2025-09-04T13:46:46.605228
2025-09-04,28364,2025090404009741,SSHL,Kalika Securities Pvt. Ltd.,Nepal Stock House (PVT) Ltd.,200,177.1,35420.0,2025-09-04T13:46:52.577177
2025-09-04,28290,2025090404009752,SSHL,Kalika Securities Pvt. Ltd.,Bhrikuti Stock Broking Co. Pvt. Ltd.,60,177.1,10626.0,2025-09-04T13:47:08.337432
2025-09-04,28219,2025090404009766,SSHL,Kalika Securities Pvt. Ltd.,Sani Securities Company Ltd.,100,177.1,17710.0,2025-09-04T13:47:18.925692
2025-09-04,27984,2025090404009840,SSHL,Kalika Securities Pvt. Ltd.,Imperial Securities Company Pvt. Ltd.,61,177.1,10803.1,2025-09-04T13:48:16.998368
2025-09-04,27983,2025090404009841,SSHL,Sweta Securities Private Limited,Imperial Securities Company Pvt. Ltd.,100,177.1,17710.0,2025-09-04T13:48:16.998573
2025-09-04,26747,2025090404010144,SSHL,Linch Stock Market Ltd.,N.I.M.B. Stock Markets Limited,23,177.5,4082.5,2025-09-04T13:52:52.468333
2025-09-04,26746,2025090404010145,SSHL,Linch Stock Market Ltd.,Sri Hari Securities Pvt. Ltd.,77,177.5,13667.5,2025-09-04T13:52:52.468591
2025-09-04,26559,2025090404010192,SSHL,BHOLE GANESH SECURITIES LTD,Sani Securities Company Ltd.,50,177.1,8855.0,2025-09-04T13:53:40.571349
2025-09-04,26558,2025090404010193,SSHL,J.F. Securites (PVT) Ltd.,Sani Securities Company Ltd.,77,177.0,13629.0,2025-09-04T13:53:40.57173
2025-09-04,26557,2025090404010194,SSHL,Vision Securities Pvt. Ltd,Sani Securities Company Ltd.,130,177.0,23010.0,2025-09-04T13:53:40.571972
2025-09-04,26556,2025090404010195,SSHL,Online Securities Pvt. Ltd.,Sani Securities Company Ltd.,30,177.0,5310.0,2025-09-04T13:53:40.5722
2025-09-04,26555,2025090404010196,SSHL,Secured Securities Ltd.,Sani Securities Company Ltd.,300,177.0,53100.0,2025-09-04T13:53:40.57244
2025-09-04,26554,2025090404010197,SSHL,Ashutosh Brokerage & Securities (PVT) Ltd.,Sani Securities Company Ltd.,20,177.0,3540.0,2025-09-04T13:53:40.572668
2025-09-04,26553,2025090404010198,SSHL,Linch Stock Market Ltd.,Sani Securities Company Ltd.,50,177.0,8850.0,2025-09-04T13:53:40.572891
2025-09-04,26552,2025090404010199,SSHL,Oxford Securities Pvt. Ltd.,Sani Securities Company Ltd.,200,177.0,35400.0,2025-09-04T13:53:40.573124
2025-09-04,26551,2025090404010200,SSHL,Linch Stock Market Ltd.,Sani Securities Company Ltd.,20,177.0,3540.0,2025-09-04T13:53:40.573354
2025-09-04,26550,2025090404010201,SSHL,Aryatara Investment & Securities,Sani Securities Company Ltd.,100,177.0,17700.0,2025-09-04T13:53:40.573561
2025-09-04,26549,2025090404010202,SSHL,Citizens Share Broker Limited,Sani Securities Company Ltd.,100,177.0,17700.0,2025-09-04T13:53:40.573777
2025-09-04,26548,2025090404010203,SSHL,Aryatara Investment & Securities,Sani Securities Company Ltd.,100,177.0,17700.0,2025-09-04T13:53:40.573991
2025-09-04,26547,2025090404010204,SSHL,Sani Securities Company Ltd.,Sani Securities Company Ltd.,100,177.0,17700.0,2025-09-04T13:53:40.574226
2025-09-04,26546,2025090404010205,SSHL,Nepal Stock House (PVT) Ltd.,Sani Securities Company Ltd.,10,177.0,1770.0,2025-09-04T13:53:40.574457
2025-09-04,26545,2025090404010206,SSHL,Malla & Malla Stock Broking Company Pvt. Limited,Sani Securities Company Ltd.,100,177.0,17700.0,2025-09-04T13:53:40.574656
2025-09-04,26544,2025090404010207,SSHL,J.F. Securites (PVT) Ltd.,Sani Securities Company Ltd.,10,177.0,1770.0,2025-09-04T13:53:40.574866
2025-09-04,26543,2025090404010208,SSHL,Opal Securities Investment (PVT) Ltd.,Sani Securities Company Ltd.,200,177.0,35400.0,2025-09-04T13:53:40.5751
2025-09-04,26542,2025090404010209,SSHL,Sani Securities Company Ltd.,Sani Securities Company Ltd.,200,177.0,35400.0,2025-09-04T13:53:40.575332
2025-09-04,26541,2025090404010210,SSHL,Sani Securities Company Ltd.,Sani Securities Company Ltd.,500,177.0,88500.0,2025-09-04T13:53:40.575537
2025-09-04,26540,2025090404010211,SSHL,Sweta Securities Private Limited,Sani Securities Company Ltd.,100,177.0,17700.0,2025-09-04T13:53:40.575743
2025-09-04,26539,2025090404010212,SSHL,South Asian Bulls Pvt. Ltd.,Sani Securities Company Ltd.,25,177.0,4425.0,2025-09-04T13:53:40.575943
2025-09-04,26538,2025090404010213,SSHL,Trishakti Securities Public Limited,Sani Securities Company Ltd.,200,177.0,35400.0,2025-09-04T13:53:40.576146
2025-09-04,26537,2025090404010214,SSHL,Naasa Securities Co. Ltd.,Sani Securities Company Ltd.,105,177.0,18585.0,2025-09-04T13:53:40.576375
2025-09-04,26536,2025090404010215,SSHL,Kohinoor Investment & Securities Pvt. Ltd.,Sani Securities Company Ltd.,50,177.0,8850.0,2025-09-04T13:53:40.57658
2025-09-04,26535,2025090404010216,SSHL,Imperial Securities Company Pvt. Ltd.,Sani Securities Company Ltd.,15,177.0,2655.0,2025-09-04T13:53:40.576778
2025-09-04,26369,2025090404010273,SSHL,Sweta Securities Private Limited,Sundhara Securities Limited,100,176.8,17680.0,2025-09-04T13:54:17.098763
2025-09-04,25961,2025090404010372,SSHL,Vision Securities Pvt. Ltd,Dipshikha Dhitopatra Karobar Co. Pvt Ltd.,27,176.7,4770.9,2025-09-04T13:56:00.687905
2025-09-04,25911,2025090404010385,SSHL,Nepal Stock House (PVT) Ltd.,Dipshikha Dhitopatra Karobar Co. Pvt Ltd.,100,176.8,17680.0,2025-09-04T13:56:15.777573
2025-09-04,25908,2025090404010386,SSHL,Vision Securities Pvt. Ltd,Sani Securities Company Ltd.,23,176.7,4064.1,2025-09-04T13:56:16.792874
2025-09-04,25907,2025090404010387,SSHL,Dipshikha Dhitopatra Karobar Co. Pvt Ltd.,Sani Securities Company Ltd.,100,176.7,17670.0,2025-09-04T13:56:16.793219
2025-09-04,25906,2025090404010388,SSHL,Naasa Securities Co. Ltd.,Sani Securities Company Ltd.,30,176.6,5298.0,2025-09-04T13:56:16.793448
2025-09-04,25905,2025090404010389,SSHL,Sweta Securities Private Limited,Sani Securities Company Ltd.,100,176.6,17660.0,2025-09-04T13:56:16.793666
2025-09-04,25904,2025090404010390,SSHL,Vision Securities Pvt. Ltd,Sani Securities Company Ltd.,500,176.5,88250.0,2025-09-04T13:56:16.793883
2025-09-04,25903,2025090404010391,SSHL,SHUBHAKAMANA SECURITIES PVT. LTD,Sani Securities Company Ltd.,500,176.5,88250.0,2025-09-04T13:56:16.794102
2025-09-04,25902,2025090404010392,SSHL,Naasa Securities Co. Ltd.,Sani Securities Company Ltd.,56,176.5,9884.0,2025-09-04T13:56:16.794333
2025-09-04,25901,2025090404010393,SSHL,Vision Securities Pvt. Ltd,Sani Securities Company Ltd.,60,176.4,10584.0,2025-09-04T13:56:16.794554
2025-09-04,25900,2025090404010394,SSHL,Imperial Securities Company Pvt. Ltd.,Sani Securities Company Ltd.,11,176.4,1940.4,2025-09-04T13:56:16.794771
2025-09-04,25763,2025090404010432,SSHL,Imperial Securities Company Pvt. Ltd.,Siprabi Securities Pvt. Ltd.,15,176.4,2646.0,2025-09-04T13:56:52.606684
2025-09-04,25738,2025090404010440,SSHL,Imperial Securities Company Pvt. Ltd.,Vision Securities Pvt. Ltd,50,176.4,8820.0,2025-09-04T13:56:57.525408
2025-09-04,25709,2025090404010448,SSHL,Online Securities Pvt. Ltd.,Dipshikha Dhitopatra Karobar Co. Pvt Ltd.,100,176.8,17680.0,2025-09-04T13:57:07.785026
2025-09-04,25668,2025090404010459,SSHL,Sweta Securities Private Limited,Imperial Securities Company Pvt. Ltd.,11,177.0,1947.0,2025-09-04T13:57:21.63065
2025-09-04,25171,2025090404010573,SSHL,Sweta Securities Private Limited,Vision Securities Pvt. Ltd,19,176.5,3353.5,2025-09-04T13:59:41.272788
2025-09-04,25170,2025090404010574,SSHL,Kumari Securities Private Limited,Vision Securities Pvt. Ltd,1161,176.5,204916.5,2025-09-04T13:59:41.273043
2025-09-04,25063,2025090404010597,SSHL,Sani Securities Company Ltd.,Imperial Securities Company Pvt. Ltd.,830,177.0,146910.0,2025-09-04T14:00:03.979939
2025-09-04,24776,2025090404010696,SSHL,Cristal Kanchanjanga Securites Pvt. Ltd.,Imperial Securities Company Pvt. Ltd.,159,177.0,28143.0,2025-09-04T14:01:08.911046
2025-09-04,24289,2025090404010812,SSHL,Online Securities Pvt. Ltd.,Kalika Securities Pvt. Ltd.,100,177.0,17700.0,2025-09-04T14:02:42.322068
2025-09-04,24281,2025090404010813,SSHL,Online Securities Pvt. Ltd.,Imperial Securities Company Pvt. Ltd.,95,177.0,16815.0,2025-09-04T14:02:44.432238
2025-09-04,23663,2025090404010941,SSHL,Dipshikha Dhitopatra Karobar Co. Pvt Ltd.,Kumari Securities Private Limited,30,177.0,5310.0,2025-09-04T14:05:03.304428
2025-09-04,23502,2025090404010979,SSHL,Property Wiard Limited,Naasa Securities Co. Ltd.,200,176.8,35360.0,2025-09-04T14:05:39.764099
2025-09-04,23124,2025090404011067,SSHL,Property Wiard Limited,Premier Securities Company Ltd.,500,176.8,88400.0,2025-09-04T14:07:12.527435
2025-09-04,22879,2025090404011133,SSHL,Deevyaa Securities & Stock House Pvt. Ltd,Kumari Securities Private Limited,500,177.0,88500.0,2025-09-04T14:08:10.07776
2025-09-04,22792,2025090404011145,SSHL,Primo Securities (PVT) Ltd.,Kumari Securities Private Limited,10,177.0,1770.0,2025-09-04T14:08:29.602464
2025-09-04,22791,2025090404011146,SSHL,Primo Securities (PVT) Ltd.,Deevyaa Securities & Stock House Pvt. Ltd,90,177.0,15930.0,2025-09-04T14:08:29.602848
2025-09-04,22361,2025090404011258,SSHL,Naasa Securities Co. Ltd.,Deevyaa Securities & Stock House Pvt. Ltd,10,177.0,1770.0,2025-09-04T14:10:09.099907
2025-09-04,22273,2025090404011285,SSHL,Ashutosh Brokerage & Securities (PVT) Ltd.,Deevyaa Securities & Stock House Pvt. Ltd,360,177.0,63720.0,2025-09-04T14:10:30.219169
2025-09-04,22272,2025090404011286,SSHL,Ashutosh Brokerage & Securities (PVT) Ltd.,Kohinoor Investment & Securities Pvt. Ltd.,30,177.0,5310.0,2025-09-04T14:10:30.219621
2025-09-04,21981,2025090404011363,SSHL,Ashutosh Brokerage & Securities (PVT) Ltd.,Linch Stock Market Ltd.,10,177.0,1770.0,2025-09-04T14:11:42.128006
2025-09-04,21980,2025090404011364,SSHL,Premier Securities Company Ltd.,Linch Stock Market Ltd.,100,177.0,17700.0,2025-09-04T14:11:42.128553
2025-09-04,21500,2025090404011472,SSHL,Sundhara Securities Limited,Sri Hari Securities Pvt. Ltd.,10,177.5,1775.0,2025-09-04T14:13:34.781034
2025-09-04,21388,2025090404011523,SSHL,Dipshikha Dhitopatra Karobar Co. Pvt Ltd.,Agrawal Securities (PVT) Ltd.,20,177.0,3540.0,2025-09-04T14:13:53.824863
2025-09-04,21387,2025090404011524,SSHL,Online Securities Pvt. Ltd.,Agrawal Securities (PVT) Ltd.,30,177.0,5310.0,2025-09-04T14:13:53.82507
2025-09-04,21111,2025090404011595,SSHL,Online Securities Pvt. Ltd.,Sani Securities Company Ltd.,50,177.0,8850.0,2025-09-04T14:14:49.103225
2025-09-04,20487,2025090404011757,SSHL,Kumari Securities Private Limited,Sri Hari Securities Pvt. Ltd.,16,177.5,2840.0,2025-09-04T14:16:51.430606
2025-09-04,20486,2025090404011758,SSHL,Kumari Securities Private Limited,Imperial Securities Company Pvt. Ltd.,50,177.9,8895.0,2025-09-04T14:16:51.430862
2025-09-04,20438,2025090404011771,SSHL,Kumari Securities Private Limited,South Asian Bulls Pvt. Ltd.,18,178.0,3204.0,2025-09-04T14:17:01.47522
2025-09-04,20437,2025090404011772,SSHL,Kumari Securities Private Limited,Linch Stock Market Ltd.,16,178.0,2848.0,2025-09-04T14:17:01.475469
2025-09-04,19766,2025090404011918,SSHL,Naasa Securities Co. Ltd.,Linch Stock Market Ltd.,16,178.0,2848.0,2025-09-04T14:19:27.442395
2025-09-04,19691,2025090404011936,SSHL,Investment Management Nepal Pvt. Ltd.,Linch Stock Market Ltd.,68,178.0,12104.0,2025-09-04T14:19:44.281947
2025-09-04,19690,2025090404011937,SSHL,Investment Management Nepal Pvt. Ltd.,Naasa Securities Co. Ltd.,332,178.0,59096.0,2025-09-04T14:19:44.282384
2025-09-04,19488,2025090404011973,SSHL,Online Securities Pvt. Ltd.,Naasa Securities Co. Ltd.,168,178.0,29904.0,2025-09-04T14:20:20.303886
2025-09-04,19487,2025090404011974,SSHL,Online Securities Pvt. Ltd.,Naasa Securities Co. Ltd.,50,178.0,8900.0,2025-09-04T14:20:20.304104
2025-09-04,19486,2025090404011975,SSHL,Online Securities Pvt. Ltd.,Cristal Kanchanjanga Securites Pvt. Ltd.,512,178.0,91136.0,2025-09-04T14:20:20.304193
2025-09-04,19463,2025090404011981,SSHL,Thrive Brokerage House Pvt. Ltd,Cristal Kanchanjanga Securites Pvt. Ltd.,200,178.0,35600.0,2025-09-04T14:20:27.734036
2025-09-04,18025,2025090404012308,SSHL,Sipla Securities Private Limited,Cristal Kanchanjanga Securites Pvt. Ltd.,74,178.0,13172.0,2025-09-04T14:25:33.539047
2025-09-04,18024,2025090404012309,SSHL,Sipla Securities Private Limited,Naasa Securities Co. Ltd.,56,178.0,9968.0,2025-09-04T14:25:33.539369
2025-09-04,17147,2025090404012507,SSHL,Kohinoor Investment & Securities Pvt. Ltd.,Naasa Securities Co. Ltd.,50,178.0,8900.0,2025-09-04T14:28:41.757702
2025-09-04,16682,2025090404012648,SSHL,Secured Securities Ltd.,Naasa Securities Co. Ltd.,44,178.0,7832.0,2025-09-04T14:29:54.075906
2025-09-04,16681,2025090404012649,SSHL,Secured Securities Ltd.,Imperial Securities Company Pvt. Ltd.,100,178.0,17800.0,2025-09-04T14:29:54.076155
2025-09-04,15923,2025090404012862,SSHL,Sipla Securities Private Limited,Siprabi Securities Pvt. Ltd.,40,178.3,7132.0,2025-09-04T14:32:14.578173
2025-09-04,15918,2025090404012864,SSHL,Deevyaa Securities & Stock House Pvt. Ltd,ABC Securities Private Limited,260,178.1,46306.0,2025-09-04T14:32:16.523244
2025-09-04,15873,2025090404012875,SSHL,Agrawal Securities (PVT) Ltd.,Siprabi Securities Pvt. Ltd.,30,178.3,5349.0,2025-09-04T14:32:26.705778
2025-09-04,15872,2025090404012876,SSHL,Agrawal Securities (PVT) Ltd.,Imperial Securities Company Pvt. Ltd.,70,178.4,12488.0,2025-09-04T14:32:26.706014
2025-09-04,15133,2025090404013082,SSHL,R.B.B. Securities Company Ltd,Imperial Securities Company Pvt. Ltd.,20,178.4,3568.0,2025-09-04T14:34:15.804024
2025-09-04,14918,2025090404013160,SSHL,R.B.B. Securities Company Ltd,Secured Securities Ltd.,800,178.8,143040.0,2025-09-04T14:34:55.933588
2025-09-04,14752,2025090404013213,SSHL,Naasa Securities Co. Ltd.,Imperial Securities Company Pvt. Ltd.,300,179.0,53700.0,2025-09-04T14:35:19.563236
2025-09-04,14751,2025090404013214,SSHL,Naasa Securities Co. Ltd.,Midas Stock Broking Company Private Limited,100,179.0,17900.0,2025-09-04T14:35:19.563658
2025-09-04,14750,2025090404013215,SSHL,Naasa Securities Co. Ltd.,Deevyaa Securities & Stock House Pvt. Ltd,50,179.0,8950.0,2025-09-04T14:35:19.563913
2025-09-04,14749,2025090404013216,SSHL,Naasa Securities Co. Ltd.,Creative Securities Pvt Ltd,100,179.0,17900.0,2025-09-04T14:35:19.564159
2025-09-04,14631,2025090404013234,SSHL,Naasa Securities Co. Ltd.,Dakshinkali Investment & Securities Pvt. Ltd.,10,179.0,1790.0,2025-09-04T14:35:29.004263
2025-09-04,14630,2025090404013235,SSHL,R.B.B. Securities Company Ltd,Dakshinkali Investment & Securities Pvt. Ltd.,180,178.8,32184.0,2025-09-04T14:35:29.004701
2025-09-04,14599,2025090404013240,SSHL,Naasa Securities Co. Ltd.,Dakshinkali Investment & Securities Pvt. Ltd.,210,178.8,37548.0,2025-09-04T14:35:31.959372
2025-09-04,14451,2025090404013261,SSHL,Naasa Securities Co. Ltd.,Linch Stock Market Ltd.,10,179.0,1790.0,2025-09-04T14:35:49.869675
2025-09-04,14424,2025090404013271,SSHL,Naasa Securities Co. Ltd.,Premier Securities Company Ltd.,450,179.0,80550.0,2025-09-04T14:35:53.381058
2025-09-04,14073,2025090404013360,SSHL,Trishakti Securities Public Limited,Cristal Kanchanjanga Securites Pvt. Ltd.,200,179.1,35820.0,2025-09-04T14:36:52.759687
2025-09-04,12716,2025090404013687,SSHL,Deevyaa Securities & Stock House Pvt. Ltd,Cristal Kanchanjanga Securites Pvt. Ltd.,100,179.1,17910.0,2025-09-04T14:40:11.654988
2025-09-04,12715,2025090404013688,SSHL,Deevyaa Securities & Stock House Pvt. Ltd,Deevyaa Securities & Stock House Pvt. Ltd,100,179.2,17920.0,2025-09-04T14:40:11.655249
2025-09-04,12714,2025090404013689,SSHL,Deevyaa Securities & Stock House Pvt. Ltd,Creative Securities Pvt Ltd,800,179.5,143600.0,2025-09-04T14:40:11.655347
2025-09-04,12459,2025090404013768,SSHL,Naasa Securities Co. Ltd.,Vision Securities Pvt. Ltd,10,179.0,1790.0,2025-09-04T14:40:48.246184
2025-09-04,12307,2025090404013787,SSHL,Naasa Securities Co. Ltd.,Dynamic Money Managers Securities Pvt. Ltd.,295,179.0,52805.0,2025-09-04T14:41:17.127769
2025-09-04,12306,2025090404013788,SSHL,Primo Securities (PVT) Ltd.,Dynamic Money Managers Securities Pvt. Ltd.,10,179.0,1790.0,2025-09-04T14:41:17.128157
2025-09-04,12305,2025090404013789,SSHL,Naasa Securities Co. Ltd.,Dynamic Money Managers Securities Pvt. Ltd.,95,179.0,17005.0,2025-09-04T14:41:17.128452
2025-09-04,11485,2025090404013994,SSHL,Naasa Securities Co. Ltd.,Dynamic Money Managers Securities Pvt. Ltd.,16,179.0,2864.0,2025-09-04T14:43:18.328751
2025-09-04,11484,2025090404013995,SSHL,Naasa Securities Co. Ltd.,Dynamic Money Managers Securities Pvt. Ltd.,29,179.0,5191.0,2025-09-04T14:43:18.329165
2025-09-04,11483,2025090404013996,SSHL,Oxford Securities Pvt. Ltd.,Dynamic Money Managers Securities Pvt. Ltd.,25,179.0,4475.0,2025-09-04T14:43:18.329437
2025-09-04,11235,2025090404014034,SSHL,Thrive Brokerage House Pvt. Ltd,Premier Securities Company Ltd.,1000,178.2,178200.0,2025-09-04T14:44:01.786456
2025-09-04,10361,2025090404014220,SSHL,Kalika Securities Pvt. Ltd.,Dynamic Money Managers Securities Pvt. Ltd.,30,179.0,5370.0,2025-09-04T14:46:08.523209
2025-09-04,9523,2025090404014415,SSHL,Naasa Securities Co. Ltd.,Vision Securities Pvt. Ltd,10,179.4,1794.0,2025-09-04T14:47:49.72791
2025-09-04,9161,2025090404014500,SSHL,Kalika Securities Pvt. Ltd.,Dynamic Money Managers Securities Pvt. Ltd.,100,179.0,17900.0,2025-09-04T14:48:28.151797
2025-09-04,9065,2025090404014533,SSHL,Kalika Securities Pvt. Ltd.,Midas Stock Broking Company Private Limited,24,179.0,4296.0,2025-09-04T14:48:39.780751
2025-09-04,8300,2025090404014736,SSHL,Vision Securities Pvt. Ltd,Dynamic Money Managers Securities Pvt. Ltd.,195,179.4,34983.0,2025-09-04T14:50:03.802967
2025-09-04,8100,2025090404014779,SSHL,South Asian Bulls Pvt. Ltd.,Creative Securities Pvt Ltd,200,179.5,35900.0,2025-09-04T14:50:25.213446
2025-09-04,8099,2025090404014780,SSHL,South Asian Bulls Pvt. Ltd.,Aryatara Investment & Securities,100,179.5,17950.0,2025-09-04T14:50:25.213695
2025-09-04,8098,2025090404014781,SSHL,South Asian Bulls Pvt. Ltd.,Dynamic Money Managers Securities Pvt. Ltd.,200,179.8,35960.0,2025-09-04T14:50:25.213782
2025-09-04,7640,2025090404014889,SSHL,Dynamic Money Managers Securities Pvt. Ltd.,Sundhara Securities Limited,60,179.4,10764.0,2025-09-04T14:51:25.116964
2025-09-04,7430,2025090404014947,SSHL,Aryatara Investment & Securities,Sundhara Securities Limited,100,179.4,17940.0,2025-09-04T14:51:52.116393
2025-09-04,6795,2025090404015137,SSHL,Naasa Securities Co. Ltd.,Sundhara Securities Limited,40,179.4,7176.0,2025-09-04T14:52:55.404059
2025-09-04,6794,2025090404015138,SSHL,Naasa Securities Co. Ltd.,Premier Securities Company Ltd.,20,179.5,3590.0,2025-09-04T14:52:55.404276
2025-09-04,6610,2025090404015182,SSHL,Naasa Securities Co. Ltd.,Dynamic Money Managers Securities Pvt. Ltd.,240,179.5,43080.0,2025-09-04T14:53:16.476391
2025-09-04,5984,2025090404015321,SSHL,Thrive Brokerage House Pvt. Ltd,Dynamic Money Managers Securities Pvt. Ltd.,25,179.8,4495.0,2025-09-04T14:54:14.172381
2025-09-04,5928,2025090404015339,SSHL,Sani Securities Company Ltd.,Dynamic Money Managers Securities Pvt. Ltd.,100,179.6,17960.0,2025-09-04T14:54:21.10975
2025-09-04,5927,2025090404015340,SSHL,South Asian Bulls Pvt. Ltd.,Dynamic Money Managers Securities Pvt. Ltd.,500,179.6,89800.0,2025-09-04T14:54:21.110026
2025-09-04,5864,2025090404015356,SSHL,Sumeru Securities Pvt. Ltd.,Neev Securities Pvt. Ltd.,16,179.6,2873.6,2025-09-04T14:54:27.302023
2025-09-04,5055,2025090404015622,SSHL,Sani Securities Company Ltd.,Vision Securities Pvt. Ltd,154,179.3,27612.2,2025-09-04T14:55:40.502226
2025-09-04,5051,2025090404015623,SSHL,Naasa Securities Co. Ltd.,Dynamic Money Managers Securities Pvt. Ltd.,375,179.5,67312.5,2025-09-04T14:55:41.253399
2025-09-04,4627,2025090404015724,SSHL,Sani Securities Company Ltd.,Online Securities Pvt. Ltd.,46,179.3,8247.8,2025-09-04T14:56:02.820966
2025-09-04,4626,2025090404015725,SSHL,Market Securities & Exchange (PVT) Ltd.,Online Securities Pvt. Ltd.,10,179.3,1793.0,2025-09-04T14:56:02.821405
2025-09-04,4524,2025090404015753,SSHL,Market Securities & Exchange (PVT) Ltd.,Sani Securities Company Ltd.,25,179.3,4482.5,2025-09-04T14:56:11.994387
2025-09-04,4435,2025090404015784,SSHL,Market Securities & Exchange (PVT) Ltd.,Sani Securities Company Ltd.,75,179.3,13447.5,2025-09-04T14:56:16.058788
2025-09-04,4270,2025090404015805,SSHL,South Asian Bulls Pvt. Ltd.,Sani Securities Company Ltd.,265,179.3,47514.5,2025-09-04T14:56:28.369043
2025-09-04,4095,2025090404015842,SSHL,Malla & Malla Stock Broking Company Pvt. Limited,Dynamic Money Managers Securities Pvt. Ltd.,125,179.5,22437.5,2025-09-04T14:56:41.171295
2025-09-04,4094,2025090404015843,SSHL,Malla & Malla Stock Broking Company Pvt. Limited,Kohinoor Investment & Securities Pvt. Ltd.,27,179.5,4846.5,2025-09-04T14:56:41.171623
2025-09-04,4093,2025090404015844,SSHL,Malla & Malla Stock Broking Company Pvt. Limited,Neev Securities Pvt. Ltd.,148,179.6,26580.8,2025-09-04T14:56:41.171734
2025-09-04,4039,2025090404015873,SSHL,Secured Securities Ltd.,Neev Securities Pvt. Ltd.,155,179.6,27838.0,2025-09-04T14:56:45.22497
2025-09-04,4038,2025090404015874,SSHL,Secured Securities Ltd.,Asian Securities Private Ltd.,731,179.6,131287.6,2025-09-04T14:56:45.225015
2025-09-04,3923,2025090404015899,SSHL,South Asian Bulls Pvt. Ltd.,Dynamic Money Managers Securities Pvt. Ltd.,235,179.4,42159.0,2025-09-04T14:56:51.477374
2025-09-04,3595,2025090404015995,SSHL,Sani Securities Company Ltd.,Dynamic Money Managers Securities Pvt. Ltd.,10,179.4,1794.0,2025-09-04T14:57:13.005787
2025-09-04,3184,2025090404016114,SSHL,Himalayan Brokerage Company Limited,Neev Securities Pvt. Ltd.,10,179.3,1793.0,2025-09-04T14:57:41.316252
2025-09-04,3134,2025090404016122,SSHL,Sewa Securities Pvt. Ltd.,Dynamic Money Managers Securities Pvt. Ltd.,155,179.4,27807.0,2025-09-04T14:57:44.735783
2025-09-04,2920,2025090404016187,SSHL,Sewa Securities Pvt. Ltd.,Sri Hari Securities Pvt. Ltd.,45,179.4,8073.0,2025-09-04T14:57:59.440214
2025-09-04,2919,2025090404016188,SSHL,Property Wiard Limited,Sri Hari Securities Pvt. Ltd.,1300,179.4,233220.0,2025-09-04T14:57:59.440498
2025-09-04,2329,2025090404016378,SSHL,Himalayan Brokerage Company Limited,Ashutosh Brokerage & Securities (PVT) Ltd.,130,179.3,23309.0,2025-09-04T14:58:33.98058
2025-09-04,2082,2025090404016471,SSHL,Primo Securities (PVT) Ltd.,Cristal Kanchanjanga Securites Pvt. Ltd.,50,179.1,8955.0,2025-09-04T14:58:47.832053
2025-09-04,2081,2025090404016472,SSHL,Kalika Securities Pvt. Ltd.,Cristal Kanchanjanga Securites Pvt. Ltd.,450,179.0,80550.0,2025-09-04T14:58:47.83233
2025-09-04,1989,2025090404016514,SSHL,Kalika Securities Pvt. Ltd.,Asian Securities Private Ltd.,311,179.0,55669.0,2025-09-04T14:58:51.774143
2025-09-04,1988,2025090404016515,SSHL,Midas Stock Broking Company Private Limited,Asian Securities Private Ltd.,20,179.0,3580.0,2025-09-04T14:58:51.774385
2025-09-04,1987,2025090404016516,SSHL,Creative Securities Pvt Ltd,Asian Securities Private Ltd.,100,179.0,17900.0,2025-09-04T14:58:51.774478
2025-09-04,1986,2025090404016517,SSHL,Naasa Securities Co. Ltd.,Asian Securities Private Ltd.,50,179.0,8950.0,2025-09-04T14:58:51.77457
2025-09-04,1985,2025090404016518,SSHL,Midas Stock Broking Company Private Limited,Asian Securities Private Ltd.,100,179.0,17900.0,2025-09-04T14:58:51.774659
2025-09-04,1984,2025090404016519,SSHL,South Asian Bulls Pvt. Ltd.,Asian Securities Private Ltd.,419,179.0,75001.0,2025-09-04T14:58:51.774746
2025-09-04,1961,2025090404016525,SSHL,Bhrikuti Stock Broking Co. Pvt. Ltd.,Ashutosh Brokerage & Securities (PVT) Ltd.,50,179.3,8965.0,2025-09-04T14:58:52.977136
2025-09-04,1727,2025090404016574,SSHL,Deevyaa Securities & Stock House Pvt. Ltd,Ashutosh Brokerage & Securities (PVT) Ltd.,200,179.1,35820.0,2025-09-04T14:59:04.155812
2025-09-04,1073,2025090404016736,SSHL,Deevyaa Securities & Stock House Pvt. Ltd,Sri Hari Securities Pvt. Ltd.,100,179.1,17910.0,2025-09-04T14:59:27.734229
2025-09-04,1068,2025090404016738,SSHL,Deevyaa Securities & Stock House Pvt. Ltd,Dynamic Money Managers Securities Pvt. Ltd.,50,179.2,8960.0,2025-09-04T14:59:28.339103
2025-09-04,685,2025090404016851,SSHL,Sri Hari Securities Pvt. Ltd.,Dynamic Money Managers Securities Pvt. Ltd.,50,179.2,8960.0,2025-09-04T14:59:38.012339
2025-09-04,656,2025090404016853,SSHL,Deevyaa Securities & Stock House Pvt. Ltd,Asian Securities Private Ltd.,269,179.1,48177.9,2025-09-04T14:59:39.097718
2025-09-04,632,2025090404016857,SSHL,Deevyaa Securities & Stock House Pvt. Ltd,Imperial Securities Company Pvt. Ltd.,164,179.1,29372.4,2025-09-04T14:59:39.976252
2025-09-04,355,2025090404016945,SSHL,Imperial Securities Company Pvt. Ltd.,Ashutosh Brokerage & Securities (PVT) Ltd.,50,179.1,8955.0,2025-09-04T14:59:48.399142
2025-09-04,354,2025090404016946,SSHL,Trisul Securities & Invt. Ltd.,Ashutosh Brokerage & Securities (PVT) Ltd.,150,179.1,26865.0,2025-09-04T14:59:48.399618
2025-09-04,174,2025090404016996,SSHL,Trisul Securities & Invt. Ltd.,Imperial Securities Company Pvt. Ltd.,50,179.1,8955.0,2025-09-04T14:59:55.306605
