Date,S.N.,contract_id,symbol,buyer_broker,seller_broker,volume,price,amount,transaction_time
2025-09-04,63961,2025090404001342,UMRH,Dipshikha Dhitopatra Karobar Co. Pvt Ltd.,Naasa Securities Co. Ltd.,15,585.0,8775.0,2025-09-04T11:21:51.805256
2025-09-04,62494,2025090404001679,UMRH,Premier Securities Company Ltd.,J.F. Securites (PVT) Ltd.,50,587.0,29350.0,2025-09-04T11:28:20.502416
2025-09-04,60397,2025090404002044,UMRH,Premier Securities Company Ltd.,J.F. Securites (PVT) Ltd.,100,589.0,58900.0,2025-09-04T11:36:44.56256
2025-09-04,53474,2025090404003765,UMRH,Dynamic Money Managers Securities Pvt. Ltd.,Dipshikha Dhitopatra Karobar Co. Pvt Ltd.,10,587.0,5870.0,2025-09-04T12:06:55.123351
2025-09-04,53318,2025090404003821,UMRH,Trishakti Securities Public Limited,Secured Securities Ltd.,100,586.6,58660.0,2025-09-04T12:07:29.556428
2025-09-04,53168,2025090404003857,UMRH,Nepal Stock House (PVT) Ltd.,ABC Securities Private Limited,145,586.5,85042.5,2025-09-04T12:08:08.5329
2025-09-04,53167,2025090404003858,UMRH,Imperial Securities Company Pvt. Ltd.,ABC Securities Private Limited,80,586.3,46904.0,2025-09-04T12:08:08.53304
2025-09-04,53053,2025090404003892,UMRH,Imperial Securities Company Pvt. Ltd.,Secured Securities Ltd.,400,586.6,234640.0,2025-09-04T12:08:50.742881
2025-09-04,52520,2025090404004041,UMRH,Imperial Securities Company Pvt. Ltd.,Premier Securities Company Ltd.,10,586.4,5864.0,2025-09-04T12:11:14.058178
2025-09-04,51809,2025090404004229,UMRH,Imperial Securities Company Pvt. Ltd.,Sweta Securities Private Limited,10,586.4,5864.0,2025-09-04T12:13:48.46266
2025-09-04,49170,2025090404004833,UMRH,Imperial Securities Company Pvt. Ltd.,Siprabi Securities Pvt. Ltd.,30,586.4,17592.0,2025-09-04T12:25:58.768166
2025-09-04,49169,2025090404004834,UMRH,Imperial Securities Company Pvt. Ltd.,Siprabi Securities Pvt. Ltd.,20,586.3,11726.0,2025-09-04T12:25:58.768264
2025-09-04,49168,2025090404004835,UMRH,Trishakti Securities Public Limited,Siprabi Securities Pvt. Ltd.,300,586.3,175890.0,2025-09-04T12:25:58.76832
2025-09-04,49167,2025090404004836,UMRH,Premier Securities Company Ltd.,Siprabi Securities Pvt. Ltd.,100,586.0,58600.0,2025-09-04T12:25:58.768369
2025-09-04,49166,2025090404004837,UMRH,Dipshikha Dhitopatra Karobar Co. Pvt Ltd.,Siprabi Securities Pvt. Ltd.,485,585.2,283822.0,2025-09-04T12:25:58.768416
2025-09-04,49165,2025090404004838,UMRH,Dynamic Money Managers Securities Pvt. Ltd.,Siprabi Securities Pvt. Ltd.,30,585.0,17550.0,2025-09-04T12:25:58.76846
2025-09-04,45628,2025090404005804,UMRH,Imperial Securities Company Pvt. Ltd.,Sani Securities Company Ltd.,100,580.2,58020.0,2025-09-04T12:39:35.997392
2025-09-04,45627,2025090404005805,UMRH,Dipshikha Dhitopatra Karobar Co. Pvt Ltd.,Sani Securities Company Ltd.,229,580.1,132842.9,2025-09-04T12:39:35.997507
2025-09-04,43162,2025090404006344,UMRH,Nepal Stock House (PVT) Ltd.,Naasa Securities Co. Ltd.,10,581.0,5810.0,2025-09-04T12:48:05.392364
2025-09-04,42090,2025090404006573,UMRH,Nepal Stock House (PVT) Ltd.,Nagarik Stock Dealer ,90,581.0,52290.0,2025-09-04T12:51:25.478755
2025-09-04,42089,2025090404006574,UMRH,Imperial Securities Company Pvt. Ltd.,Nagarik Stock Dealer ,100,580.2,58020.0,2025-09-04T12:51:25.478829
2025-09-04,42088,2025090404006575,UMRH,Dipshikha Dhitopatra Karobar Co. Pvt Ltd.,Nagarik Stock Dealer ,271,580.1,157207.1,2025-09-04T12:51:25.478866
2025-09-04,42087,2025090404006576,UMRH,Premier Securities Company Ltd.,Nagarik Stock Dealer ,200,580.0,116000.0,2025-09-04T12:51:25.478902
2025-09-04,41870,2025090404006619,UMRH,Dipshikha Dhitopatra Karobar Co. Pvt Ltd.,Nagarik Stock Dealer ,100,580.0,58000.0,2025-09-04T12:52:16.949881
2025-09-04,41724,2025090404006646,UMRH,Imperial Securities Company Pvt. Ltd.,Nagarik Stock Dealer ,230,580.0,133400.0,2025-09-04T12:52:47.823355
2025-09-04,41421,2025090404006738,UMRH,Imperial Securities Company Pvt. Ltd.,Bhrikuti Stock Broking Co. Pvt. Ltd.,10,582.0,5820.0,2025-09-04T12:53:47.428727
2025-09-04,30177,2025090404009371,UMRH,Premier Securities Company Ltd.,Sani Securities Company Ltd.,10,580.0,5800.0,2025-09-04T13:40:05.887934
2025-09-04,30107,2025090404009393,UMRH,Premier Securities Company Ltd.,Nagarik Stock Dealer ,190,580.0,110200.0,2025-09-04T13:40:31.21703
2025-09-04,28497,2025090404009709,UMRH,Creative Securities Pvt Ltd,Nagarik Stock Dealer ,200,580.0,116000.0,2025-09-04T13:46:11.202731
2025-09-04,28395,2025090404009729,UMRH,INDEX SECURITIES LIMITED,Shree Krishna Securities Ltd.,250,579.3,144825.0,2025-09-04T13:46:46.055325
2025-09-04,28362,2025090404009742,UMRH,Imperial Securities Company Pvt. Ltd.,Nagarik Stock Dealer ,110,580.0,63800.0,2025-09-04T13:46:53.143256
2025-09-04,28227,2025090404009765,UMRH,INDEX SECURITIES LIMITED,Premier Securities Company Ltd.,250,579.3,144825.0,2025-09-04T13:47:18.218132
2025-09-04,28151,2025090404009776,UMRH,Premier Securities Company Ltd.,Premier Securities Company Ltd.,200,579.2,115840.0,2025-09-04T13:47:38.313305
2025-09-04,28019,2025090404009831,UMRH,Nepal Stock House (PVT) Ltd.,Premier Securities Company Ltd.,40,579.0,23160.0,2025-09-04T13:48:09.457084
2025-09-04,27483,2025090404009962,UMRH,Nepal Stock House (PVT) Ltd.,Siprabi Securities Pvt. Ltd.,360,579.0,208440.0,2025-09-04T13:50:07.581339
2025-09-04,27482,2025090404009963,UMRH,Asian Securities Private Ltd.,Siprabi Securities Pvt. Ltd.,10,578.0,5780.0,2025-09-04T13:50:07.581456
2025-09-04,27481,2025090404009964,UMRH,Premier Securities Company Ltd.,Siprabi Securities Pvt. Ltd.,200,578.0,115600.0,2025-09-04T13:50:07.581499
2025-09-04,27480,2025090404009965,UMRH,Naasa Securities Co. Ltd.,Siprabi Securities Pvt. Ltd.,100,577.0,57700.0,2025-09-04T13:50:07.581528
2025-09-04,27479,2025090404009966,UMRH,Midas Stock Broking Company Private Limited,Siprabi Securities Pvt. Ltd.,20,576.2,11524.0,2025-09-04T13:50:07.581559
2025-09-04,27478,2025090404009967,UMRH,Trishakti Securities Public Limited,Siprabi Securities Pvt. Ltd.,145,576.0,83520.0,2025-09-04T13:50:07.581594
2025-09-04,25737,2025090404010441,UMRH,Sumeru Securities Pvt. Ltd.,Sri Hari Securities Pvt. Ltd.,150,576.1,86415.0,2025-09-04T13:56:57.549871
2025-09-04,18532,2025090404012201,UMRH,Imperial Securities Company Pvt. Ltd.,Linch Stock Market Ltd.,10,580.0,5800.0,2025-09-04T14:23:43.549554
2025-09-04,18531,2025090404012202,UMRH,Imperial Securities Company Pvt. Ltd.,Trishakti Securities Public Limited,165,580.0,95700.0,2025-09-04T14:23:43.549652
2025-09-04,18009,2025090404012312,UMRH,Naasa Securities Co. Ltd.,Trishakti Securities Public Limited,45,576.3,25933.5,2025-09-04T14:25:38.337422
2025-09-04,18008,2025090404012313,UMRH,K.B.L. Securities Limited ,Trishakti Securities Public Limited,100,576.1,57610.0,2025-09-04T14:25:38.337517
2025-09-04,17693,2025090404012392,UMRH,Trishakti Securities Public Limited,Malla & Malla Stock Broking Company Pvt. Limited,324,576.0,186624.0,2025-09-04T14:26:47.675196
2025-09-04,17459,2025090404012428,UMRH,Trishakti Securities Public Limited,Trishakti Securities Public Limited,10,576.0,5760.0,2025-09-04T14:27:38.046053
2025-09-04,16778,2025090404012615,UMRH,Creative Securities Pvt Ltd,Trishakti Securities Public Limited,30,576.1,17283.0,2025-09-04T14:29:36.170685
2025-09-04,11679,2025090404013933,UMRH,INDEX SECURITIES LIMITED,Swarna Laxmi Securities Pvt. Ltd.,10,578.0,5780.0,2025-09-04T14:42:46.676156
2025-09-04,11678,2025090404013934,UMRH,INDEX SECURITIES LIMITED,Trishakti Securities Public Limited,230,580.0,133400.0,2025-09-04T14:42:46.676365
2025-09-04,11677,2025090404013935,UMRH,INDEX SECURITIES LIMITED,Thrive Brokerage House Pvt. Ltd,28,580.0,16240.0,2025-09-04T14:42:46.676476
2025-09-04,11676,2025090404013936,UMRH,INDEX SECURITIES LIMITED,Dipshikha Dhitopatra Karobar Co. Pvt Ltd.,100,580.9,58090.0,2025-09-04T14:42:46.676612
2025-09-04,11675,2025090404013937,UMRH,INDEX SECURITIES LIMITED,Nepal Investment And Securities Trading Private Limited,92,582.0,53544.0,2025-09-04T14:42:46.676726
2025-09-04,10512,2025090404014193,UMRH,INDEX SECURITIES LIMITED,Cristal Kanchanjanga Securites Pvt. Ltd.,250,582.0,145500.0,2025-09-04T14:45:45.123038
2025-09-04,6102,2025090404015291,UMRH,INDEX SECURITIES LIMITED,Dipshikha Dhitopatra Karobar Co. Pvt Ltd.,200,579.0,115800.0,2025-09-04T14:54:07.519514
2025-09-04,5763,2025090404015371,UMRH,Asian Securities Private Ltd.,Dipshikha Dhitopatra Karobar Co. Pvt Ltd.,500,580.0,290000.0,2025-09-04T14:54:36.913256
2025-09-04,5724,2025090404015385,UMRH,Asian Securities Private Ltd.,Dipshikha Dhitopatra Karobar Co. Pvt Ltd.,100,580.0,58000.0,2025-09-04T14:54:40.878373
2025-09-04,5564,2025090404015455,UMRH,Asian Securities Private Ltd.,Trishakti Securities Public Limited,400,580.0,232000.0,2025-09-04T14:54:52.13493
2025-09-04,5467,2025090404015495,UMRH,K.B.L. Securities Limited ,Shree Krishna Securities Ltd.,10,579.1,5791.0,2025-09-04T14:55:01.005169
2025-09-04,5417,2025090404015503,UMRH,K.B.L. Securities Limited ,Dipshikha Dhitopatra Karobar Co. Pvt Ltd.,100,579.1,57910.0,2025-09-04T14:55:05.179891
2025-09-04,3121,2025090404016124,UMRH,Trishakti Securities Public Limited,Trishakti Securities Public Limited,700,580.0,406000.0,2025-09-04T14:57:45.763593
2025-09-04,2988,2025090404016168,UMRH,Trishakti Securities Public Limited,Trishakti Securities Public Limited,300,580.0,174000.0,2025-09-04T14:57:54.879983
2025-09-04,2292,2025090404016392,UMRH,INDEX SECURITIES LIMITED,Trishakti Securities Public Limited,500,579.2,289600.0,2025-09-04T14:58:36.210501
2025-09-04,2291,2025090404016393,UMRH,K.B.L. Securities Limited ,Trishakti Securities Public Limited,57,579.1,33008.7,2025-09-04T14:58:36.210542
2025-09-04,2290,2025090404016394,UMRH,INDEX SECURITIES LIMITED,Trishakti Securities Public Limited,100,578.1,57810.0,2025-09-04T14:58:36.210572
2025-09-04,2289,2025090404016395,UMRH,Creative Securities Pvt Ltd,Trishakti Securities Public Limited,43,578.1,24858.3,2025-09-04T14:58:36.210606
2025-09-04,1812,2025090404016562,UMRH,Trishakti Securities Public Limited,Trishakti Securities Public Limited,500,578.2,289100.0,2025-09-04T14:59:01.431302
2025-09-04,1811,2025090404016563,UMRH,INDEX SECURITIES LIMITED,Trishakti Securities Public Limited,200,578.2,115640.0,2025-09-04T14:59:01.431363
2025-09-04,1348,2025090404016667,UMRH,INDEX SECURITIES LIMITED,Trishakti Securities Public Limited,10,578.2,5782.0,2025-09-04T14:59:18.697532
2025-09-04,1347,2025090404016668,UMRH,Creative Securities Pvt Ltd,Trishakti Securities Public Limited,227,578.1,131228.7,2025-09-04T14:59:18.697601
2025-09-04,1346,2025090404016669,UMRH,Aryatara Investment & Securities,Trishakti Securities Public Limited,50,577.1,28855.0,2025-09-04T14:59:18.697636
2025-09-04,1345,2025090404016670,UMRH,Naasa Securities Co. Ltd.,Trishakti Securities Public Limited,10,577.0,5770.0,2025-09-04T14:59:18.697686
2025-09-04,1344,2025090404016671,UMRH,Dakshinkali Investment & Securities Pvt. Ltd.,Trishakti Securities Public Limited,100,576.3,57630.0,2025-09-04T14:59:18.697712
2025-09-04,1343,2025090404016672,UMRH,Malla & Malla Stock Broking Company Pvt. Limited,Trishakti Securities Public Limited,303,576.2,174588.6,2025-09-04T14:59:18.697738
2025-09-04,603,2025090404016872,UMRH,Malla & Malla Stock Broking Company Pvt. Limited,Trishakti Securities Public Limited,177,576.2,101987.4,2025-09-04T14:59:40.970359
2025-09-04,602,2025090404016873,UMRH,Imperial Securities Company Pvt. Ltd.,Trishakti Securities Public Limited,50,576.0,28800.0,2025-09-04T14:59:40.970395
2025-09-04,601,2025090404016874,UMRH,ABC Securities Private Limited,Trishakti Securities Public Limited,73,576.0,42048.0,2025-09-04T14:59:40.970416
