Date,S.N.,Contract ID,Symbol,Buyer Broker,Seller Broker,quantity,rate,amount,transaction_time
2025-09-04,68994,2025090404000021,RADHI,Vision Securities Pvt. Ltd,Sani Securities Company Ltd.,30,768.4,23052.0,2025-09-04T10:46:00.036081
2025-09-04,68993,2025090404000022,RADHI,Vision Securities Pvt. Ltd,Deevyaa Securities & Stock House Pvt. Ltd,200,768.4,153680.0,2025-09-04T10:46:00.036123
2025-09-04,68992,2025090404000023,RADHI,Vision Securities Pvt. Ltd,Sharepro Securities Private Limited,70,768.4,53788.0,2025-09-04T10:46:00.036159
2025-09-04,68991,2025090404000024,RADHI,Vision Securities Pvt. Ltd,Sharepro Securities Private Limited,10,768.4,7684.0,2025-09-04T10:46:00.036273
2025-09-04,67946,2025090404000369,RADHI,Siprabi Securities Pvt. Ltd.,SHUBHAKAMANA SECURITIES PVT. LTD,200,754.0,150800.0,2025-09-04T11:06:41.364962
2025-09-04,67945,2025090404000370,RADHI,Asian Securities Private Ltd.,SHUBHAKAMANA SECURITIES PVT. LTD,10,753.1,7531.0,2025-09-04T11:06:41.365109
2025-09-04,67944,2025090404000371,RADHI,Vision Securities Pvt. Ltd,SHUBHAKAMANA SECURITIES PVT. LTD,290,753.1,218399.0,2025-09-04T11:06:41.365162
2025-09-04,67291,2025090404000495,RADHI,Vision Securities Pvt. Ltd,Ashutosh Brokerage & Securities (PVT) Ltd.,10,757.0,7570.0,2025-09-04T11:09:28.491616
2025-09-04,67109,2025090404000536,RADHI,Vision Securities Pvt. Ltd,Sharepro Securities Private Limited,100,750.1,75010.0,2025-09-04T11:10:24.303122
2025-09-04,66851,2025090404000637,RADHI,Sweta Securities Private Limited,Asian Securities Private Ltd.,100,750.1,75010.0,2025-09-04T11:11:17.987349
2025-09-04,66850,2025090404000638,RADHI,Neev Securities Pvt. Ltd.,Asian Securities Private Ltd.,50,750.0,37500.0,2025-09-04T11:11:17.987627
2025-09-04,66785,2025090404000659,RADHI,South Asian Bulls Pvt. Ltd.,Asian Securities Private Ltd.,100,750.0,75000.0,2025-09-04T11:11:36.156561
2025-09-04,66650,2025090404000696,RADHI,Dipshikha Dhitopatra Karobar Co. Pvt Ltd.,Asian Securities Private Ltd.,250,750.0,187500.0,2025-09-04T11:11:59.855734
2025-09-04,66565,2025090404000729,RADHI,South Asian Bulls Pvt. Ltd.,Capital Hub P. Ltd,50,750.0,37500.0,2025-09-04T11:12:13.824917
2025-09-04,66532,2025090404000735,RADHI,South Asian Bulls Pvt. Ltd.,Asian Securities Private Ltd.,50,750.0,37500.0,2025-09-04T11:12:20.634747
2025-09-04,66492,2025090404000743,RADHI,Naasa Securities Co. Ltd.,S.P.S.A. Securities Limited,120,749.2,89904.0,2025-09-04T11:12:30.458062
2025-09-04,66450,2025090404000749,RADHI,South Asian Bulls Pvt. Ltd.,Asian Securities Private Ltd.,200,750.0,150000.0,2025-09-04T11:12:38.899718
2025-09-04,66367,2025090404000774,RADHI,Vision Securities Pvt. Ltd,Asian Securities Private Ltd.,250,750.0,187500.0,2025-09-04T11:12:57.814711
2025-09-04,66286,2025090404000790,RADHI,South Asian Bulls Pvt. Ltd.,Dipshikha Dhitopatra Karobar Co. Pvt Ltd.,15,750.0,11250.0,2025-09-04T11:13:15.0406
2025-09-04,66230,2025090404000809,RADHI,Sharepro Securities Private Limited,Kohinoor Investment & Securities Pvt. Ltd.,10,750.1,7501.0,2025-09-04T11:13:24.650798
2025-09-04,64105,2025090404001321,RADHI,Ashutosh Brokerage & Securities (PVT) Ltd.,Imperial Securities Company Pvt. Ltd.,33,754.0,24882.0,2025-09-04T11:21:17.047415
2025-09-04,64058,2025090404001326,RADHI,Ashutosh Brokerage & Securities (PVT) Ltd.,Dipshikha Dhitopatra Karobar Co. Pvt Ltd.,13,755.0,9815.0,2025-09-04T11:21:29.567987
2025-09-04,63870,2025090404001351,RADHI,Sumeru Securities Pvt. Ltd.,Dipshikha Dhitopatra Karobar Co. Pvt Ltd.,50,750.8,37540.0,2025-09-04T11:22:18.798655
2025-09-04,63661,2025090404001387,RADHI,Sumeru Securities Pvt. Ltd.,Aryatara Investment & Securities,200,750.8,150160.0,2025-09-04T11:23:12.337703
2025-09-04,63028,2025090404001548,RADHI,Nagarik Stock Dealer ,J.F. Securites (PVT) Ltd.,50,751.2,37560.0,2025-09-04T11:25:49.924456
2025-09-04,62727,2025090404001611,RADHI,Sunrise Securities Limited,Online Securities Pvt. Ltd.,4,736.2,2944.8,2025-09-04T11:27:16.607387
2025-09-04,62637,2025090404001633,RADHI,Primo Securities (PVT) Ltd.,Sani Securities Company Ltd.,220,758.7,166914.0,2025-09-04T11:27:48.492581
2025-09-04,62636,2025090404001634,RADHI,Primo Securities (PVT) Ltd.,Agrawal Securities (PVT) Ltd.,120,758.8,91056.0,2025-09-04T11:27:48.492962
2025-09-04,62635,2025090404001635,RADHI,Primo Securities (PVT) Ltd.,Siprabi Securities Pvt. Ltd.,160,759.0,121440.0,2025-09-04T11:27:48.493252
2025-09-04,60829,2025090404001987,RADHI,Sunrise Securities Limited,Capital Max Securities Ltd,10,753.0,7530.0,2025-09-04T11:35:13.28476
2025-09-04,60828,2025090404001988,RADHI,Nagarik Stock Dealer ,Capital Max Securities Ltd,50,752.2,37610.0,2025-09-04T11:35:13.28498
2025-09-04,60827,2025090404001989,RADHI,Vision Securities Pvt. Ltd,Capital Max Securities Ltd,100,752.1,75210.0,2025-09-04T11:35:13.285055
2025-09-04,60826,2025090404001990,RADHI,Premier Securities Company Ltd.,Capital Max Securities Ltd,53,752.0,39856.0,2025-09-04T11:35:13.285125
2025-09-04,60030,2025090404002146,RADHI,Agrawal Securities (PVT) Ltd.,Kumari Securities Private Limited,13,751.6,9770.8,2025-09-04T11:38:15.4521
2025-09-04,59244,2025090404002326,RADHI,Vision Securities Pvt. Ltd,Premier Securities Company Ltd.,10,753.0,7530.0,2025-09-04T11:41:40.645558
2025-09-04,59243,2025090404002327,RADHI,Sajilo Broker Limited,Premier Securities Company Ltd.,37,752.0,27824.0,2025-09-04T11:41:40.645609
2025-09-04,59068,2025090404002387,RADHI,Sajilo Broker Limited,Midas Stock Broking Company Private Limited,40,752.0,30080.0,2025-09-04T11:42:23.622687
2025-09-04,58300,2025090404002580,RADHI,Naasa Securities Co. Ltd.,Trishakti Securities Public Limited,1,737.0,737.0,2025-09-04T11:46:26.813939
2025-09-04,55605,2025090404003176,RADHI,Aryatara Investment & Securities,J.F. Securites (PVT) Ltd.,50,752.1,37605.0,2025-09-04T11:59:04.959029
2025-09-04,55570,2025090404003182,RADHI,Aryatara Investment & Securities,Neev Securities Pvt. Ltd.,50,752.1,37605.0,2025-09-04T11:59:11.310424
2025-09-04,55569,2025090404003183,RADHI,Sajilo Broker Limited,Neev Securities Pvt. Ltd.,123,752.0,92496.0,2025-09-04T11:59:11.310794
2025-09-04,55568,2025090404003184,RADHI,Agrawal Securities (PVT) Ltd.,Neev Securities Pvt. Ltd.,127,752.0,95504.0,2025-09-04T11:59:11.311028
2025-09-04,55274,2025090404003249,RADHI,Agrawal Securities (PVT) Ltd.,Trisul Securities & Invt. Ltd.,23,752.0,17296.0,2025-09-04T12:00:30.849534
2025-09-04,55273,2025090404003250,RADHI,Opal Securities Investment (PVT) Ltd.,Trisul Securities & Invt. Ltd.,100,752.0,75200.0,2025-09-04T12:00:30.849882
2025-09-04,55272,2025090404003251,RADHI,Naasa Securities Co. Ltd.,Trisul Securities & Invt. Ltd.,40,751.8,30072.0,2025-09-04T12:00:30.85013
2025-09-04,55271,2025090404003252,RADHI,Premier Securities Company Ltd.,Trisul Securities & Invt. Ltd.,97,751.7,72914.9,2025-09-04T12:00:30.850381
2025-09-04,55270,2025090404003253,RADHI,Agrawal Securities (PVT) Ltd.,Trisul Securities & Invt. Ltd.,37,751.6,27809.2,2025-09-04T12:00:30.850605
2025-09-04,54858,2025090404003356,RADHI,Vision Securities Pvt. Ltd,Trishakti Securities Public Limited,10,751.1,7511.0,2025-09-04T12:01:50.511612
2025-09-04,54857,2025090404003357,RADHI,Imperial Securities Company Pvt. Ltd.,Trishakti Securities Public Limited,33,751.1,24786.3,2025-09-04T12:01:50.511817
2025-09-04,54809,2025090404003364,RADHI,Imperial Securities Company Pvt. Ltd.,Sani Securities Company Ltd.,150,751.1,112665.0,2025-09-04T12:02:02.40668
2025-09-04,54765,2025090404003371,RADHI,Imperial Securities Company Pvt. Ltd.,Trisul Securities & Invt. Ltd.,13,751.1,9764.3,2025-09-04T12:02:11.234151
2025-09-04,54542,2025090404003459,RADHI,Imperial Securities Company Pvt. Ltd.,Online Securities Pvt. Ltd.,250,751.1,187775.0,2025-09-04T12:02:55.547724
2025-09-04,54281,2025090404003512,RADHI,Imperial Securities Company Pvt. Ltd.,Deevyaa Securities & Stock House Pvt. Ltd,21,751.1,15773.1,2025-09-04T12:03:58.667965
2025-09-04,54148,2025090404003538,RADHI,Kumari Securities Private Limited,Shree Krishna Securities Ltd.,117,752.0,87984.0,2025-09-04T12:04:32.194817
2025-09-04,53433,2025090404003785,RADHI,Imperial Securities Company Pvt. Ltd.,Miyo Securities Pvt Ltd,750,752.1,564075.0,2025-09-04T12:07:02.320905
2025-09-04,53432,2025090404003786,RADHI,Kumari Securities Private Limited,Miyo Securities Pvt Ltd,250,752.0,188000.0,2025-09-04T12:07:02.321127
2025-09-04,51311,2025090404004374,RADHI,Imperial Securities Company Pvt. Ltd.,Sumeru Securities Pvt. Ltd.,750,752.1,564075.0,2025-09-04T12:16:09.462012
2025-09-04,51068,2025090404004440,RADHI,Naasa Securities Co. Ltd.,Linch Stock Market Ltd.,25,752.1,18802.5,2025-09-04T12:17:21.768048
2025-09-04,50492,2025090404004576,RADHI,Nepal Stock House (PVT) Ltd.,Neev Securities Pvt. Ltd.,18,752.2,13539.6,2025-09-04T12:20:03.674378
2025-09-04,49955,2025090404004668,RADHI,Nepal Stock House (PVT) Ltd.,Trisul Securities & Invt. Ltd.,482,752.2,362560.4,2025-09-04T12:22:25.132367
2025-09-04,49954,2025090404004669,RADHI,Naasa Securities Co. Ltd.,Trisul Securities & Invt. Ltd.,18,752.2,13539.6,2025-09-04T12:22:25.132758
2025-09-04,49561,2025090404004765,RADHI,Ashutosh Brokerage & Securities (PVT) Ltd.,Agrawal Securities (PVT) Ltd.,10,754.0,7540.0,2025-09-04T12:24:06.954912
2025-09-04,48460,2025090404005003,RADHI,Naasa Securities Co. Ltd.,Nepal Investment And Securities Trading Private Limited,282,752.2,212120.4,2025-09-04T12:29:12.892679
2025-09-04,48459,2025090404005004,RADHI,Naasa Securities Co. Ltd.,Nepal Investment And Securities Trading Private Limited,275,752.1,206827.5,2025-09-04T12:29:12.892897
2025-09-04,48458,2025090404005005,RADHI,Kumari Securities Private Limited,Nepal Investment And Securities Trading Private Limited,633,752.0,476016.0,2025-09-04T12:29:12.893
2025-09-04,48457,2025090404005006,RADHI,Online Securities Pvt. Ltd.,Nepal Investment And Securities Trading Private Limited,100,752.0,75200.0,2025-09-04T12:29:12.893086
2025-09-04,48456,2025090404005007,RADHI,Siprabi Securities Pvt. Ltd.,Nepal Investment And Securities Trading Private Limited,200,752.0,150400.0,2025-09-04T12:29:12.893168
2025-09-04,48102,2025090404005131,RADHI,Vision Securities Pvt. Ltd,Shree Krishna Securities Ltd.,75,751.2,56340.0,2025-09-04T12:30:49.686321
2025-09-04,47825,2025090404005177,RADHI,Vision Securities Pvt. Ltd,Creative Securities Pvt Ltd,33,751.2,24789.6,2025-09-04T12:31:48.438968
2025-09-04,47781,2025090404005187,RADHI,Vision Securities Pvt. Ltd,Dipshikha Dhitopatra Karobar Co. Pvt Ltd.,10,751.2,7512.0,2025-09-04T12:32:03.717546
2025-09-04,47656,2025090404005210,RADHI,Vision Securities Pvt. Ltd,Sumeru Securities Pvt. Ltd.,82,751.2,61598.4,2025-09-04T12:32:27.62178
2025-09-04,47655,2025090404005211,RADHI,Imperial Securities Company Pvt. Ltd.,Sumeru Securities Pvt. Ltd.,433,751.1,325226.3,2025-09-04T12:32:27.621879
2025-09-04,47654,2025090404005212,RADHI,MILKY WAY SHARE BROKER COMPANY LTD ,Sumeru Securities Pvt. Ltd.,485,751.1,364283.5,2025-09-04T12:32:27.62191
2025-09-04,47346,2025090404005272,RADHI,MILKY WAY SHARE BROKER COMPANY LTD ,Midas Stock Broking Company Private Limited,515,751.1,386816.5,2025-09-04T12:33:30.602778
2025-09-04,47345,2025090404005273,RADHI,Vision Securities Pvt. Ltd,Midas Stock Broking Company Private Limited,338,751.0,253838.0,2025-09-04T12:33:30.603031
2025-09-04,47272,2025090404005315,RADHI,Vision Securities Pvt. Ltd,Online Securities Pvt. Ltd.,200,751.0,150200.0,2025-09-04T12:33:43.413921
2025-09-04,47006,2025090404005414,RADHI,Naasa Securities Co. Ltd.,Siprabi Securities Pvt. Ltd.,50,751.1,37555.0,2025-09-04T12:34:36.457491
2025-09-04,46812,2025090404005481,RADHI,Imperial Securities Company Pvt. Ltd.,Ashutosh Brokerage & Securities (PVT) Ltd.,500,751.5,375750.0,2025-09-04T12:35:18.072779
2025-09-04,46616,2025090404005543,RADHI,Naasa Securities Co. Ltd.,Miyo Securities Pvt Ltd,250,751.1,187775.0,2025-09-04T12:35:58.644111
2025-09-04,46615,2025090404005544,RADHI,Vision Securities Pvt. Ltd,Miyo Securities Pvt Ltd,750,751.0,563250.0,2025-09-04T12:35:58.644299
2025-09-04,46489,2025090404005577,RADHI,Asian Securities Private Ltd.,Nepal Investment And Securities Trading Private Limited,100,752.0,75200.0,2025-09-04T12:36:33.072457
2025-09-04,45877,2025090404005720,RADHI,Sweta Securities Private Limited,Asian Securities Private Ltd.,50,751.2,37560.0,2025-09-04T12:38:42.591778
2025-09-04,45824,2025090404005744,RADHI,Premier Securities Company Ltd.,Nepal Investment And Securities Trading Private Limited,10,752.0,7520.0,2025-09-04T12:38:54.478492
2025-09-04,45743,2025090404005763,RADHI,Aakashbhairab Securities Ltd.,Nepal Investment And Securities Trading Private Limited,50,752.0,37600.0,2025-09-04T12:39:11.535749
2025-09-04,45450,2025090404005823,RADHI,Sweta Securities Private Limited,Nepal Investment And Securities Trading Private Limited,150,751.2,112680.0,2025-09-04T12:40:10.49886
2025-09-04,45449,2025090404005824,RADHI,Naasa Securities Co. Ltd.,Nepal Investment And Securities Trading Private Limited,108,751.2,81129.6,2025-09-04T12:40:10.49909
2025-09-04,45251,2025090404005875,RADHI,Naasa Securities Co. Ltd.,Premier Securities Company Ltd.,100,751.2,75120.0,2025-09-04T12:40:58.059393
2025-09-04,44888,2025090404005975,RADHI,Naasa Securities Co. Ltd.,Cristal Kanchanjanga Securites Pvt. Ltd.,92,751.2,69110.4,2025-09-04T12:42:22.097169
2025-09-04,44887,2025090404005976,RADHI,Vision Securities Pvt. Ltd,Cristal Kanchanjanga Securites Pvt. Ltd.,908,751.0,681908.0,2025-09-04T12:42:22.097587
2025-09-04,43655,2025090404006225,RADHI,Naasa Securities Co. Ltd.,N.M.B. SECURITIES LIMITED,100,751.2,75120.0,2025-09-04T12:46:19.128377
2025-09-04,43375,2025090404006311,RADHI,Imperial Securities Company Pvt. Ltd.,Miyo Securities Pvt Ltd,500,751.3,375650.0,2025-09-04T12:47:11.170973
2025-09-04,43218,2025090404006335,RADHI,Imperial Securities Company Pvt. Ltd.,Sumeru Securities Pvt. Ltd.,400,751.3,300520.0,2025-09-04T12:47:53.084727
2025-09-04,43208,2025090404006337,RADHI,Naasa Securities Co. Ltd.,Aryatara Investment & Securities,400,751.2,300480.0,2025-09-04T12:47:56.254008
2025-09-04,43207,2025090404006338,RADHI,South Asian Bulls Pvt. Ltd.,Aryatara Investment & Securities,80,751.1,60088.0,2025-09-04T12:47:56.254286
2025-09-04,42888,2025090404006411,RADHI,Naasa Securities Co. Ltd.,Cristal Kanchanjanga Securites Pvt. Ltd.,50,751.1,37555.0,2025-09-04T12:48:53.458489
2025-09-04,42887,2025090404006412,RADHI,Online Securities Pvt. Ltd.,Cristal Kanchanjanga Securites Pvt. Ltd.,50,751.1,37555.0,2025-09-04T12:48:53.458885
2025-09-04,42834,2025090404006419,RADHI,Online Securities Pvt. Ltd.,Aryatara Investment & Securities,83,751.1,62341.3,2025-09-04T12:49:03.847996
2025-09-04,42833,2025090404006420,RADHI,Naasa Securities Co. Ltd.,Aryatara Investment & Securities,200,751.1,150220.0,2025-09-04T12:49:03.848199
2025-09-04,42832,2025090404006421,RADHI,Vision Securities Pvt. Ltd,Aryatara Investment & Securities,197,751.0,147947.0,2025-09-04T12:49:03.848286
2025-09-04,42770,2025090404006443,RADHI,Vision Securities Pvt. Ltd,Aryatara Investment & Securities,480,751.0,360480.0,2025-09-04T12:49:15.963709
2025-09-04,42749,2025090404006447,RADHI,Naasa Securities Co. Ltd.,Shree Krishna Securities Ltd.,4,736.2,2944.8,2025-09-04T12:49:21.129412
2025-09-04,42732,2025090404006449,RADHI,Vision Securities Pvt. Ltd,Aryatara Investment & Securities,480,751.0,360480.0,2025-09-04T12:49:29.049591
2025-09-04,42668,2025090404006453,RADHI,Vision Securities Pvt. Ltd,Aryatara Investment & Securities,480,751.0,360480.0,2025-09-04T12:49:41.137954
2025-09-04,42621,2025090404006464,RADHI,Vision Securities Pvt. Ltd,N.M.B. SECURITIES LIMITED,20,751.0,15020.0,2025-09-04T12:49:54.751673
2025-09-04,42578,2025090404006466,RADHI,Vision Securities Pvt. Ltd,Aryatara Investment & Securities,480,751.0,360480.0,2025-09-04T12:50:02.292084
2025-09-04,42394,2025090404006507,RADHI,Vision Securities Pvt. Ltd,Aryatara Investment & Securities,480,751.0,360480.0,2025-09-04T12:50:25.48447
2025-09-04,42244,2025090404006538,RADHI,Vision Securities Pvt. Ltd,Aryatara Investment & Securities,480,751.0,360480.0,2025-09-04T12:50:50.659921
2025-09-04,42201,2025090404006546,RADHI,Vision Securities Pvt. Ltd,Cristal Kanchanjanga Securites Pvt. Ltd.,300,751.0,225300.0,2025-09-04T12:50:56.383683
2025-09-04,42170,2025090404006549,RADHI,Vision Securities Pvt. Ltd,Aryatara Investment & Securities,407,751.0,305657.0,2025-09-04T12:51:07.849115
2025-09-04,42169,2025090404006550,RADHI,Vision Securities Pvt. Ltd,Aryatara Investment & Securities,10,751.0,7510.0,2025-09-04T12:51:07.849526
2025-09-04,42168,2025090404006551,RADHI,Oxford Securities Pvt. Ltd.,Aryatara Investment & Securities,10,751.0,7510.0,2025-09-04T12:51:07.849779
2025-09-04,42167,2025090404006552,RADHI,Shree Krishna Securities Ltd.,Aryatara Investment & Securities,53,750.9,39797.7,2025-09-04T12:51:07.850033
2025-09-04,41972,2025090404006601,RADHI,Shree Krishna Securities Ltd.,Aryatara Investment & Securities,447,750.9,335652.3,2025-09-04T12:51:54.333477
2025-09-04,41971,2025090404006602,RADHI,Sumeru Securities Pvt. Ltd.,Aryatara Investment & Securities,33,750.8,24776.4,2025-09-04T12:51:54.33371
2025-09-04,41934,2025090404006607,RADHI,Vision Securities Pvt. Ltd,Sumeru Securities Pvt. Ltd.,1200,751.0,901200.0,2025-09-04T12:52:03.39321
2025-09-04,41789,2025090404006633,RADHI,Vision Securities Pvt. Ltd,Asian Securities Private Ltd.,100,751.0,75100.0,2025-09-04T12:52:33.082997
2025-09-04,41636,2025090404006665,RADHI,South Asian Bulls Pvt. Ltd.,Aryatara Investment & Securities,480,751.1,360528.0,2025-09-04T12:53:01.113566
2025-09-04,41576,2025090404006685,RADHI,South Asian Bulls Pvt. Ltd.,Cristal Kanchanjanga Securites Pvt. Ltd.,200,751.1,150220.0,2025-09-04T12:53:14.028759
2025-09-04,41553,2025090404006692,RADHI,South Asian Bulls Pvt. Ltd.,Aryatara Investment & Securities,320,751.1,240352.0,2025-09-04T12:53:18.317668
2025-09-04,41552,2025090404006693,RADHI,Vision Securities Pvt. Ltd,Aryatara Investment & Securities,160,751.0,120160.0,2025-09-04T12:53:18.31807
2025-09-04,41390,2025090404006745,RADHI,Cristal Kanchanjanga Securites Pvt. Ltd.,Aryatara Investment & Securities,480,751.1,360528.0,2025-09-04T12:53:53.753049
2025-09-04,41210,2025090404006784,RADHI,Imperial Securities Company Pvt. Ltd.,Siprabi Securities Pvt. Ltd.,40,751.2,30048.0,2025-09-04T12:54:28.75445
2025-09-04,40645,2025090404006918,RADHI,Imperial Securities Company Pvt. Ltd.,Miyo Securities Pvt Ltd,400,751.2,300480.0,2025-09-04T12:56:27.346775
2025-09-04,40566,2025090404006928,RADHI,Naasa Securities Co. Ltd.,Asian Securities Private Ltd.,4,740.0,2960.0,2025-09-04T12:56:48.937625
2025-09-04,40516,2025090404006932,RADHI,Imperial Securities Company Pvt. Ltd.,Sumeru Securities Pvt. Ltd.,380,751.2,285456.0,2025-09-04T12:56:53.550907
2025-09-04,40494,2025090404006935,RADHI,Imperial Securities Company Pvt. Ltd.,Aryatara Investment & Securities,80,751.2,60096.0,2025-09-04T12:56:58.433253
2025-09-04,40493,2025090404006936,RADHI,Vision Securities Pvt. Ltd,Aryatara Investment & Securities,400,751.0,300400.0,2025-09-04T12:56:58.433787
2025-09-04,40418,2025090404006961,RADHI,Vision Securities Pvt. Ltd,Aryatara Investment & Securities,140,751.0,105140.0,2025-09-04T12:57:15.567476
2025-09-04,40417,2025090404006962,RADHI,Sumeru Securities Pvt. Ltd.,Aryatara Investment & Securities,117,750.8,87843.6,2025-09-04T12:57:15.567712
2025-09-04,40416,2025090404006963,RADHI,Trishakti Securities Public Limited,Aryatara Investment & Securities,10,750.3,7503.0,2025-09-04T12:57:15.567807
2025-09-04,40415,2025090404006964,RADHI,Global IME Securities Limited,Aryatara Investment & Securities,50,750.2,37510.0,2025-09-04T12:57:15.567894
2025-09-04,40414,2025090404006965,RADHI,South Asian Bulls Pvt. Ltd.,Aryatara Investment & Securities,163,750.2,122282.6,2025-09-04T12:57:15.56798
2025-09-04,40357,2025090404006976,RADHI,South Asian Bulls Pvt. Ltd.,Online Securities Pvt. Ltd.,40,750.2,30008.0,2025-09-04T12:57:34.364633
2025-09-04,40067,2025090404007043,RADHI,South Asian Bulls Pvt. Ltd.,Agrawal Securities (PVT) Ltd.,290,750.2,217558.0,2025-09-04T12:58:42.77812
2025-09-04,39754,2025090404007115,RADHI,Sagarmatha Securities Private Limited,J.F. Securites (PVT) Ltd.,20,751.0,15020.0,2025-09-04T13:00:05.175109
2025-09-04,39591,2025090404007157,RADHI,Nepal Stock House (PVT) Ltd.,BHOLE GANESH SECURITIES LTD,63,750.9,47306.7,2025-09-04T13:00:36.840358
2025-09-04,39590,2025090404007158,RADHI,Nepal Stock House (PVT) Ltd.,J.F. Securites (PVT) Ltd.,180,751.0,135180.0,2025-09-04T13:00:36.84058
2025-09-04,39589,2025090404007159,RADHI,Nepal Stock House (PVT) Ltd.,Sweta Securities Private Limited,57,751.5,42835.5,2025-09-04T13:00:36.840667
2025-09-04,39519,2025090404007177,RADHI,Nepal Stock House (PVT) Ltd.,Sweta Securities Private Limited,93,751.5,69889.5,2025-09-04T13:00:53.18852
2025-09-04,38779,2025090404007418,RADHI,Sagarmatha Securities Private Limited,Naasa Securities Co. Ltd.,20,750.7,15014.0,2025-09-04T13:03:44.98711
2025-09-04,38778,2025090404007419,RADHI,Sajilo Broker Limited,Naasa Securities Co. Ltd.,24,750.7,18016.8,2025-09-04T13:03:44.987424
2025-09-04,38473,2025090404007466,RADHI,Nagarik Stock Dealer ,Premier Securities Company Ltd.,250,751.0,187750.0,2025-09-04T13:05:00.831959
2025-09-04,37996,2025090404007595,RADHI,Nagarik Stock Dealer ,Imperial Securities Company Pvt. Ltd.,405,751.5,304357.5,2025-09-04T13:06:32.115755
2025-09-04,37988,2025090404007602,RADHI,Agrawal Securities (PVT) Ltd.,Kumari Securities Private Limited,10,750.9,7509.0,2025-09-04T13:06:34.064337
2025-09-04,37987,2025090404007603,RADHI,Agrawal Securities (PVT) Ltd.,Kumari Securities Private Limited,20,750.8,15016.0,2025-09-04T13:06:34.064622
2025-09-04,37588,2025090404007676,RADHI,Sajilo Broker Limited,Naasa Securities Co. Ltd.,26,750.7,19518.2,2025-09-04T13:08:04.185661
2025-09-04,37587,2025090404007677,RADHI,Agrawal Securities (PVT) Ltd.,Naasa Securities Co. Ltd.,20,750.7,15014.0,2025-09-04T13:08:04.185919
2025-09-04,37586,2025090404007678,RADHI,Vision Securities Pvt. Ltd,Naasa Securities Co. Ltd.,14,750.7,10509.8,2025-09-04T13:08:04.186012
2025-09-04,37262,2025090404007791,RADHI,Imperial Securities Company Pvt. Ltd.,Nagarik Stock Dealer ,20,751.0,15020.0,2025-09-04T13:09:13.506045
2025-09-04,36942,2025090404007867,RADHI,Agrawal Securities (PVT) Ltd.,Imperial Securities Company Pvt. Ltd.,20,750.9,15018.0,2025-09-04T13:10:36.763589
2025-09-04,36927,2025090404007874,RADHI,Global IME Securities Limited,Imperial Securities Company Pvt. Ltd.,45,750.9,33790.5,2025-09-04T13:10:40.421526
2025-09-04,36922,2025090404007876,RADHI,Agrawal Securities (PVT) Ltd.,Stoxkarts Securities Limited,30,750.8,22524.0,2025-09-04T13:10:43.164726
2025-09-04,36921,2025090404007877,RADHI,Vision Securities Pvt. Ltd,Stoxkarts Securities Limited,35,750.7,26274.5,2025-09-04T13:10:43.16497
2025-09-04,36597,2025090404007936,RADHI,Imperial Securities Company Pvt. Ltd.,Agrawal Securities (PVT) Ltd.,100,750.9,75090.0,2025-09-04T13:12:01.463508
2025-09-04,36580,2025090404007942,RADHI,Imperial Securities Company Pvt. Ltd.,BHOLE GANESH SECURITIES LTD,523,750.9,392720.7,2025-09-04T13:12:04.613326
2025-09-04,36536,2025090404007955,RADHI,Trishakti Securities Public Limited,N.M.B. SECURITIES LIMITED,30,752.0,22560.0,2025-09-04T13:12:16.798901
2025-09-04,36535,2025090404007956,RADHI,Trishakti Securities Public Limited,Naasa Securities Co. Ltd.,38,752.0,28576.0,2025-09-04T13:12:16.799115
2025-09-04,36534,2025090404007957,RADHI,Trishakti Securities Public Limited,Aryatara Investment & Securities,10,753.0,7530.0,2025-09-04T13:12:16.799204
2025-09-04,36533,2025090404007958,RADHI,Trishakti Securities Public Limited,Sajilo Broker Limited,100,754.0,75400.0,2025-09-04T13:12:16.79929
2025-09-04,36532,2025090404007959,RADHI,Trishakti Securities Public Limited,Vision Securities Pvt. Ltd,1000,754.0,754000.0,2025-09-04T13:12:16.799389
2025-09-04,36531,2025090404007960,RADHI,Trishakti Securities Public Limited,ABC Securities Private Limited,100,755.0,75500.0,2025-09-04T13:12:16.799603
2025-09-04,36530,2025090404007961,RADHI,Trishakti Securities Public Limited,Sani Securities Company Ltd.,222,755.0,167610.0,2025-09-04T13:12:16.7997
2025-09-04,36357,2025090404007992,RADHI,Trishakti Securities Public Limited,Capital Max Securities Ltd,500,751.0,375500.0,2025-09-04T13:13:07.631468
2025-09-04,34732,2025090404008299,RADHI,Agrawal Securities (PVT) Ltd.,Imperial Securities Company Pvt. Ltd.,10,752.1,7521.0,2025-09-04T13:20:34.423983
2025-09-04,34731,2025090404008300,RADHI,Agrawal Securities (PVT) Ltd.,Imperial Securities Company Pvt. Ltd.,15,752.0,11280.0,2025-09-04T13:20:34.424418
2025-09-04,34730,2025090404008301,RADHI,Agrawal Securities (PVT) Ltd.,Imperial Securities Company Pvt. Ltd.,20,751.9,15038.0,2025-09-04T13:20:34.424687
2025-09-04,34729,2025090404008302,RADHI,Agrawal Securities (PVT) Ltd.,Imperial Securities Company Pvt. Ltd.,10,751.8,7518.0,2025-09-04T13:20:34.424948
2025-09-04,34728,2025090404008303,RADHI,Agrawal Securities (PVT) Ltd.,Imperial Securities Company Pvt. Ltd.,20,751.7,15034.0,2025-09-04T13:20:34.425206
2025-09-04,34727,2025090404008304,RADHI,Agrawal Securities (PVT) Ltd.,Imperial Securities Company Pvt. Ltd.,30,751.6,22548.0,2025-09-04T13:20:34.425474
2025-09-04,34726,2025090404008305,RADHI,Agrawal Securities (PVT) Ltd.,Imperial Securities Company Pvt. Ltd.,25,751.5,18787.5,2025-09-04T13:20:34.425731
2025-09-04,34725,2025090404008306,RADHI,Trishakti Securities Public Limited,Imperial Securities Company Pvt. Ltd.,270,751.5,202905.0,2025-09-04T13:20:34.426023
2025-09-04,34012,2025090404008481,RADHI,Aryatara Investment & Securities,Asian Securities Private Ltd.,100,753.0,75300.0,2025-09-04T13:23:58.542076
2025-09-04,32760,2025090404008723,RADHI,Primo Securities (PVT) Ltd.,Asian Securities Private Ltd.,400,753.0,301200.0,2025-09-04T13:28:49.095794
2025-09-04,32759,2025090404008724,RADHI,Primo Securities (PVT) Ltd.,Siprabi Securities Pvt. Ltd.,28,753.0,21084.0,2025-09-04T13:28:49.096213
2025-09-04,32758,2025090404008725,RADHI,Primo Securities (PVT) Ltd.,Nagarik Stock Dealer ,30,754.0,22620.0,2025-09-04T13:28:49.096519
2025-09-04,32757,2025090404008726,RADHI,Primo Securities (PVT) Ltd.,Shree Krishna Securities Ltd.,42,754.0,31668.0,2025-09-04T13:28:49.096787
2025-09-04,32313,2025090404008846,RADHI,Agrawal Securities (PVT) Ltd.,Dakshinkali Investment & Securities Pvt. Ltd.,10,752.0,7520.0,2025-09-04T13:31:13.737126
2025-09-04,32312,2025090404008847,RADHI,Agrawal Securities (PVT) Ltd.,Dakshinkali Investment & Securities Pvt. Ltd.,10,751.9,7519.0,2025-09-04T13:31:13.73718
2025-09-04,32311,2025090404008848,RADHI,Agrawal Securities (PVT) Ltd.,Dakshinkali Investment & Securities Pvt. Ltd.,10,751.8,7518.0,2025-09-04T13:31:13.737211
2025-09-04,32310,2025090404008849,RADHI,Agrawal Securities (PVT) Ltd.,Dakshinkali Investment & Securities Pvt. Ltd.,10,751.7,7517.0,2025-09-04T13:31:13.737237
2025-09-04,32309,2025090404008850,RADHI,Agrawal Securities (PVT) Ltd.,Dakshinkali Investment & Securities Pvt. Ltd.,10,751.6,7516.0,2025-09-04T13:31:13.737268
2025-09-04,32308,2025090404008851,RADHI,Trishakti Securities Public Limited,Dakshinkali Investment & Securities Pvt. Ltd.,50,751.5,37575.0,2025-09-04T13:31:13.737301
2025-09-04,32097,2025090404008875,RADHI,Vision Securities Pvt. Ltd,Bhrikuti Stock Broking Co. Pvt. Ltd.,100,752.0,75200.0,2025-09-04T13:32:11.421444
2025-09-04,31975,2025090404008926,RADHI,Siprabi Securities Pvt. Ltd.,Bhrikuti Stock Broking Co. Pvt. Ltd.,200,752.0,150400.0,2025-09-04T13:32:44.071827
2025-09-04,31829,2025090404008965,RADHI,Siprabi Securities Pvt. Ltd.,Bhrikuti Stock Broking Co. Pvt. Ltd.,60,752.0,45120.0,2025-09-04T13:33:22.413909
2025-09-04,31452,2025090404009083,RADHI,Vision Securities Pvt. Ltd,Bhrikuti Stock Broking Co. Pvt. Ltd.,70,752.0,52640.0,2025-09-04T13:34:52.777294
2025-09-04,31269,2025090404009132,RADHI,Trishakti Securities Public Limited,Shree Krishna Securities Ltd.,132,754.0,99528.0,2025-09-04T13:35:37.993076
2025-09-04,27242,2025090404010033,RADHI,Agrawal Securities (PVT) Ltd.,N.M.B. SECURITIES LIMITED,10,752.1,7521.0,2025-09-04T13:51:04.121788
2025-09-04,27241,2025090404010034,RADHI,Vision Securities Pvt. Ltd,N.M.B. SECURITIES LIMITED,200,752.1,150420.0,2025-09-04T13:51:04.122248
2025-09-04,27240,2025090404010035,RADHI,Agrawal Securities (PVT) Ltd.,N.M.B. SECURITIES LIMITED,10,752.0,7520.0,2025-09-04T13:51:04.122589
2025-09-04,27239,2025090404010036,RADHI,Agrawal Securities (PVT) Ltd.,N.M.B. SECURITIES LIMITED,10,751.9,7519.0,2025-09-04T13:51:04.122879
2025-09-04,27238,2025090404010037,RADHI,Agrawal Securities (PVT) Ltd.,N.M.B. SECURITIES LIMITED,10,751.8,7518.0,2025-09-04T13:51:04.123164
2025-09-04,27237,2025090404010038,RADHI,Agrawal Securities (PVT) Ltd.,N.M.B. SECURITIES LIMITED,10,751.7,7517.0,2025-09-04T13:51:04.123462
2025-09-04,27236,2025090404010039,RADHI,Capital Max Securities Ltd,N.M.B. SECURITIES LIMITED,850,751.7,638945.0,2025-09-04T13:51:04.123745
2025-09-04,26703,2025090404010169,RADHI,Capital Max Securities Ltd,Magnet Securities and Investment Company Private Limited,150,751.7,112755.0,2025-09-04T13:53:00.553521
2025-09-04,26702,2025090404010170,RADHI,Vision Securities Pvt. Ltd,Magnet Securities and Investment Company Private Limited,100,751.6,75160.0,2025-09-04T13:53:00.553831
2025-09-04,26701,2025090404010171,RADHI,Trishakti Securities Public Limited,Magnet Securities and Investment Company Private Limited,100,751.5,75150.0,2025-09-04T13:53:00.553927
2025-09-04,25962,2025090404010371,RADHI,Trishakti Securities Public Limited,Nabil Stock Dealer Ltd.,15,751.5,11272.5,2025-09-04T13:56:00.521417
2025-09-04,25612,2025090404010471,RADHI,Trishakti Securities Public Limited,Sharepro Securities Private Limited,65,751.5,48847.5,2025-09-04T13:57:40.502685
2025-09-04,25424,2025090404010511,RADHI,Trishakti Securities Public Limited,Sharepro Securities Private Limited,435,751.5,326902.5,2025-09-04T13:58:34.96544
2025-09-04,25299,2025090404010537,RADHI,Trishakti Securities Public Limited,Deevyaa Securities & Stock House Pvt. Ltd,20,751.5,15030.0,2025-09-04T13:59:06.899678
2025-09-04,25246,2025090404010553,RADHI,Trishakti Securities Public Limited,Agrawal Securities (PVT) Ltd.,90,753.0,67770.0,2025-09-04T13:59:19.173123
2025-09-04,25245,2025090404010554,RADHI,Trishakti Securities Public Limited,Kumari Securities Private Limited,500,753.0,376500.0,2025-09-04T13:59:19.173652
2025-09-04,25244,2025090404010555,RADHI,Trishakti Securities Public Limited,Shree Krishna Securities Ltd.,276,754.0,208104.0,2025-09-04T13:59:19.173983
2025-09-04,25243,2025090404010556,RADHI,Trishakti Securities Public Limited,Bhrikuti Stock Broking Co. Pvt. Ltd.,56,754.0,42224.0,2025-09-04T13:59:19.174271
2025-09-04,25242,2025090404010557,RADHI,Trishakti Securities Public Limited,Online Securities Pvt. Ltd.,100,754.0,75400.0,2025-09-04T13:59:19.174576
2025-09-04,25241,2025090404010558,RADHI,Trishakti Securities Public Limited,Aryatara Investment & Securities,300,754.0,226200.0,2025-09-04T13:59:19.174712
2025-09-04,25240,2025090404010559,RADHI,Trishakti Securities Public Limited,Imperial Securities Company Pvt. Ltd.,400,754.0,301600.0,2025-09-04T13:59:19.174814
2025-09-04,24726,2025090404010711,RADHI,Trishakti Securities Public Limited,Sani Securities Company Ltd.,45,755.0,33975.0,2025-09-04T14:01:17.933591
2025-09-04,24095,2025090404010852,RADHI,Trishakti Securities Public Limited,Cristal Kanchanjanga Securites Pvt. Ltd.,278,754.0,209612.0,2025-09-04T14:03:24.881144
2025-09-04,23556,2025090404010964,RADHI,Vision Securities Pvt. Ltd,Cristal Kanchanjanga Securites Pvt. Ltd.,222,754.0,167388.0,2025-09-04T14:05:30.767921
2025-09-04,23555,2025090404010965,RADHI,Vision Securities Pvt. Ltd,N.I.M.B. Stock Markets Limited,729,754.9,550322.1,2025-09-04T14:05:30.768212
2025-09-04,23470,2025090404010982,RADHI,South Asian Bulls Pvt. Ltd.,Arun Securities (PVT) Ltd.,100,754.0,75400.0,2025-09-04T14:05:48.082043
2025-09-04,23469,2025090404010983,RADHI,South Asian Bulls Pvt. Ltd.,N.I.M.B. Stock Markets Limited,471,754.9,355557.9,2025-09-04T14:05:48.082304
2025-09-04,23298,2025090404011024,RADHI,N.M.B. SECURITIES LIMITED,Sani Securities Company Ltd.,17,755.0,12835.0,2025-09-04T14:06:33.413786
2025-09-04,23297,2025090404011025,RADHI,N.M.B. SECURITIES LIMITED,Siprabi Securities Pvt. Ltd.,11,755.0,8305.0,2025-09-04T14:06:33.414054
2025-09-04,23296,2025090404011026,RADHI,N.M.B. SECURITIES LIMITED,Online Securities Pvt. Ltd.,12,755.0,9060.0,2025-09-04T14:06:33.414152
2025-09-04,23295,2025090404011027,RADHI,N.M.B. SECURITIES LIMITED,Vision Securities Pvt. Ltd,100,755.0,75500.0,2025-09-04T14:06:33.41425
2025-09-04,23294,2025090404011028,RADHI,N.M.B. SECURITIES LIMITED,Trisul Securities & Invt. Ltd.,500,756.0,378000.0,2025-09-04T14:06:33.414359
2025-09-04,23293,2025090404011029,RADHI,N.M.B. SECURITIES LIMITED,Online Securities Pvt. Ltd.,300,756.0,226800.0,2025-09-04T14:06:33.414455
2025-09-04,23292,2025090404011030,RADHI,N.M.B. SECURITIES LIMITED,Sumeru Securities Pvt. Ltd.,1000,757.0,757000.0,2025-09-04T14:06:33.41455
2025-09-04,23291,2025090404011031,RADHI,N.M.B. SECURITIES LIMITED,Nagarik Stock Dealer ,655,757.0,495835.0,2025-09-04T14:06:33.414658
2025-09-04,23290,2025090404011032,RADHI,N.M.B. SECURITIES LIMITED,Vision Securities Pvt. Ltd,22,757.0,16654.0,2025-09-04T14:06:33.414755
2025-09-04,21630,2025090404011446,RADHI,R.B.B. Securities Company Ltd,Sharepro Securities Private Limited,400,753.0,301200.0,2025-09-04T14:12:53.804833
2025-09-04,21301,2025090404011543,RADHI,Aakashbhairab Securities Ltd.,Shree Krishna Securities Ltd.,450,753.0,338850.0,2025-09-04T14:14:05.225401
2025-09-04,21300,2025090404011544,RADHI,South Asian Bulls Pvt. Ltd.,Shree Krishna Securities Ltd.,550,752.9,414095.0,2025-09-04T14:14:05.22548
2025-09-04,20894,2025090404011633,RADHI,Deevyaa Securities & Stock House Pvt. Ltd,Arun Securities (PVT) Ltd.,1000,753.0,753000.0,2025-09-04T14:15:44.550412
2025-09-04,20732,2025090404011670,RADHI,South Asian Bulls Pvt. Ltd.,Arun Securities (PVT) Ltd.,379,752.9,285349.1,2025-09-04T14:16:15.078581
2025-09-04,20731,2025090404011671,RADHI,Vision Securities Pvt. Ltd,Arun Securities (PVT) Ltd.,1000,752.9,752900.0,2025-09-04T14:16:15.078843
2025-09-04,20730,2025090404011672,RADHI,Agrawal Securities (PVT) Ltd.,Arun Securities (PVT) Ltd.,10,752.8,7528.0,2025-09-04T14:16:15.078946
2025-09-04,20729,2025090404011673,RADHI,South Asian Bulls Pvt. Ltd.,Arun Securities (PVT) Ltd.,1000,752.8,752800.0,2025-09-04T14:16:15.079047
2025-09-04,20728,2025090404011674,RADHI,Agrawal Securities (PVT) Ltd.,Arun Securities (PVT) Ltd.,10,752.6,7526.0,2025-09-04T14:16:15.079204
2025-09-04,20727,2025090404011675,RADHI,Agrawal Securities (PVT) Ltd.,Arun Securities (PVT) Ltd.,10,752.5,7525.0,2025-09-04T14:16:15.079332
2025-09-04,20726,2025090404011676,RADHI,Agrawal Securities (PVT) Ltd.,Arun Securities (PVT) Ltd.,10,752.4,7524.0,2025-09-04T14:16:15.079431
2025-09-04,20725,2025090404011677,RADHI,Agrawal Securities (PVT) Ltd.,Arun Securities (PVT) Ltd.,10,752.3,7523.0,2025-09-04T14:16:15.079525
2025-09-04,20724,2025090404011678,RADHI,Agrawal Securities (PVT) Ltd.,Arun Securities (PVT) Ltd.,10,752.2,7522.0,2025-09-04T14:16:15.079636
2025-09-04,20723,2025090404011679,RADHI,Aakashbhairab Securities Ltd.,Arun Securities (PVT) Ltd.,10,752.2,7522.0,2025-09-04T14:16:15.079744
2025-09-04,20722,2025090404011680,RADHI,Kumari Securities Private Limited,Arun Securities (PVT) Ltd.,50,752.0,37600.0,2025-09-04T14:16:15.079842
2025-09-04,20721,2025090404011681,RADHI,Vision Securities Pvt. Ltd,Arun Securities (PVT) Ltd.,101,752.0,75952.0,2025-09-04T14:16:15.079931
2025-09-04,20067,2025090404011836,RADHI,Kohinoor Investment & Securities Pvt. Ltd.,Deevyaa Securities & Stock House Pvt. Ltd,10,756.0,7560.0,2025-09-04T14:18:17.969639
2025-09-04,19781,2025090404011914,RADHI,South Asian Bulls Pvt. Ltd.,Deevyaa Securities & Stock House Pvt. Ltd,50,756.0,37800.0,2025-09-04T14:19:22.696421
2025-09-04,19696,2025090404011933,RADHI,Sajilo Broker Limited,Sajilo Broker Limited,1500,753.1,1129650.0,2025-09-04T14:19:42.842774
2025-09-04,19550,2025090404011957,RADHI,Sajilo Broker Limited,Sajilo Broker Limited,1500,753.1,1129650.0,2025-09-04T14:20:07.915387
2025-09-04,19210,2025090404012049,RADHI,Aryatara Investment & Securities,Nagarik Stock Dealer ,250,753.0,188250.0,2025-09-04T14:21:20.100532
2025-09-04,19209,2025090404012050,RADHI,Deevyaa Securities & Stock House Pvt. Ltd,Nagarik Stock Dealer ,200,753.0,150600.0,2025-09-04T14:21:20.100996
2025-09-04,19208,2025090404012051,RADHI,Dipshikha Dhitopatra Karobar Co. Pvt Ltd.,Nagarik Stock Dealer ,250,753.0,188250.0,2025-09-04T14:21:20.101292
2025-09-04,19207,2025090404012052,RADHI,Sani Securities Company Ltd.,Nagarik Stock Dealer ,100,753.0,75300.0,2025-09-04T14:21:20.101599
2025-09-04,18597,2025090404012177,RADHI,Sani Securities Company Ltd.,Sharepro Securities Private Limited,20,753.0,15060.0,2025-09-04T14:23:34.958361
2025-09-04,18133,2025090404012295,RADHI,Kohinoor Investment & Securities Pvt. Ltd.,ABC Securities Private Limited,7,744.0,5208.0,2025-09-04T14:25:07.319894
2025-09-04,17995,2025090404012320,RADHI,Kohinoor Investment & Securities Pvt. Ltd.,Kohinoor Investment & Securities Pvt. Ltd.,1,750.1,750.1,2025-09-04T14:25:43.542749
2025-09-04,17955,2025090404012331,RADHI,Kohinoor Investment & Securities Pvt. Ltd.,Kumari Securities Private Limited,2,750.7,1501.4,2025-09-04T14:25:55.614486
2025-09-04,17498,2025090404012424,RADHI,Trishakti Securities Public Limited,Agrawal Securities (PVT) Ltd.,100,753.0,75300.0,2025-09-04T14:27:29.9969
2025-09-04,17447,2025090404012430,RADHI,Vision Securities Pvt. Ltd,Vision Securities Pvt. Ltd,150,755.9,113385.0,2025-09-04T14:27:39.689067
2025-09-04,17446,2025090404012431,RADHI,Vision Securities Pvt. Ltd,Deevyaa Securities & Stock House Pvt. Ltd,140,756.0,105840.0,2025-09-04T14:27:39.68957
2025-09-04,17445,2025090404012432,RADHI,Vision Securities Pvt. Ltd,Vision Securities Pvt. Ltd,78,756.0,58968.0,2025-09-04T14:27:39.689912
2025-09-04,17444,2025090404012433,RADHI,Vision Securities Pvt. Ltd,Vision Securities Pvt. Ltd,632,756.0,477792.0,2025-09-04T14:27:39.690227
2025-09-04,17219,2025090404012489,RADHI,South Asian Bulls Pvt. Ltd.,Dakshinkali Investment & Securities Pvt. Ltd.,10,752.3,7523.0,2025-09-04T14:28:30.545798
2025-09-04,17065,2025090404012531,RADHI,Primo Securities (PVT) Ltd.,South Asian Bulls Pvt. Ltd.,1000,753.0,753000.0,2025-09-04T14:28:52.291679
2025-09-04,17064,2025090404012532,RADHI,Vision Securities Pvt. Ltd,Aryatara Investment & Securities,600,755.0,453000.0,2025-09-04T14:28:52.499577
2025-09-04,17063,2025090404012533,RADHI,Vision Securities Pvt. Ltd,Vision Securities Pvt. Ltd,68,756.0,51408.0,2025-09-04T14:28:52.499857
2025-09-04,17062,2025090404012534,RADHI,Vision Securities Pvt. Ltd,Linch Stock Market Ltd.,100,756.0,75600.0,2025-09-04T14:28:52.499962
2025-09-04,17061,2025090404012535,RADHI,Vision Securities Pvt. Ltd,Thrive Brokerage House Pvt. Ltd,70,757.0,52990.0,2025-09-04T14:28:52.50006
2025-09-04,17060,2025090404012536,RADHI,Vision Securities Pvt. Ltd,Ashutosh Brokerage & Securities (PVT) Ltd.,501,757.0,379257.0,2025-09-04T14:28:52.500161
2025-09-04,17059,2025090404012537,RADHI,Vision Securities Pvt. Ltd,Sweta Securities Private Limited,150,757.6,113640.0,2025-09-04T14:28:52.500258
2025-09-04,17058,2025090404012538,RADHI,Vision Securities Pvt. Ltd,Ashutosh Brokerage & Securities (PVT) Ltd.,10,757.7,7577.0,2025-09-04T14:28:52.500371
2025-09-04,17057,2025090404012539,RADHI,Vision Securities Pvt. Ltd,Ashutosh Brokerage & Securities (PVT) Ltd.,10,757.8,7578.0,2025-09-04T14:28:52.500467
2025-09-04,17056,2025090404012540,RADHI,Vision Securities Pvt. Ltd,Vision Securities Pvt. Ltd,200,757.8,151560.0,2025-09-04T14:28:52.500563
2025-09-04,17055,2025090404012541,RADHI,Vision Securities Pvt. Ltd,Ashutosh Brokerage & Securities (PVT) Ltd.,200,757.9,151580.0,2025-09-04T14:28:52.500655
2025-09-04,17054,2025090404012542,RADHI,Vision Securities Pvt. Ltd,Kohinoor Investment & Securities Pvt. Ltd.,200,758.0,151600.0,2025-09-04T14:28:52.500753
2025-09-04,17053,2025090404012543,RADHI,Vision Securities Pvt. Ltd,Sajilo Broker Limited,100,758.0,75800.0,2025-09-04T14:28:52.500852
2025-09-04,17052,2025090404012544,RADHI,Vision Securities Pvt. Ltd,Sumeru Securities Pvt. Ltd.,42,758.0,31836.0,2025-09-04T14:28:52.501125
2025-09-04,16968,2025090404012568,RADHI,Vision Securities Pvt. Ltd,Sri Hari Securities Pvt. Ltd.,1000,759.8,759800.0,2025-09-04T14:29:03.641782
2025-09-04,16789,2025090404012610,RADHI,Sundhara Securities Limited,Capital Max Securities Ltd,1000,760.0,760000.0,2025-09-04T14:29:34.636823
2025-09-04,16788,2025090404012611,RADHI,Sundhara Securities Limited,Thrive Brokerage House Pvt. Ltd,500,760.0,380000.0,2025-09-04T14:29:34.637138
2025-09-04,16787,2025090404012612,RADHI,Sundhara Securities Limited,Linch Stock Market Ltd.,10,760.0,7600.0,2025-09-04T14:29:34.637244
2025-09-04,16786,2025090404012613,RADHI,Sundhara Securities Limited,Trishakti Securities Public Limited,40,760.0,30400.0,2025-09-04T14:29:34.637359
2025-09-04,16785,2025090404012614,RADHI,Sundhara Securities Limited,Blue Chip Securities Ltd,450,760.0,342000.0,2025-09-04T14:29:34.637458
2025-09-04,16611,2025090404012680,RADHI,Kohinoor Investment & Securities Pvt. Ltd.,Dipshikha Dhitopatra Karobar Co. Pvt Ltd.,1,751.1,751.1,2025-09-04T14:30:10.181031
2025-09-04,16545,2025090404012691,RADHI,Kohinoor Investment & Securities Pvt. Ltd.,Primo Securities (PVT) Ltd.,1,751.5,751.5,2025-09-04T14:30:22.244396
2025-09-04,16533,2025090404012695,RADHI,Vision Securities Pvt. Ltd,Blue Chip Securities Ltd,500,760.0,380000.0,2025-09-04T14:30:26.389627
2025-09-04,16479,2025090404012707,RADHI,Kohinoor Investment & Securities Pvt. Ltd.,Dynamic Money Managers Securities Pvt. Ltd.,4,752.0,3008.0,2025-09-04T14:30:37.396757
2025-09-04,16455,2025090404012721,RADHI,Vision Securities Pvt. Ltd,Blue Chip Securities Ltd,635,760.0,482600.0,2025-09-04T14:30:42.543637
2025-09-04,16454,2025090404012722,RADHI,Vision Securities Pvt. Ltd,Dakshinkali Investment & Securities Pvt. Ltd.,13,760.0,9880.0,2025-09-04T14:30:42.543895
2025-09-04,16433,2025090404012726,RADHI,Kohinoor Investment & Securities Pvt. Ltd.,Secured Securities Ltd.,9,752.0,6768.0,2025-09-04T14:30:45.442668
2025-09-04,16233,2025090404012767,RADHI,Naasa Securities Co. Ltd.,Dakshinkali Investment & Securities Pvt. Ltd.,382,760.0,290320.0,2025-09-04T14:31:20.956762
2025-09-04,16232,2025090404012768,RADHI,Naasa Securities Co. Ltd.,Vision Securities Pvt. Ltd,104,760.0,79040.0,2025-09-04T14:31:20.956847
2025-09-04,16231,2025090404012769,RADHI,Naasa Securities Co. Ltd.,Investment Management Nepal Pvt. Ltd.,20,760.0,15200.0,2025-09-04T14:31:20.95688
2025-09-04,16230,2025090404012770,RADHI,Naasa Securities Co. Ltd.,R.B.B. Securities Company Ltd,200,760.0,152000.0,2025-09-04T14:31:20.956922
2025-09-04,16229,2025090404012771,RADHI,Naasa Securities Co. Ltd.,Sweta Securities Private Limited,43,760.0,32680.0,2025-09-04T14:31:20.956954
2025-09-04,16228,2025090404012772,RADHI,Naasa Securities Co. Ltd.,Sumeru Securities Pvt. Ltd.,50,760.0,38000.0,2025-09-04T14:31:20.956986
2025-09-04,16227,2025090404012773,RADHI,Naasa Securities Co. Ltd.,Imperial Securities Company Pvt. Ltd.,120,760.0,91200.0,2025-09-04T14:31:20.957014
2025-09-04,16226,2025090404012774,RADHI,Naasa Securities Co. Ltd.,Trisul Securities & Invt. Ltd.,81,760.0,61560.0,2025-09-04T14:31:20.957049
2025-09-04,16025,2025090404012831,RADHI,South Asian Bulls Pvt. Ltd.,Agrawal Securities (PVT) Ltd.,50,759.9,37995.0,2025-09-04T14:31:50.897162
2025-09-04,16024,2025090404012832,RADHI,South Asian Bulls Pvt. Ltd.,Trisul Securities & Invt. Ltd.,419,760.0,318440.0,2025-09-04T14:31:50.897426
2025-09-04,16023,2025090404012833,RADHI,South Asian Bulls Pvt. Ltd.,Kumari Securities Private Limited,21,760.0,15960.0,2025-09-04T14:31:50.897528
2025-09-04,15962,2025090404012848,RADHI,Imperial Securities Company Pvt. Ltd.,Kumari Securities Private Limited,979,760.0,744040.0,2025-09-04T14:32:04.833989
2025-09-04,15961,2025090404012849,RADHI,Imperial Securities Company Pvt. Ltd.,Arun Securities (PVT) Ltd.,21,760.0,15960.0,2025-09-04T14:32:04.834226
2025-09-04,15930,2025090404012857,RADHI,Cristal Kanchanjanga Securites Pvt. Ltd.,Arun Securities (PVT) Ltd.,314,760.0,238640.0,2025-09-04T14:32:13.5099
2025-09-04,15929,2025090404012858,RADHI,Cristal Kanchanjanga Securites Pvt. Ltd.,Imperial Securities Company Pvt. Ltd.,100,760.0,76000.0,2025-09-04T14:32:13.510206
2025-09-04,15928,2025090404012859,RADHI,Cristal Kanchanjanga Securites Pvt. Ltd.,Indira securities pvt. ltd,100,760.0,76000.0,2025-09-04T14:32:13.510337
2025-09-04,15927,2025090404012860,RADHI,Cristal Kanchanjanga Securites Pvt. Ltd.,Imperial Securities Company Pvt. Ltd.,100,760.0,76000.0,2025-09-04T14:32:13.510435
2025-09-04,15926,2025090404012861,RADHI,Cristal Kanchanjanga Securites Pvt. Ltd.,Malla & Malla Stock Broking Company Pvt. Limited,386,760.0,293360.0,2025-09-04T14:32:13.510531
2025-09-04,15309,2025090404013017,RADHI,Online Securities Pvt. Ltd.,Malla & Malla Stock Broking Company Pvt. Limited,110,760.0,83600.0,2025-09-04T14:33:51.114401
2025-09-04,15235,2025090404013051,RADHI,Aryatara Investment & Securities,Malla & Malla Stock Broking Company Pvt. Limited,144,760.0,109440.0,2025-09-04T14:33:57.612617
2025-09-04,15063,2025090404013100,RADHI,Vision Securities Pvt. Ltd,Trishakti Securities Public Limited,30,762.0,22860.0,2025-09-04T14:34:27.47509
2025-09-04,15062,2025090404013101,RADHI,Vision Securities Pvt. Ltd,Trishakti Securities Public Limited,1000,762.1,762100.0,2025-09-04T14:34:27.475202
2025-09-04,15061,2025090404013102,RADHI,Vision Securities Pvt. Ltd,Sweta Securities Private Limited,100,762.5,76250.0,2025-09-04T14:34:27.475272
2025-09-04,15060,2025090404013103,RADHI,Vision Securities Pvt. Ltd,Secured Securities Ltd.,100,763.0,76300.0,2025-09-04T14:34:27.47538
2025-09-04,15059,2025090404013104,RADHI,Vision Securities Pvt. Ltd,Magnet Securities and Investment Company Private Limited,50,763.9,38195.0,2025-09-04T14:34:27.475457
2025-09-04,15058,2025090404013105,RADHI,Vision Securities Pvt. Ltd,Vision Securities Pvt. Ltd,500,763.9,381950.0,2025-09-04T14:34:27.475533
2025-09-04,15057,2025090404013106,RADHI,Vision Securities Pvt. Ltd,Oxford Securities Pvt. Ltd.,200,765.0,153000.0,2025-09-04T14:34:27.475607
2025-09-04,15056,2025090404013107,RADHI,Vision Securities Pvt. Ltd,Deevyaa Securities & Stock House Pvt. Ltd,20,765.0,15300.0,2025-09-04T14:34:27.475683
2025-09-04,14946,2025090404013147,RADHI,Vision Securities Pvt. Ltd,Malla & Malla Stock Broking Company Pvt. Limited,100,764.0,76400.0,2025-09-04T14:34:51.727241
2025-09-04,14945,2025090404013148,RADHI,Kohinoor Investment & Securities Pvt. Ltd.,Sweta Securities Private Limited,1,751.1,751.1,2025-09-04T14:34:51.813032
2025-09-04,14915,2025090404013161,RADHI,Aryatara Investment & Securities,Dipshikha Dhitopatra Karobar Co. Pvt Ltd.,50,760.0,38000.0,2025-09-04T14:34:56.649894
2025-09-04,14740,2025090404013217,RADHI,Kohinoor Investment & Securities Pvt. Ltd.,Agrawal Securities (PVT) Ltd.,1,753.0,753.0,2025-09-04T14:35:22.022306
2025-09-04,14704,2025090404013231,RADHI,Aakashbhairab Securities Ltd.,Sajilo Broker Limited,100,764.0,76400.0,2025-09-04T14:35:26.023085
2025-09-04,14226,2025090404013317,RADHI,Aryatara Investment & Securities,Cristal Kanchanjanga Securites Pvt. Ltd.,100,763.0,76300.0,2025-09-04T14:36:21.072153
2025-09-04,14156,2025090404013340,RADHI,Aryatara Investment & Securities,Naasa Securities Co. Ltd.,806,761.0,613366.0,2025-09-04T14:36:36.66799
2025-09-04,14130,2025090404013345,RADHI,Vision Securities Pvt. Ltd,Naasa Securities Co. Ltd.,700,760.5,532350.0,2025-09-04T14:36:43.731324
2025-09-04,14129,2025090404013346,RADHI,Deevyaa Securities & Stock House Pvt. Ltd,Naasa Securities Co. Ltd.,100,760.1,76010.0,2025-09-04T14:36:43.731593
2025-09-04,14128,2025090404013347,RADHI,Aryatara Investment & Securities,Naasa Securities Co. Ltd.,61,760.0,46360.0,2025-09-04T14:36:43.731692
2025-09-04,13853,2025090404013425,RADHI,Cristal Kanchanjanga Securites Pvt. Ltd.,Ashutosh Brokerage & Securities (PVT) Ltd.,10,759.9,7599.0,2025-09-04T14:37:22.514008
2025-09-04,13293,2025090404013581,RADHI,Vision Securities Pvt. Ltd,Naasa Securities Co. Ltd.,139,760.0,105640.0,2025-09-04T14:38:45.238401
2025-09-04,13292,2025090404013582,RADHI,Vision Securities Pvt. Ltd,Dipshikha Dhitopatra Karobar Co. Pvt Ltd.,150,760.0,114000.0,2025-09-04T14:38:45.238903
2025-09-04,12218,2025090404013807,RADHI,Online Securities Pvt. Ltd.,Naasa Securities Co. Ltd.,194,761.0,147634.0,2025-09-04T14:41:33.694848
2025-09-04,12217,2025090404013808,RADHI,Online Securities Pvt. Ltd.,N.M.B. SECURITIES LIMITED,200,763.0,152600.0,2025-09-04T14:41:33.695301
2025-09-04,12216,2025090404013809,RADHI,Online Securities Pvt. Ltd.,Malla & Malla Stock Broking Company Pvt. Limited,100,764.0,76400.0,2025-09-04T14:41:33.695608
2025-09-04,12165,2025090404013820,RADHI,Online Securities Pvt. Ltd.,Oxford Securities Pvt. Ltd.,90,764.0,68760.0,2025-09-04T14:41:40.763725
2025-09-04,12164,2025090404013821,RADHI,Online Securities Pvt. Ltd.,Asian Securities Private Ltd.,410,764.0,313240.0,2025-09-04T14:41:40.764
2025-09-04,12124,2025090404013832,RADHI,Online Securities Pvt. Ltd.,Asian Securities Private Ltd.,90,764.0,68760.0,2025-09-04T14:41:50.871892
2025-09-04,11909,2025090404013875,RADHI,Online Securities Pvt. Ltd.,Naasa Securities Co. Ltd.,50,764.3,38215.0,2025-09-04T14:42:18.187469
2025-09-04,11908,2025090404013876,RADHI,Online Securities Pvt. Ltd.,Cristal Kanchanjanga Securites Pvt. Ltd.,450,764.3,343935.0,2025-09-04T14:42:18.1877
2025-09-04,11801,2025090404013909,RADHI,South Asian Bulls Pvt. Ltd.,Ashutosh Brokerage & Securities (PVT) Ltd.,500,764.1,382050.0,2025-09-04T14:42:31.935414
2025-09-04,11788,2025090404013915,RADHI,Online Securities Pvt. Ltd.,S.P.S.A. Securities Limited,100,764.0,76400.0,2025-09-04T14:42:34.940779
2025-09-04,11607,2025090404013963,RADHI,Online Securities Pvt. Ltd.,Ashutosh Brokerage & Securities (PVT) Ltd.,200,764.0,152800.0,2025-09-04T14:42:56.034577
2025-09-04,11603,2025090404013964,RADHI,Online Securities Pvt. Ltd.,Sajilo Broker Limited,110,764.0,84040.0,2025-09-04T14:42:56.612546
2025-09-04,11512,2025090404013980,RADHI,Ashutosh Brokerage & Securities (PVT) Ltd.,Sajilo Broker Limited,50,764.0,38200.0,2025-09-04T14:43:14.110664
2025-09-04,11428,2025090404014009,RADHI,Vision Securities Pvt. Ltd,Ashutosh Brokerage & Securities (PVT) Ltd.,700,760.0,532000.0,2025-09-04T14:43:28.189476
2025-09-04,11023,2025090404014066,RADHI,Aryatara Investment & Securities,Sani Securities Company Ltd.,4,752.0,3008.0,2025-09-04T14:44:28.922287
2025-09-04,10983,2025090404014076,RADHI,Vision Securities Pvt. Ltd,Sharepro Securities Private Limited,10,760.0,7600.0,2025-09-04T14:44:36.337097
2025-09-04,10897,2025090404014089,RADHI,Aryatara Investment & Securities,Deevyaa Securities & Stock House Pvt. Ltd,5,753.0,3765.0,2025-09-04T14:44:50.217181
2025-09-04,10852,2025090404014104,RADHI,South Asian Bulls Pvt. Ltd.,Cristal Kanchanjanga Securites Pvt. Ltd.,12,763.9,9166.8,2025-09-04T14:44:58.154951
2025-09-04,10387,2025090404014211,RADHI,Aryatara Investment & Securities,Aryatara Investment & Securities,1,755.0,755.0,2025-09-04T14:46:04.975202
2025-09-04,9986,2025090404014290,RADHI,Vision Securities Pvt. Ltd,Ashutosh Brokerage & Securities (PVT) Ltd.,500,763.0,381500.0,2025-09-04T14:46:54.120964
2025-09-04,9914,2025090404014302,RADHI,Vision Securities Pvt. Ltd,Malla & Malla Stock Broking Company Pvt. Limited,100,763.0,76300.0,2025-09-04T14:47:02.120863
2025-09-04,9907,2025090404014305,RADHI,Vision Securities Pvt. Ltd,Cristal Kanchanjanga Securites Pvt. Ltd.,400,763.0,305200.0,2025-09-04T14:47:03.657947
2025-09-04,9800,2025090404014340,RADHI,Vision Securities Pvt. Ltd,Cristal Kanchanjanga Securites Pvt. Ltd.,50,763.0,38150.0,2025-09-04T14:47:15.154942
2025-09-04,8672,2025090404014632,RADHI,Online Securities Pvt. Ltd.,Blue Chip Securities Ltd,106,760.0,80560.0,2025-09-04T14:49:28.014496
2025-09-04,8671,2025090404014633,RADHI,R.B.B. Securities Company Ltd,Blue Chip Securities Ltd,394,760.0,299440.0,2025-09-04T14:49:28.014991
2025-09-04,8341,2025090404014722,RADHI,R.B.B. Securities Company Ltd,Sajilo Broker Limited,140,760.0,106400.0,2025-09-04T14:49:58.668777
2025-09-04,8237,2025090404014746,RADHI,R.B.B. Securities Company Ltd,Online Securities Pvt. Ltd.,66,760.0,50160.0,2025-09-04T14:50:08.81731
2025-09-04,8236,2025090404014747,RADHI,Miyo Securities Pvt Ltd,Online Securities Pvt. Ltd.,34,760.0,25840.0,2025-09-04T14:50:08.817576
2025-09-04,8147,2025090404014763,RADHI,Miyo Securities Pvt Ltd,Cristal Kanchanjanga Securites Pvt. Ltd.,88,760.0,66880.0,2025-09-04T14:50:20.646762
2025-09-04,8140,2025090404014764,RADHI,Miyo Securities Pvt Ltd,Online Securities Pvt. Ltd.,100,760.0,76000.0,2025-09-04T14:50:20.983468
2025-09-04,7831,2025090404014840,RADHI,Miyo Securities Pvt Ltd,APPLE SECURITIES PRIVATE LIMITED,378,760.0,287280.0,2025-09-04T14:50:57.659253
2025-09-04,7830,2025090404014841,RADHI,Deevyaa Securities & Stock House Pvt. Ltd,APPLE SECURITIES PRIVATE LIMITED,100,759.1,75910.0,2025-09-04T14:50:57.659519
2025-09-04,7829,2025090404014842,RADHI,J.F. Securites (PVT) Ltd.,APPLE SECURITIES PRIVATE LIMITED,500,759.1,379550.0,2025-09-04T14:50:57.659616
2025-09-04,7758,2025090404014865,RADHI,Himalayan Brokerage Company Limited,Capital Max Securities Ltd,100,759.0,75900.0,2025-09-04T14:51:09.332239
2025-09-04,7735,2025090404014870,RADHI,Asian Securities Private Ltd.,APPLE SECURITIES PRIVATE LIMITED,22,759.1,16700.2,2025-09-04T14:51:12.677662
2025-09-04,7353,2025090404014975,RADHI,Sanima Securities Limited,SUN SECURITIES PVT LTD,150,761.0,114150.0,2025-09-04T14:52:00.565236
2025-09-04,7225,2025090404015006,RADHI,Aryatara Investment & Securities,Magnet Securities and Investment Company Private Limited,1000,763.0,763000.0,2025-09-04T14:52:13.367449
2025-09-04,6851,2025090404015117,RADHI,Sanima Securities Limited,N.M.B. SECURITIES LIMITED,1050,762.0,800100.0,2025-09-04T14:52:52.709373
2025-09-04,6295,2025090404015248,RADHI,Asian Securities Private Ltd.,N.M.B. SECURITIES LIMITED,478,762.0,364236.0,2025-09-04T14:53:47.544016
2025-09-04,6177,2025090404015266,RADHI,Dynamic Money Managers Securities Pvt. Ltd.,N.M.B. SECURITIES LIMITED,1000,762.0,762000.0,2025-09-04T14:53:58.652954
2025-09-04,5161,2025090404015580,RADHI,Sanima Securities Limited,N.M.B. SECURITIES LIMITED,89,762.0,67818.0,2025-09-04T14:55:29.152727
2025-09-04,4888,2025090404015634,RADHI,Sumeru Securities Pvt. Ltd.,Trisul Securities & Invt. Ltd.,500,763.5,381750.0,2025-09-04T14:55:45.094425
2025-09-04,4023,2025090404015876,RADHI,Bhrikuti Stock Broking Co. Pvt. Ltd.,Ashutosh Brokerage & Securities (PVT) Ltd.,200,763.9,152780.0,2025-09-04T14:56:46.159279
2025-09-04,3821,2025090404015924,RADHI,Siprabi Securities Pvt. Ltd.,Vision Securities Pvt. Ltd,500,763.9,381950.0,2025-09-04T14:56:57.519779
2025-09-04,3695,2025090404015953,RADHI,Sanima Securities Limited,Vision Securities Pvt. Ltd,50,762.0,38100.0,2025-09-04T14:57:07.551563
2025-09-04,3555,2025090404016013,RADHI,Market Securities & Exchange (PVT) Ltd.,Nagarik Stock Dealer ,500,763.9,381950.0,2025-09-04T14:57:15.431027
2025-09-04,2876,2025090404016217,RADHI,Sumeru Securities Pvt. Ltd.,Ashutosh Brokerage & Securities (PVT) Ltd.,10,762.1,7621.0,2025-09-04T14:58:00.769062
2025-09-04,2841,2025090404016223,RADHI,Sumeru Securities Pvt. Ltd.,SUN SECURITIES PVT LTD,50,763.0,38150.0,2025-09-04T14:58:04.633673
2025-09-04,2671,2025090404016282,RADHI,Sumeru Securities Pvt. Ltd.,Nagarik Stock Dealer ,500,763.0,381500.0,2025-09-04T14:58:15.390897
2025-09-04,2437,2025090404016350,RADHI,Sumeru Securities Pvt. Ltd.,Magnet Securities and Investment Company Private Limited,450,763.0,343350.0,2025-09-04T14:58:30.148544
2025-09-04,1507,2025090404016640,RADHI,Sumeru Securities Pvt. Ltd.,Citizens Share Broker Limited,100,762.1,76210.0,2025-09-04T14:59:13.736972
2025-09-04,1359,2025090404016663,RADHI,Magnet Securities and Investment Company Private Limited,Magnet Securities and Investment Company Private Limited,50,763.0,38150.0,2025-09-04T14:59:18.303034
2025-09-04,1358,2025090404016664,RADHI,Magnet Securities and Investment Company Private Limited,Agrawal Securities (PVT) Ltd.,100,763.0,76300.0,2025-09-04T14:59:18.303363
2025-09-04,1357,2025090404016665,RADHI,Magnet Securities and Investment Company Private Limited,Nagarik Stock Dealer ,850,763.0,648550.0,2025-09-04T14:59:18.303499
2025-09-04,1218,2025090404016698,RADHI,Sumeru Securities Pvt. Ltd.,Hatemalo Financial Services Private Limited,161,762.1,122698.1,2025-09-04T14:59:23.640375
2025-09-04,1092,2025090404016735,RADHI,Sumeru Securities Pvt. Ltd.,Linch Stock Market Ltd.,10,762.1,7621.0,2025-09-04T14:59:27.445591
2025-09-04,733,2025090404016839,RADHI,Online Securities Pvt. Ltd.,Nagarik Stock Dealer ,150,763.0,114450.0,2025-09-04T14:59:36.001978
2025-09-04,732,2025090404016840,RADHI,Online Securities Pvt. Ltd.,K.B.L. Securities Limited ,100,763.0,76300.0,2025-09-04T14:59:36.00228
2025-09-04,731,2025090404016841,RADHI,Online Securities Pvt. Ltd.,Magnet Securities and Investment Company Private Limited,250,763.0,190750.0,2025-09-04T14:59:36.002382
2025-09-04,718,2025090404016847,RADHI,Sumeru Securities Pvt. Ltd.,Opal Securities Investment (PVT) Ltd.,219,762.1,166899.9,2025-09-04T14:59:36.540487
2025-09-04,717,2025090404016848,RADHI,Miyo Securities Pvt Ltd,Opal Securities Investment (PVT) Ltd.,120,762.1,91452.0,2025-09-04T14:59:36.540942
2025-09-04,568,2025090404016885,RADHI,Online Securities Pvt. Ltd.,SHUBHAKAMANA SECURITIES PVT. LTD,80,761.5,60920.0,2025-09-04T14:59:42.356981
2025-09-04,320,2025090404016955,RADHI,Online Securities Pvt. Ltd.,Vision Securities Pvt. Ltd,420,761.5,319830.0,2025-09-04T14:59:49.930282
2025-09-04,319,2025090404016956,RADHI,Sumeru Securities Pvt. Ltd.,Vision Securities Pvt. Ltd,600,761.2,456720.0,2025-09-04T14:59:49.930336
2025-09-04,318,2025090404016957,RADHI,Market Securities & Exchange (PVT) Ltd.,Vision Securities Pvt. Ltd,480,761.0,365280.0,2025-09-04T14:59:49.930368
2025-09-04,303,2025090404016962,RADHI,Sumeru Securities Pvt. Ltd.,Opal Securities Investment (PVT) Ltd.,200,762.0,152400.0,2025-09-04T14:59:50.41816
