Date,S.N.,Contract ID,Symbol,Buyer Broker,Seller Broker,quantity,rate,amount,transaction_time
2025-09-04,66693,2025090404000688,SPDL,Imperial Securities Company Pvt. Ltd.,Oxford Securities Pvt. Ltd.,100,394.0,39400.0,2025-09-04T11:11:52.386658
2025-09-04,66602,2025090404000717,SPDL,Online Securities Pvt. Ltd.,Oxford Securities Pvt. Ltd.,100,393.1,39310.0,2025-09-04T11:12:07.413582
2025-09-04,66601,2025090404000718,SPDL,Premier Securities Company Ltd.,Oxford Securities Pvt. Ltd.,200,393.0,78600.0,2025-09-04T11:12:07.413659
2025-09-04,66600,2025090404000719,SPDL,Imperial Securities Company Pvt. Ltd.,Oxford Securities Pvt. Ltd.,50,393.0,19650.0,2025-09-04T11:12:07.413693
2025-09-04,65543,2025090404000972,SPDL,Midas Stock Broking Company Private Limited,Oxford Securities Pvt. Ltd.,10,398.0,3980.0,2025-09-04T11:16:00.506177
2025-09-04,63763,2025090404001368,SPDL,Himalayan Brokerage Company Limited,Naasa Securities Co. Ltd.,50,396.1,19805.0,2025-09-04T11:22:43.902725
2025-09-04,63183,2025090404001523,SPDL,Nepal Stock House (PVT) Ltd.,Naasa Securities Co. Ltd.,83,395.9,32859.7,2025-09-04T11:25:06.171984
2025-09-04,63182,2025090404001524,SPDL,Nepal Stock House (PVT) Ltd.,Beni Securities Pvt.Ltd.,300,396.0,118800.0,2025-09-04T11:25:06.172107
2025-09-04,63181,2025090404001525,SPDL,Nepal Stock House (PVT) Ltd.,Naasa Securities Co. Ltd.,490,396.4,194236.0,2025-09-04T11:25:06.172163
2025-09-04,63180,2025090404001526,SPDL,Nepal Stock House (PVT) Ltd.,Primo Securities (PVT) Ltd.,200,396.9,79380.0,2025-09-04T11:25:06.172208
2025-09-04,63179,2025090404001527,SPDL,Nepal Stock House (PVT) Ltd.,Dakshinkali Investment & Securities Pvt. Ltd.,500,397.0,198500.0,2025-09-04T11:25:06.172251
2025-09-04,63178,2025090404001528,SPDL,Nepal Stock House (PVT) Ltd.,Secured Securities Ltd.,200,397.9,79580.0,2025-09-04T11:25:06.172294
2025-09-04,63177,2025090404001529,SPDL,Nepal Stock House (PVT) Ltd.,Oxford Securities Pvt. Ltd.,40,398.0,15920.0,2025-09-04T11:25:06.172345
2025-09-04,63176,2025090404001530,SPDL,Nepal Stock House (PVT) Ltd.,S.P.S.A. Securities Limited,187,398.0,74426.0,2025-09-04T11:25:06.172384
2025-09-04,61120,2025090404001928,SPDL,Midas Stock Broking Company Private Limited,Midas Stock Broking Company Private Limited,11,397.9,4376.9,2025-09-04T11:33:57.583989
2025-09-04,60328,2025090404002059,SPDL,Vision Securities Pvt. Ltd,Midas Stock Broking Company Private Limited,3589,397.9,1428063.1,2025-09-04T11:36:56.168129
2025-09-04,59769,2025090404002206,SPDL,Online Securities Pvt. Ltd.,Naasa Securities Co. Ltd.,125,397.0,49625.0,2025-09-04T11:39:20.656381
2025-09-04,58904,2025090404002431,SPDL,Property Wiard Limited,Premier Securities Company Ltd.,20,397.9,7958.0,2025-09-04T11:43:23.818319
2025-09-04,58903,2025090404002432,SPDL,Property Wiard Limited,S.P.S.A. Securities Limited,65,398.0,25870.0,2025-09-04T11:43:23.818446
2025-09-04,58902,2025090404002433,SPDL,Property Wiard Limited,Imperial Securities Company Pvt. Ltd.,120,398.0,47760.0,2025-09-04T11:43:23.818494
2025-09-04,58901,2025090404002434,SPDL,Property Wiard Limited,Trisul Securities & Invt. Ltd.,1795,398.0,714410.0,2025-09-04T11:43:23.818539
2025-09-04,58789,2025090404002462,SPDL,Imperial Securities Company Pvt. Ltd.,Dakshinkali Investment & Securities Pvt. Ltd.,100,396.0,39600.0,2025-09-04T11:43:45.02619
2025-09-04,58247,2025090404002589,SPDL,Dipshikha Dhitopatra Karobar Co. Pvt Ltd.,Deevyaa Securities & Stock House Pvt. Ltd,100,397.0,39700.0,2025-09-04T11:46:43.352852
2025-09-04,57477,2025090404002753,SPDL,Nagarik Stock Dealer ,Opal Securities Investment (PVT) Ltd.,384,395.6,151910.4,2025-09-04T11:50:44.26643
2025-09-04,56259,2025090404002978,SPDL,Nagarik Stock Dealer ,Premier Securities Company Ltd.,20,395.6,7912.0,2025-09-04T11:56:01.025856
2025-09-04,56239,2025090404002992,SPDL,Nagarik Stock Dealer ,Oxford Securities Pvt. Ltd.,96,395.6,37977.6,2025-09-04T11:56:06.726284
2025-09-04,56176,2025090404003008,SPDL,Dipshikha Dhitopatra Karobar Co. Pvt Ltd.,Oxford Securities Pvt. Ltd.,204,395.5,80682.0,2025-09-04T11:56:26.859396
2025-09-04,56102,2025090404003027,SPDL,Dipshikha Dhitopatra Karobar Co. Pvt Ltd.,Sani Securities Company Ltd.,260,395.5,102830.0,2025-09-04T11:56:44.952295
2025-09-04,55449,2025090404003198,SPDL,Dipshikha Dhitopatra Karobar Co. Pvt Ltd.,Dakshinkali Investment & Securities Pvt. Ltd.,36,395.5,14238.0,2025-09-04T11:59:36.822666
2025-09-04,55448,2025090404003199,SPDL,Thrive Brokerage House Pvt. Ltd,Dakshinkali Investment & Securities Pvt. Ltd.,114,395.5,45087.0,2025-09-04T11:59:36.822809
2025-09-04,55207,2025090404003265,SPDL,Premier Securities Company Ltd.,Sri Hari Securities Pvt. Ltd.,100,397.0,39700.0,2025-09-04T12:00:44.547977
2025-09-04,54749,2025090404003373,SPDL,Premier Securities Company Ltd.,Kalika Securities Pvt. Ltd.,100,397.0,39700.0,2025-09-04T12:02:16.419058
2025-09-04,54560,2025090404003458,SPDL,Premier Securities Company Ltd.,Oxford Securities Pvt. Ltd.,500,397.0,198500.0,2025-09-04T12:02:51.071572
2025-09-04,54525,2025090404003462,SPDL,Premier Securities Company Ltd.,Nagarik Stock Dealer ,300,397.0,119100.0,2025-09-04T12:03:00.805365
2025-09-04,54347,2025090404003494,SPDL,N.I.M.B. Stock Markets Limited,Sani Securities Company Ltd.,11,397.0,4367.0,2025-09-04T12:03:47.748166
2025-09-04,54218,2025090404003525,SPDL,Shree Krishna Securities Ltd.,Naasa Securities Co. Ltd.,300,397.7,119310.0,2025-09-04T12:04:13.549471
2025-09-04,54217,2025090404003526,SPDL,Shree Krishna Securities Ltd.,Nagarik Stock Dealer ,200,397.7,79540.0,2025-09-04T12:04:13.549608
2025-09-04,53760,2025090404003649,SPDL,N.I.M.B. Stock Markets Limited,Dakshinkali Investment & Securities Pvt. Ltd.,300,397.0,119100.0,2025-09-04T12:05:45.136304
2025-09-04,53658,2025090404003679,SPDL,Nepal Stock House (PVT) Ltd.,Sweta Securities Private Limited,100,397.7,39770.0,2025-09-04T12:06:12.74041
2025-09-04,53657,2025090404003680,SPDL,Nepal Stock House (PVT) Ltd.,Siprabi Securities Pvt. Ltd.,900,397.8,358020.0,2025-09-04T12:06:12.740683
2025-09-04,53641,2025090404003692,SPDL,N.I.M.B. Stock Markets Limited,Nagarik Stock Dealer ,500,397.0,198500.0,2025-09-04T12:06:14.339021
2025-09-04,53424,2025090404003790,SPDL,Dakshinkali Investment & Securities Pvt. Ltd.,Siprabi Securities Pvt. Ltd.,100,397.8,39780.0,2025-09-04T12:07:04.452353
2025-09-04,53423,2025090404003791,SPDL,Dakshinkali Investment & Securities Pvt. Ltd.,Trisul Securities & Invt. Ltd.,305,398.0,121390.0,2025-09-04T12:07:04.452631
2025-09-04,53422,2025090404003792,SPDL,Dakshinkali Investment & Securities Pvt. Ltd.,Vision Securities Pvt. Ltd,20,398.0,7960.0,2025-09-04T12:07:04.452799
2025-09-04,53421,2025090404003793,SPDL,Dakshinkali Investment & Securities Pvt. Ltd.,Trishakti Securities Public Limited,50,398.0,19900.0,2025-09-04T12:07:04.452962
2025-09-04,53420,2025090404003794,SPDL,Dakshinkali Investment & Securities Pvt. Ltd.,Primo Securities (PVT) Ltd.,30,398.0,11940.0,2025-09-04T12:07:04.453149
2025-09-04,53419,2025090404003795,SPDL,Dakshinkali Investment & Securities Pvt. Ltd.,Primo Securities (PVT) Ltd.,695,398.0,276610.0,2025-09-04T12:07:04.453309
2025-09-04,53404,2025090404003797,SPDL,N.I.M.B. Stock Markets Limited,Trisul Securities & Invt. Ltd.,50,397.0,19850.0,2025-09-04T12:07:08.255855
2025-09-04,53230,2025090404003842,SPDL,N.I.M.B. Stock Markets Limited,INDEX SECURITIES LIMITED,24,397.0,9528.0,2025-09-04T12:07:54.625912
2025-09-04,52876,2025090404003938,SPDL,N.I.M.B. Stock Markets Limited,Sani Securities Company Ltd.,15,397.0,5955.0,2025-09-04T12:09:43.894302
2025-09-04,52875,2025090404003939,SPDL,Naasa Securities Co. Ltd.,Sani Securities Company Ltd.,125,397.0,49625.0,2025-09-04T12:09:43.894498
2025-09-04,52874,2025090404003940,SPDL,Aryatara Investment & Securities,Sani Securities Company Ltd.,12,397.0,4764.0,2025-09-04T12:09:43.894556
2025-09-04,52856,2025090404003945,SPDL,Aryatara Investment & Securities,Naasa Securities Co. Ltd.,38,397.0,15086.0,2025-09-04T12:09:51.980224
2025-09-04,52781,2025090404003975,SPDL,Sundhara Securities Limited,Online Securities Pvt. Ltd.,30,396.0,11880.0,2025-09-04T12:10:08.816628
2025-09-04,52103,2025090404004160,SPDL,Sundhara Securities Limited,Naasa Securities Co. Ltd.,45,396.0,17820.0,2025-09-04T12:12:41.235059
2025-09-04,51615,2025090404004305,SPDL,Premier Securities Company Ltd.,Sumeru Securities Pvt. Ltd.,210,396.2,83202.0,2025-09-04T12:14:48.166451
2025-09-04,51614,2025090404004306,SPDL,Nagarik Stock Dealer ,Sumeru Securities Pvt. Ltd.,500,396.1,198050.0,2025-09-04T12:14:48.166499
2025-09-04,51613,2025090404004307,SPDL,Sundhara Securities Limited,Sumeru Securities Pvt. Ltd.,25,396.0,9900.0,2025-09-04T12:14:48.166525
2025-09-04,51612,2025090404004308,SPDL,Premier Securities Company Ltd.,Sumeru Securities Pvt. Ltd.,765,396.0,302940.0,2025-09-04T12:14:48.166588
2025-09-04,50536,2025090404004569,SPDL,Naasa Securities Co. Ltd.,Imperial Securities Company Pvt. Ltd.,51,397.0,20247.0,2025-09-04T12:19:48.067365
2025-09-04,50255,2025090404004619,SPDL,Naasa Securities Co. Ltd.,Dakshinkali Investment & Securities Pvt. Ltd.,79,397.0,31363.0,2025-09-04T12:21:18.745952
2025-09-04,48714,2025090404004952,SPDL,Naasa Securities Co. Ltd.,Arun Securities (PVT) Ltd.,100,396.5,39650.0,2025-09-04T12:28:01.231407
2025-09-04,48608,2025090404004964,SPDL,KALASH STOCK MARKET PVT. LTD.,Linch Stock Market Ltd.,100,397.0,39700.0,2025-09-04T12:28:32.421049
2025-09-04,48191,2025090404005109,SPDL,KALASH STOCK MARKET PVT. LTD.,Linch Stock Market Ltd.,10,397.0,3970.0,2025-09-04T12:30:18.74131
2025-09-04,48156,2025090404005121,SPDL,Naasa Securities Co. Ltd.,Siprabi Securities Pvt. Ltd.,205,396.5,81282.5,2025-09-04T12:30:33.730743
2025-09-04,48155,2025090404005122,SPDL,Nagarik Stock Dealer ,Siprabi Securities Pvt. Ltd.,500,396.4,198200.0,2025-09-04T12:30:33.730955
2025-09-04,48154,2025090404005123,SPDL,Nagarik Stock Dealer ,Siprabi Securities Pvt. Ltd.,1000,396.2,396200.0,2025-09-04T12:30:33.731021
2025-09-04,48153,2025090404005124,SPDL,Midas Stock Broking Company Private Limited,Siprabi Securities Pvt. Ltd.,100,396.1,39610.0,2025-09-04T12:30:33.731088
2025-09-04,48152,2025090404005125,SPDL,Primo Securities (PVT) Ltd.,Siprabi Securities Pvt. Ltd.,2000,396.1,792200.0,2025-09-04T12:30:33.731145
2025-09-04,48151,2025090404005126,SPDL,South Asian Bulls Pvt. Ltd.,Siprabi Securities Pvt. Ltd.,1000,396.1,396100.0,2025-09-04T12:30:33.731202
2025-09-04,47236,2025090404005318,SPDL,Premier Securities Company Ltd.,Sumeru Securities Pvt. Ltd.,235,396.0,93060.0,2025-09-04T12:33:50.928077
2025-09-04,47235,2025090404005319,SPDL,Premier Securities Company Ltd.,Sumeru Securities Pvt. Ltd.,865,396.0,342540.0,2025-09-04T12:33:50.928411
2025-09-04,47044,2025090404005399,SPDL,Premier Securities Company Ltd.,Aryatara Investment & Securities,135,396.0,53460.0,2025-09-04T12:34:27.963601
2025-09-04,47043,2025090404005400,SPDL,Premier Securities Company Ltd.,Aryatara Investment & Securities,65,396.0,25740.0,2025-09-04T12:34:27.963877
2025-09-04,47020,2025090404005410,SPDL,Premier Securities Company Ltd.,Online Securities Pvt. Ltd.,135,396.0,53460.0,2025-09-04T12:34:32.879698
2025-09-04,47019,2025090404005411,SPDL,Secured Securities Ltd.,Online Securities Pvt. Ltd.,20,396.0,7920.0,2025-09-04T12:34:32.879784
2025-09-04,47018,2025090404005412,SPDL,Thrive Brokerage House Pvt. Ltd,Online Securities Pvt. Ltd.,345,395.5,136447.5,2025-09-04T12:34:32.879818
2025-09-04,46522,2025090404005566,SPDL,Thrive Brokerage House Pvt. Ltd,Kohinoor Investment & Securities Pvt. Ltd.,41,395.5,16215.5,2025-09-04T12:36:20.907657
2025-09-04,46521,2025090404005567,SPDL,Dakshinkali Investment & Securities Pvt. Ltd.,Kohinoor Investment & Securities Pvt. Ltd.,159,395.5,62884.5,2025-09-04T12:36:20.90783
2025-09-04,46512,2025090404005569,SPDL,Dakshinkali Investment & Securities Pvt. Ltd.,Dakshinkali Investment & Securities Pvt. Ltd.,361,395.5,142775.5,2025-09-04T12:36:24.470607
2025-09-04,46504,2025090404005571,SPDL,Dakshinkali Investment & Securities Pvt. Ltd.,Siprabi Securities Pvt. Ltd.,280,395.5,110740.0,2025-09-04T12:36:26.349522
2025-09-04,46503,2025090404005572,SPDL,Nagarik Stock Dealer ,Siprabi Securities Pvt. Ltd.,500,395.1,197550.0,2025-09-04T12:36:26.349669
2025-09-04,46502,2025090404005573,SPDL,Sewa Securities Pvt. Ltd.,Siprabi Securities Pvt. Ltd.,74,395.1,29237.4,2025-09-04T12:36:26.349733
2025-09-04,45906,2025090404005711,SPDL,Aryatara Investment & Securities,Premier Securities Company Ltd.,100,395.8,39580.0,2025-09-04T12:38:33.697972
2025-09-04,45693,2025090404005773,SPDL,Nagarik Stock Dealer ,Kumari Securities Private Limited,100,394.2,39420.0,2025-09-04T12:39:24.502391
2025-09-04,45692,2025090404005774,SPDL,Nepal Stock House (PVT) Ltd.,Kumari Securities Private Limited,100,394.1,39410.0,2025-09-04T12:39:24.502443
2025-09-04,45691,2025090404005775,SPDL,Aryatara Investment & Securities,Kumari Securities Private Limited,800,394.0,315200.0,2025-09-04T12:39:24.502493
2025-09-04,45204,2025090404005888,SPDL,Aryatara Investment & Securities,Secured Securities Ltd.,40,394.2,15768.0,2025-09-04T12:41:12.155747
2025-09-04,45013,2025090404005937,SPDL,Aryatara Investment & Securities,Nepal Stock House (PVT) Ltd.,10,394.2,3942.0,2025-09-04T12:41:58.869865
2025-09-04,44987,2025090404005945,SPDL,Midas Stock Broking Company Private Limited,Secured Securities Ltd.,500,394.1,197050.0,2025-09-04T12:42:04.19503
2025-09-04,44986,2025090404005946,SPDL,Secured Securities Ltd.,Secured Securities Ltd.,1000,394.1,394100.0,2025-09-04T12:42:04.19518
2025-09-04,44985,2025090404005947,SPDL,Aryatara Investment & Securities,Secured Securities Ltd.,1200,394.0,472800.0,2025-09-04T12:42:04.195256
2025-09-04,44984,2025090404005948,SPDL,Sri Hari Securities Pvt. Ltd.,Secured Securities Ltd.,100,394.0,39400.0,2025-09-04T12:42:04.19534
2025-09-04,43206,2025090404006339,SPDL,Naasa Securities Co. Ltd.,Secured Securities Ltd.,200,394.0,78800.0,2025-09-04T12:47:56.334871
2025-09-04,42375,2025090404006508,SPDL,Trisul Securities & Invt. Ltd.,Deevyaa Securities & Stock House Pvt. Ltd,500,394.1,197050.0,2025-09-04T12:50:26.455792
2025-09-04,42321,2025090404006528,SPDL,Naasa Securities Co. Ltd.,Nepal Stock House (PVT) Ltd.,30,394.2,11826.0,2025-09-04T12:50:36.77252
2025-09-04,42137,2025090404006564,SPDL,Trisul Securities & Invt. Ltd.,Siprabi Securities Pvt. Ltd.,1280,394.1,504448.0,2025-09-04T12:51:14.325451
2025-09-04,42136,2025090404006565,SPDL,Naasa Securities Co. Ltd.,Siprabi Securities Pvt. Ltd.,220,394.1,86702.0,2025-09-04T12:51:14.325641
2025-09-04,42086,2025090404006577,SPDL,Naasa Securities Co. Ltd.,Siprabi Securities Pvt. Ltd.,50,395.0,19750.0,2025-09-04T12:51:26.135142
2025-09-04,41761,2025090404006644,SPDL,Primo Securities (PVT) Ltd.,Siprabi Securities Pvt. Ltd.,1000,394.1,394100.0,2025-09-04T12:52:40.945912
2025-09-04,41055,2025090404006809,SPDL,Aryatara Investment & Securities,Thrive Brokerage House Pvt. Ltd,200,394.0,78800.0,2025-09-04T12:55:06.853402
2025-09-04,40753,2025090404006886,SPDL,Naasa Securities Co. Ltd.,Thrive Brokerage House Pvt. Ltd,300,394.0,118200.0,2025-09-04T12:56:01.524621
2025-09-04,40356,2025090404006977,SPDL,Sundhara Securities Limited,Thrive Brokerage House Pvt. Ltd,60,394.0,23640.0,2025-09-04T12:57:34.442602
2025-09-04,40014,2025090404007072,SPDL,Sundhara Securities Limited,Linch Stock Market Ltd.,340,394.0,133960.0,2025-09-04T12:58:54.285294
2025-09-04,40000,2025090404007075,SPDL,Linch Stock Market Ltd.,Linch Stock Market Ltd.,160,394.0,63040.0,2025-09-04T12:58:56.295134
2025-09-04,39974,2025090404007083,SPDL,Linch Stock Market Ltd.,Thrive Brokerage House Pvt. Ltd,40,394.1,15764.0,2025-09-04T12:59:01.760384
2025-09-04,39545,2025090404007165,SPDL,Linch Stock Market Ltd.,Thrive Brokerage House Pvt. Ltd,50,394.1,19705.0,2025-09-04T13:00:49.15173
2025-09-04,39544,2025090404007166,SPDL,J.F. Securites (PVT) Ltd.,Thrive Brokerage House Pvt. Ltd,350,394.1,137935.0,2025-09-04T13:00:49.151898
2025-09-04,39517,2025090404007178,SPDL,Secured Securities Ltd.,South Asian Bulls Pvt. Ltd.,35,394.7,13814.5,2025-09-04T13:00:56.273437
2025-09-04,39516,2025090404007179,SPDL,Secured Securities Ltd.,Dynamic Money Managers Securities Pvt. Ltd.,500,395.0,197500.0,2025-09-04T13:00:56.273618
2025-09-04,39515,2025090404007180,SPDL,Secured Securities Ltd.,Trisul Securities & Invt. Ltd.,200,395.0,79000.0,2025-09-04T13:00:56.273683
2025-09-04,39135,2025090404007308,SPDL,Midas Stock Broking Company Private Limited,Naasa Securities Co. Ltd.,100,395.7,39570.0,2025-09-04T13:02:23.807663
2025-09-04,39052,2025090404007334,SPDL,Naasa Securities Co. Ltd.,Naasa Securities Co. Ltd.,155,395.7,61333.5,2025-09-04T13:02:44.40964
2025-09-04,39051,2025090404007335,SPDL,Naasa Securities Co. Ltd.,Sri Hari Securities Pvt. Ltd.,200,395.8,79160.0,2025-09-04T13:02:44.409821
2025-09-04,39050,2025090404007336,SPDL,Naasa Securities Co. Ltd.,Siprabi Securities Pvt. Ltd.,145,396.0,57420.0,2025-09-04T13:02:44.409883
2025-09-04,38995,2025090404007352,SPDL,J.F. Securites (PVT) Ltd.,Siprabi Securities Pvt. Ltd.,1450,396.0,574200.0,2025-09-04T13:02:55.843503
2025-09-04,38915,2025090404007382,SPDL,Naasa Securities Co. Ltd.,Siprabi Securities Pvt. Ltd.,405,396.0,160380.0,2025-09-04T13:03:09.59457
2025-09-04,38914,2025090404007383,SPDL,Naasa Securities Co. Ltd.,Nepal Investment And Securities Trading Private Limited,50,396.0,19800.0,2025-09-04T13:03:09.594725
2025-09-04,38784,2025090404007413,SPDL,Sumeru Securities Pvt. Ltd.,Dipshikha Dhitopatra Karobar Co. Pvt Ltd.,50,396.9,19845.0,2025-09-04T13:03:44.339267
2025-09-04,38783,2025090404007414,SPDL,Sumeru Securities Pvt. Ltd.,Dipshikha Dhitopatra Karobar Co. Pvt Ltd.,50,396.9,19845.0,2025-09-04T13:03:44.339334
2025-09-04,38782,2025090404007415,SPDL,Sumeru Securities Pvt. Ltd.,Linch Stock Market Ltd.,390,397.0,154830.0,2025-09-04T13:03:44.339365
2025-09-04,38781,2025090404007416,SPDL,Sumeru Securities Pvt. Ltd.,Siprabi Securities Pvt. Ltd.,910,397.0,361270.0,2025-09-04T13:03:44.339391
2025-09-04,38710,2025090404007425,SPDL,Aryatara Investment & Securities,Siprabi Securities Pvt. Ltd.,100,397.0,39700.0,2025-09-04T13:03:57.644177
2025-09-04,38676,2025090404007431,SPDL,Naasa Securities Co. Ltd.,Sri Hari Securities Pvt. Ltd.,165,396.0,65340.0,2025-09-04T13:04:09.928647
2025-09-04,38674,2025090404007432,SPDL,Naasa Securities Co. Ltd.,ABC Securities Private Limited,100,396.0,39600.0,2025-09-04T13:04:10.125927
2025-09-04,38576,2025090404007444,SPDL,Secured Securities Ltd.,Siprabi Securities Pvt. Ltd.,990,397.8,393822.0,2025-09-04T13:04:40.464702
2025-09-04,38575,2025090404007445,SPDL,Secured Securities Ltd.,Kohinoor Investment & Securities Pvt. Ltd.,200,397.9,79580.0,2025-09-04T13:04:40.465028
2025-09-04,38574,2025090404007446,SPDL,Secured Securities Ltd.,J.F. Securites (PVT) Ltd.,50,398.0,19900.0,2025-09-04T13:04:40.465201
2025-09-04,38573,2025090404007447,SPDL,Secured Securities Ltd.,Capital Hub P. Ltd,250,398.0,99500.0,2025-09-04T13:04:40.465391
2025-09-04,38572,2025090404007448,SPDL,Secured Securities Ltd.,Trishakti Securities Public Limited,30,398.0,11940.0,2025-09-04T13:04:40.465558
2025-09-04,38492,2025090404007461,SPDL,Secured Securities Ltd.,Siprabi Securities Pvt. Ltd.,2745,398.0,1092510.0,2025-09-04T13:04:54.151806
2025-09-04,38321,2025090404007527,SPDL,Online Securities Pvt. Ltd.,Siprabi Securities Pvt. Ltd.,105,398.0,41790.0,2025-09-04T13:05:26.831829
2025-09-04,37686,2025090404007667,SPDL,KALASH STOCK MARKET PVT. LTD.,Kohinoor Investment & Securities Pvt. Ltd.,80,396.0,31680.0,2025-09-04T13:07:45.46785
2025-09-04,37433,2025090404007729,SPDL,Midas Stock Broking Company Private Limited,Aryatara Investment & Securities,10,397.5,3975.0,2025-09-04T13:08:35.425828
2025-09-04,37133,2025090404007814,SPDL,Market Securities & Exchange (PVT) Ltd.,South Asian Bulls Pvt. Ltd.,30,397.4,11922.0,2025-09-04T13:09:49.040289
2025-09-04,37132,2025090404007815,SPDL,Market Securities & Exchange (PVT) Ltd.,Aryatara Investment & Securities,190,397.5,75525.0,2025-09-04T13:09:49.040471
2025-09-04,37062,2025090404007823,SPDL,Market Securities & Exchange (PVT) Ltd.,Deevyaa Securities & Stock House Pvt. Ltd,200,397.5,79500.0,2025-09-04T13:10:10.133793
2025-09-04,36924,2025090404007875,SPDL,Cristal Kanchanjanga Securites Pvt. Ltd.,Kohinoor Investment & Securities Pvt. Ltd.,70,398.0,27860.0,2025-09-04T13:10:42.280372
2025-09-04,36920,2025090404007878,SPDL,Cristal Kanchanjanga Securites Pvt. Ltd.,Kohinoor Investment & Securities Pvt. Ltd.,30,398.0,11940.0,2025-09-04T13:10:43.28648
2025-09-04,36911,2025090404007879,SPDL,Nepal Stock House (PVT) Ltd.,Kohinoor Investment & Securities Pvt. Ltd.,50,398.0,19900.0,2025-09-04T13:10:44.893802
2025-09-04,36855,2025090404007889,SPDL,Secured Securities Ltd.,Kohinoor Investment & Securities Pvt. Ltd.,20,398.0,7960.0,2025-09-04T13:10:58.570247
2025-09-04,36814,2025090404007896,SPDL,Naasa Securities Co. Ltd.,Premier Securities Company Ltd.,20,398.7,7974.0,2025-09-04T13:11:09.727591
2025-09-04,36813,2025090404007897,SPDL,Naasa Securities Co. Ltd.,Premier Securities Company Ltd.,20,398.8,7976.0,2025-09-04T13:11:09.727754
2025-09-04,36812,2025090404007898,SPDL,Naasa Securities Co. Ltd.,Naasa Securities Co. Ltd.,200,398.8,79760.0,2025-09-04T13:11:09.727822
2025-09-04,36811,2025090404007899,SPDL,Naasa Securities Co. Ltd.,Deevyaa Securities & Stock House Pvt. Ltd,40,398.9,15956.0,2025-09-04T13:11:09.72788
2025-09-04,36750,2025090404007908,SPDL,KALASH STOCK MARKET PVT. LTD.,Deevyaa Securities & Stock House Pvt. Ltd,10,398.9,3989.0,2025-09-04T13:11:22.170568
2025-09-04,36749,2025090404007909,SPDL,KALASH STOCK MARKET PVT. LTD.,Kalika Securities Pvt. Ltd.,360,398.9,143604.0,2025-09-04T13:11:22.17075
2025-09-04,36748,2025090404007910,SPDL,KALASH STOCK MARKET PVT. LTD.,Investment Management Nepal Pvt. Ltd.,100,399.0,39900.0,2025-09-04T13:11:22.170823
2025-09-04,36747,2025090404007911,SPDL,KALASH STOCK MARKET PVT. LTD.,Siprabi Securities Pvt. Ltd.,1700,399.0,678300.0,2025-09-04T13:11:22.170884
2025-09-04,36547,2025090404007954,SPDL,Sweta Securities Private Limited,Agrawal Securities (PVT) Ltd.,100,398.1,39810.0,2025-09-04T13:12:14.595588
2025-09-04,36327,2025090404007994,SPDL,Sweta Securities Private Limited,Linch Stock Market Ltd.,400,398.1,159240.0,2025-09-04T13:13:17.854542
2025-09-04,36209,2025090404008015,SPDL,Himalayan Brokerage Company Limited,Siprabi Securities Pvt. Ltd.,1000,397.7,397700.0,2025-09-04T13:13:50.850029
2025-09-04,36139,2025090404008022,SPDL,Market Securities & Exchange (PVT) Ltd.,Naasa Securities Co. Ltd.,80,397.5,31800.0,2025-09-04T13:14:11.850204
2025-09-04,36130,2025090404008023,SPDL,Sumeru Securities Pvt. Ltd.,Siprabi Securities Pvt. Ltd.,50,397.7,19885.0,2025-09-04T13:14:13.595563
2025-09-04,35628,2025090404008090,SPDL,Nepal Stock House (PVT) Ltd.,Siprabi Securities Pvt. Ltd.,500,397.0,198500.0,2025-09-04T13:16:28.953865
2025-09-04,35535,2025090404008108,SPDL,KALASH STOCK MARKET PVT. LTD.,Premier Securities Company Ltd.,100,396.3,39630.0,2025-09-04T13:16:52.438467
2025-09-04,35468,2025090404008136,SPDL,KALASH STOCK MARKET PVT. LTD.,Siprabi Securities Pvt. Ltd.,150,396.3,59445.0,2025-09-04T13:17:08.224012
2025-09-04,35467,2025090404008137,SPDL,Nagarik Stock Dealer ,Siprabi Securities Pvt. Ltd.,500,396.3,198150.0,2025-09-04T13:17:08.224203
2025-09-04,35466,2025090404008138,SPDL,Secured Securities Ltd.,Siprabi Securities Pvt. Ltd.,980,396.2,388276.0,2025-09-04T13:17:08.224264
2025-09-04,35465,2025090404008139,SPDL,Midas Stock Broking Company Private Limited,Siprabi Securities Pvt. Ltd.,3370,396.2,1335194.0,2025-09-04T13:17:08.224333
2025-09-04,35403,2025090404008147,SPDL,Midas Stock Broking Company Private Limited,Naasa Securities Co. Ltd.,220,396.2,87164.0,2025-09-04T13:17:28.580778
2025-09-04,35390,2025090404008151,SPDL,Midas Stock Broking Company Private Limited,Siprabi Securities Pvt. Ltd.,10,396.2,3962.0,2025-09-04T13:17:32.39927
2025-09-04,35389,2025090404008152,SPDL,Magnet Securities and Investment Company Private Limited,Siprabi Securities Pvt. Ltd.,1000,396.1,396100.0,2025-09-04T13:17:32.399483
2025-09-04,35388,2025090404008153,SPDL,Primo Securities (PVT) Ltd.,Siprabi Securities Pvt. Ltd.,1000,396.1,396100.0,2025-09-04T13:17:32.399546
2025-09-04,35387,2025090404008154,SPDL,Aryatara Investment & Securities,Siprabi Securities Pvt. Ltd.,50,396.0,19800.0,2025-09-04T13:17:32.399602
2025-09-04,35382,2025090404008155,SPDL,Kalika Securities Pvt. Ltd.,Siprabi Securities Pvt. Ltd.,200,396.0,79200.0,2025-09-04T13:17:32.987772
2025-09-04,35002,2025090404008226,SPDL,Kalika Securities Pvt. Ltd.,Siprabi Securities Pvt. Ltd.,212,396.0,83952.0,2025-09-04T13:19:19.719696
2025-09-04,34754,2025090404008296,SPDL,Naasa Securities Co. Ltd.,Siprabi Securities Pvt. Ltd.,100,396.0,39600.0,2025-09-04T13:20:28.419661
2025-09-04,34567,2025090404008354,SPDL,Aryatara Investment & Securities,Asian Securities Private Ltd.,40,395.9,15836.0,2025-09-04T13:21:11.230385
2025-09-04,34440,2025090404008385,SPDL,Property Wiard Limited,Siprabi Securities Pvt. Ltd.,428,396.0,169488.0,2025-09-04T13:21:57.100298
2025-09-04,34118,2025090404008460,SPDL,Midas Stock Broking Company Private Limited,Oxford Securities Pvt. Ltd.,10,397.0,3970.0,2025-09-04T13:23:22.38801
2025-09-04,34045,2025090404008468,SPDL,Property Wiard Limited,J.F. Securites (PVT) Ltd.,300,396.0,118800.0,2025-09-04T13:23:46.378912
2025-09-04,33250,2025090404008621,SPDL,Himalayan Brokerage Company Limited,Imperial Securities Company Pvt. Ltd.,300,396.1,118830.0,2025-09-04T13:26:43.671613
2025-09-04,33238,2025090404008622,SPDL,Himalayan Brokerage Company Limited,Siprabi Securities Pvt. Ltd.,700,396.1,277270.0,2025-09-04T13:26:45.226963
2025-09-04,32213,2025090404008865,SPDL,Vision Securities Pvt. Ltd,Oxford Securities Pvt. Ltd.,100,397.0,39700.0,2025-09-04T13:31:36.241796
2025-09-04,31737,2025090404008991,SPDL,Property Wiard Limited,Siprabi Securities Pvt. Ltd.,272,396.0,107712.0,2025-09-04T13:33:47.615673
2025-09-04,31736,2025090404008992,SPDL,Nagarik Stock Dealer ,Siprabi Securities Pvt. Ltd.,220,396.0,87120.0,2025-09-04T13:33:47.615876
2025-09-04,31735,2025090404008993,SPDL,Trishakti Securities Public Limited,Siprabi Securities Pvt. Ltd.,70,396.0,27720.0,2025-09-04T13:33:47.615956
2025-09-04,30937,2025090404009208,SPDL,Midas Stock Broking Company Private Limited,Prabhu Stock Market Limited,13,396.3,5151.9,2025-09-04T13:37:02.863858
2025-09-04,30936,2025090404009209,SPDL,Midas Stock Broking Company Private Limited,Prabhu Stock Market Limited,12,396.2,4754.4,2025-09-04T13:37:02.864182
2025-09-04,30935,2025090404009210,SPDL,Midas Stock Broking Company Private Limited,Prabhu Stock Market Limited,11,396.1,4357.1,2025-09-04T13:37:02.864402
2025-09-04,30934,2025090404009211,SPDL,Midas Stock Broking Company Private Limited,Prabhu Stock Market Limited,10,396.0,3960.0,2025-09-04T13:37:02.864596
2025-09-04,30933,2025090404009212,SPDL,Aryatara Investment & Securities,Prabhu Stock Market Limited,460,395.9,182114.0,2025-09-04T13:37:02.864786
2025-09-04,30932,2025090404009213,SPDL,Neev Securities Pvt. Ltd.,Prabhu Stock Market Limited,994,395.9,393524.6,2025-09-04T13:37:02.864972
2025-09-04,30847,2025090404009231,SPDL,Midas Stock Broking Company Private Limited,Siprabi Securities Pvt. Ltd.,10,396.0,3960.0,2025-09-04T13:37:26.825414
2025-09-04,30816,2025090404009241,SPDL,Neev Securities Pvt. Ltd.,Siprabi Securities Pvt. Ltd.,256,395.9,101350.4,2025-09-04T13:37:33.407635
2025-09-04,30815,2025090404009242,SPDL,Primo Securities (PVT) Ltd.,Siprabi Securities Pvt. Ltd.,1000,395.3,395300.0,2025-09-04T13:37:33.407822
2025-09-04,30814,2025090404009243,SPDL,Neev Securities Pvt. Ltd.,Siprabi Securities Pvt. Ltd.,100,395.2,39520.0,2025-09-04T13:37:33.407894
2025-09-04,30813,2025090404009244,SPDL,Nagarik Stock Dealer ,Siprabi Securities Pvt. Ltd.,500,395.1,197550.0,2025-09-04T13:37:33.407957
2025-09-04,30812,2025090404009245,SPDL,Sri Hari Securities Pvt. Ltd.,Siprabi Securities Pvt. Ltd.,2000,395.0,790000.0,2025-09-04T13:37:33.408021
2025-09-04,30811,2025090404009246,SPDL,KALASH STOCK MARKET PVT. LTD.,Siprabi Securities Pvt. Ltd.,2500,395.0,987500.0,2025-09-04T13:37:33.408082
2025-09-04,30810,2025090404009247,SPDL,KALASH STOCK MARKET PVT. LTD.,Siprabi Securities Pvt. Ltd.,10,395.0,3950.0,2025-09-04T13:37:33.408139
2025-09-04,30802,2025090404009249,SPDL,Midas Stock Broking Company Private Limited,Siprabi Securities Pvt. Ltd.,11,395.0,4345.0,2025-09-04T13:37:35.861697
2025-09-04,30761,2025090404009261,SPDL,Midas Stock Broking Company Private Limited,Siprabi Securities Pvt. Ltd.,12,395.0,4740.0,2025-09-04T13:37:43.906595
2025-09-04,29752,2025090404009456,SPDL,Investment Management Nepal Pvt. Ltd.,Vision Securities Pvt. Ltd,100,395.0,39500.0,2025-09-04T13:41:27.07574
2025-09-04,29751,2025090404009457,SPDL,Investment Management Nepal Pvt. Ltd.,Siprabi Securities Pvt. Ltd.,90,396.0,35640.0,2025-09-04T13:41:27.07606
2025-09-04,29750,2025090404009458,SPDL,Investment Management Nepal Pvt. Ltd.,Agrawal Securities (PVT) Ltd.,200,396.0,79200.0,2025-09-04T13:41:27.07625
2025-09-04,29584,2025090404009484,SPDL,Investment Management Nepal Pvt. Ltd.,Vision Securities Pvt. Ltd,410,396.0,162360.0,2025-09-04T13:41:57.421135
2025-09-04,28901,2025090404009630,SPDL,Thrive Brokerage House Pvt. Ltd,Midas Stock Broking Company Private Limited,14,396.4,5549.6,2025-09-04T13:44:32.693999
2025-09-04,28833,2025090404009641,SPDL,Thrive Brokerage House Pvt. Ltd,Midas Stock Broking Company Private Limited,13,396.5,5154.5,2025-09-04T13:44:50.752831
2025-09-04,28603,2025090404009679,SPDL,Thrive Brokerage House Pvt. Ltd,Premier Securities Company Ltd.,10,396.4,3964.0,2025-09-04T13:45:42.950846
2025-09-04,28463,2025090404009715,SPDL,Thrive Brokerage House Pvt. Ltd,Vision Securities Pvt. Ltd,12,396.5,4758.0,2025-09-04T13:46:26.110021
2025-09-04,27681,2025090404009921,SPDL,Kumari Securities Private Limited,Vision Securities Pvt. Ltd,10,396.5,3965.0,2025-09-04T13:49:17.059826
2025-09-04,27589,2025090404009934,SPDL,Dipshikha Dhitopatra Karobar Co. Pvt Ltd.,Dipshikha Dhitopatra Karobar Co. Pvt Ltd.,2,393.0,786.0,2025-09-04T13:49:39.306758
2025-09-04,27329,2025090404010003,SPDL,Vision Securities Pvt. Ltd,Vision Securities Pvt. Ltd,18,396.5,7137.0,2025-09-04T13:50:46.496893
2025-09-04,27073,2025090404010085,SPDL,Investment Management Nepal Pvt. Ltd.,Vision Securities Pvt. Ltd,50,395.0,19750.0,2025-09-04T13:51:38.034062
2025-09-04,26644,2025090404010179,SPDL,Investment Management Nepal Pvt. Ltd.,Garima Securities Limited,150,395.0,59250.0,2025-09-04T13:53:18.114221
2025-09-04,26211,2025090404010300,SPDL,Investment Management Nepal Pvt. Ltd.,Kohinoor Investment & Securities Pvt. Ltd.,50,395.0,19750.0,2025-09-04T13:54:43.613822
2025-09-04,26205,2025090404010301,SPDL,Investment Management Nepal Pvt. Ltd.,Trisul Securities & Invt. Ltd.,50,395.0,19750.0,2025-09-04T13:54:44.704495
2025-09-04,26204,2025090404010302,SPDL,Investment Management Nepal Pvt. Ltd.,Trisul Securities & Invt. Ltd.,150,395.0,59250.0,2025-09-04T13:54:44.704562
2025-09-04,26086,2025090404010347,SPDL,Deevyaa Securities & Stock House Pvt. Ltd,Stoxkarts Securities Limited,200,395.0,79000.0,2025-09-04T13:55:25.734604
2025-09-04,25600,2025090404010475,SPDL,Secured Securities Ltd.,Investment Management Nepal Pvt. Ltd.,200,395.0,79000.0,2025-09-04T13:57:44.206742
2025-09-04,23713,2025090404010926,SPDL,Midas Stock Broking Company Private Limited,Secured Securities Ltd.,15,394.6,5919.0,2025-09-04T14:04:45.395116
2025-09-04,23237,2025090404011049,SPDL,Online Securities Pvt. Ltd.,Secured Securities Ltd.,15,394.6,5919.0,2025-09-04T14:06:51.888062
2025-09-04,22868,2025090404011134,SPDL,Secured Securities Ltd.,Midas Stock Broking Company Private Limited,12,396.6,4759.2,2025-09-04T14:08:11.084718
2025-09-04,22867,2025090404011135,SPDL,Secured Securities Ltd.,South Asian Bulls Pvt. Ltd.,50,396.6,19830.0,2025-09-04T14:08:11.085042
2025-09-04,22866,2025090404011136,SPDL,Secured Securities Ltd.,Online Securities Pvt. Ltd.,100,396.6,39660.0,2025-09-04T14:08:11.085239
2025-09-04,22784,2025090404011151,SPDL,Secured Securities Ltd.,Siprabi Securities Pvt. Ltd.,138,396.6,54730.8,2025-09-04T14:08:31.429136
2025-09-04,22139,2025090404011325,SPDL,Himalayan Brokerage Company Limited,N.M.B. SECURITIES LIMITED,245,394.6,96677.0,2025-09-04T14:11:05.138154
2025-09-04,22128,2025090404011328,SPDL,Himalayan Brokerage Company Limited,Premier Securities Company Ltd.,500,394.6,197300.0,2025-09-04T14:11:09.745242
2025-09-04,21894,2025090404011374,SPDL,Himalayan Brokerage Company Limited,Kohinoor Investment & Securities Pvt. Ltd.,55,394.6,21703.0,2025-09-04T14:11:54.162323
2025-09-04,20293,2025090404011792,SPDL,Midas Stock Broking Company Private Limited,Dynamic Money Managers Securities Pvt. Ltd.,10,395.0,3950.0,2025-09-04T14:17:34.160174
2025-09-04,19411,2025090404011997,SPDL,Online Securities Pvt. Ltd.,Dynamic Money Managers Securities Pvt. Ltd.,40,395.0,15800.0,2025-09-04T14:20:40.44085
2025-09-04,18843,2025090404012123,SPDL,SUN SECURITIES PVT LTD,Premier Securities Company Ltd.,500,395.1,197550.0,2025-09-04T14:22:40.627514
2025-09-04,18842,2025090404012124,SPDL,Nepal Investment And Securities Trading Private Limited,Premier Securities Company Ltd.,1000,394.7,394700.0,2025-09-04T14:22:40.627596
2025-09-04,18841,2025090404012125,SPDL,Nagarik Stock Dealer ,Premier Securities Company Ltd.,50,394.7,19735.0,2025-09-04T14:22:40.627622
2025-09-04,18840,2025090404012126,SPDL,Himalayan Brokerage Company Limited,Premier Securities Company Ltd.,200,394.6,78920.0,2025-09-04T14:22:40.627646
2025-09-04,18839,2025090404012127,SPDL,Siprabi Securities Pvt. Ltd.,Premier Securities Company Ltd.,250,394.6,98650.0,2025-09-04T14:22:40.627668
2025-09-04,18825,2025090404012131,SPDL,Thrive Brokerage House Pvt. Ltd,J.F. Securites (PVT) Ltd.,11,395.7,4352.7,2025-09-04T14:22:45.251141
2025-09-04,18625,2025090404012170,SPDL,Trishakti Securities Public Limited,J.F. Securites (PVT) Ltd.,89,395.7,35217.3,2025-09-04T14:23:30.593984
2025-09-04,18539,2025090404012198,SPDL,Trishakti Securities Public Limited,Siprabi Securities Pvt. Ltd.,411,395.7,162632.7,2025-09-04T14:23:43.055217
2025-09-04,18012,2025090404012310,SPDL,N.I.M.B. Stock Markets Limited,Midas Stock Broking Company Private Limited,30,395.0,11850.0,2025-09-04T14:25:37.771345
2025-09-04,17594,2025090404012414,SPDL,N.I.M.B. Stock Markets Limited,Capital Max Securities Ltd,470,395.0,185650.0,2025-09-04T14:27:15.677918
2025-09-04,17201,2025090404012491,SPDL,Midas Stock Broking Company Private Limited,Kohinoor Investment & Securities Pvt. Ltd.,50,395.6,19780.0,2025-09-04T14:28:32.953114
2025-09-04,17132,2025090404012514,SPDL,Midas Stock Broking Company Private Limited,Capital Max Securities Ltd,30,395.6,11868.0,2025-09-04T14:28:44.10493
2025-09-04,16734,2025090404012624,SPDL,Deevyaa Securities & Stock House Pvt. Ltd,Siprabi Securities Pvt. Ltd.,500,395.7,197850.0,2025-09-04T14:29:46.028394
2025-09-04,16471,2025090404012711,SPDL,Midas Stock Broking Company Private Limited,APPLE SECURITIES PRIVATE LIMITED,20,395.6,7912.0,2025-09-04T14:30:39.713074
2025-09-04,16470,2025090404012712,SPDL,N.I.M.B. Stock Markets Limited,APPLE SECURITIES PRIVATE LIMITED,100,395.0,39500.0,2025-09-04T14:30:39.713283
2025-09-04,16469,2025090404012713,SPDL,Naasa Securities Co. Ltd.,APPLE SECURITIES PRIVATE LIMITED,200,395.0,79000.0,2025-09-04T14:30:39.71338
2025-09-04,16345,2025090404012744,SPDL,Dakshinkali Investment & Securities Pvt. Ltd.,APPLE SECURITIES PRIVATE LIMITED,180,394.3,70974.0,2025-09-04T14:31:01.771906
2025-09-04,16188,2025090404012785,SPDL,Midas Stock Broking Company Private Limited,Siprabi Securities Pvt. Ltd.,89,395.7,35217.3,2025-09-04T14:31:28.073025
2025-09-04,15989,2025090404012842,SPDL,Deevyaa Securities & Stock House Pvt. Ltd,Dynamic Money Managers Securities Pvt. Ltd.,10,396.0,3960.0,2025-09-04T14:31:57.715227
2025-09-04,15988,2025090404012843,SPDL,Deevyaa Securities & Stock House Pvt. Ltd,Linch Stock Market Ltd.,200,396.0,79200.0,2025-09-04T14:31:57.715575
2025-09-04,15933,2025090404012856,SPDL,Midas Stock Broking Company Private Limited,Sani Securities Company Ltd.,11,396.5,4361.5,2025-09-04T14:32:12.276886
2025-09-04,15815,2025090404012885,SPDL,Deevyaa Securities & Stock House Pvt. Ltd,Siprabi Securities Pvt. Ltd.,1790,396.0,708840.0,2025-09-04T14:32:32.847845
2025-09-04,15456,2025090404012972,SPDL,Vision Securities Pvt. Ltd,Siprabi Securities Pvt. Ltd.,210,396.0,83160.0,2025-09-04T14:33:27.991677
2025-09-04,15455,2025090404012973,SPDL,Vision Securities Pvt. Ltd,Primo Securities (PVT) Ltd.,100,396.4,39640.0,2025-09-04T14:33:27.99176
2025-09-04,15454,2025090404012974,SPDL,Vision Securities Pvt. Ltd,Sani Securities Company Ltd.,164,396.5,65026.0,2025-09-04T14:33:27.991784
2025-09-04,15453,2025090404012975,SPDL,Vision Securities Pvt. Ltd,Ashutosh Brokerage & Securities (PVT) Ltd.,250,396.5,99125.0,2025-09-04T14:33:27.991811
2025-09-04,15452,2025090404012976,SPDL,Vision Securities Pvt. Ltd,Siprabi Securities Pvt. Ltd.,1500,396.5,594750.0,2025-09-04T14:33:27.991834
2025-09-04,15451,2025090404012977,SPDL,Vision Securities Pvt. Ltd,ABC Securities Private Limited,300,396.7,119010.0,2025-09-04T14:33:27.991861
2025-09-04,15450,2025090404012978,SPDL,Vision Securities Pvt. Ltd,Aryatara Investment & Securities,1476,396.8,585676.8,2025-09-04T14:33:27.991884
2025-09-04,15055,2025090404013108,SPDL,Sundhara Securities Limited,Sumeru Securities Pvt. Ltd.,500,396.7,198350.0,2025-09-04T14:34:27.822174
2025-09-04,14819,2025090404013186,SPDL,KALASH STOCK MARKET PVT. LTD.,ABC Securities Private Limited,220,395.0,86900.0,2025-09-04T14:35:07.987441
2025-09-04,14126,2025090404013348,SPDL,Dipshikha Dhitopatra Karobar Co. Pvt Ltd.,Trisul Securities & Invt. Ltd.,26,395.2,10275.2,2025-09-04T14:36:44.260788
2025-09-04,13811,2025090404013433,SPDL,Sumeru Securities Pvt. Ltd.,Kumari Securities Private Limited,440,395.3,173932.0,2025-09-04T14:37:27.30395
2025-09-04,13810,2025090404013434,SPDL,Dipshikha Dhitopatra Karobar Co. Pvt Ltd.,Kumari Securities Private Limited,474,395.2,187324.8,2025-09-04T14:37:27.304162
2025-09-04,13809,2025090404013435,SPDL,Sani Securities Company Ltd.,Kumari Securities Private Limited,86,395.2,33987.2,2025-09-04T14:37:27.304231
2025-09-04,13456,2025090404013527,SPDL,Sani Securities Company Ltd.,Capital Max Securities Ltd,10,396.7,3967.0,2025-09-04T14:38:18.758523
2025-09-04,13285,2025090404013584,SPDL,Imperial Securities Company Pvt. Ltd.,Capital Max Securities Ltd,300,396.7,119010.0,2025-09-04T14:38:47.254824
2025-09-04,11652,2025090404013941,SPDL,Primo Securities (PVT) Ltd.,Sagarmatha Securities Private Limited,500,396.0,198000.0,2025-09-04T14:42:52.054128
2025-09-04,11598,2025090404013965,SPDL,Sani Securities Company Ltd.,Capital Max Securities Ltd,190,396.7,75373.0,2025-09-04T14:42:57.775393
2025-09-04,11597,2025090404013966,SPDL,Sani Securities Company Ltd.,Aryatara Investment & Securities,484,396.8,192051.2,2025-09-04T14:42:57.775568
2025-09-04,11596,2025090404013967,SPDL,Sani Securities Company Ltd.,Siprabi Securities Pvt. Ltd.,240,396.9,95256.0,2025-09-04T14:42:57.775647
2025-09-04,10654,2025090404014161,SPDL,Primo Securities (PVT) Ltd.,Kohinoor Investment & Securities Pvt. Ltd.,300,396.0,118800.0,2025-09-04T14:45:19.159654
2025-09-04,10515,2025090404014192,SPDL,Dakshinkali Investment & Securities Pvt. Ltd.,Kohinoor Investment & Securities Pvt. Ltd.,120,396.0,47520.0,2025-09-04T14:45:44.814327
2025-09-04,9938,2025090404014294,SPDL,Sani Securities Company Ltd.,Kohinoor Investment & Securities Pvt. Ltd.,100,395.6,39560.0,2025-09-04T14:46:58.779756
2025-09-04,9635,2025090404014394,SPDL,Midas Stock Broking Company Private Limited,Kohinoor Investment & Securities Pvt. Ltd.,10,396.0,3960.0,2025-09-04T14:47:34.378
2025-09-04,9384,2025090404014438,SPDL,Oxford Securities Pvt. Ltd.,Kohinoor Investment & Securities Pvt. Ltd.,400,396.0,158400.0,2025-09-04T14:48:06.074886
2025-09-04,9383,2025090404014439,SPDL,Oxford Securities Pvt. Ltd.,Asian Securities Private Ltd.,100,396.0,39600.0,2025-09-04T14:48:06.075077
2025-09-04,9299,2025090404014474,SPDL,ABC Securities Private Limited,Naasa Securities Co. Ltd.,50,395.5,19775.0,2025-09-04T14:48:12.79817
2025-09-04,9298,2025090404014475,SPDL,Secured Securities Ltd.,Naasa Securities Co. Ltd.,130,395.5,51415.0,2025-09-04T14:48:12.798501
2025-09-04,9255,2025090404014489,SPDL,Oxford Securities Pvt. Ltd.,Naasa Securities Co. Ltd.,40,395.5,15820.0,2025-09-04T14:48:17.252832
2025-09-04,9254,2025090404014490,SPDL,Oxford Securities Pvt. Ltd.,Asian Securities Private Ltd.,76,396.0,30096.0,2025-09-04T14:48:17.253015
2025-09-04,9253,2025090404014491,SPDL,Oxford Securities Pvt. Ltd.,Aryatara Investment & Securities,460,396.0,182160.0,2025-09-04T14:48:17.253076
2025-09-04,8538,2025090404014665,SPDL,J.F. Securites (PVT) Ltd.,Aryatara Investment & Securities,40,396.0,15840.0,2025-09-04T14:49:42.360247
2025-09-04,8055,2025090404014784,SPDL,Cristal Kanchanjanga Securites Pvt. Ltd.,South Asian Bulls Pvt. Ltd.,40,396.5,15860.0,2025-09-04T14:50:28.724667
2025-09-04,7996,2025090404014788,SPDL,J.F. Securites (PVT) Ltd.,Global IME Securities Limited,100,396.0,39600.0,2025-09-04T14:50:35.609794
2025-09-04,7918,2025090404014818,SPDL,Sundhara Securities Limited,Kohinoor Investment & Securities Pvt. Ltd.,200,396.6,79320.0,2025-09-04T14:50:46.418797
2025-09-04,7917,2025090404014819,SPDL,Sundhara Securities Limited,Primo Securities (PVT) Ltd.,100,396.6,39660.0,2025-09-04T14:50:46.418977
2025-09-04,7916,2025090404014820,SPDL,Sundhara Securities Limited,Aryatara Investment & Securities,120,396.6,47592.0,2025-09-04T14:50:46.419045
2025-09-04,7915,2025090404014821,SPDL,Sundhara Securities Limited,Siprabi Securities Pvt. Ltd.,780,396.7,309426.0,2025-09-04T14:50:46.419111
2025-09-04,7579,2025090404014914,SPDL,Sundhara Securities Limited,J.F. Securites (PVT) Ltd.,50,396.6,19830.0,2025-09-04T14:51:33.672078
2025-09-04,7466,2025090404014944,SPDL,Malla & Malla Stock Broking Company Pvt. Limited,Asian Securities Private Ltd.,11,396.1,4357.1,2025-09-04T14:51:48.861622
2025-09-04,7373,2025090404014964,SPDL,Malla & Malla Stock Broking Company Pvt. Limited,Trisul Securities & Invt. Ltd.,289,396.1,114472.9,2025-09-04T14:51:58.680079
2025-09-04,7189,2025090404015015,SPDL,Oxford Securities Pvt. Ltd.,Trisul Securities & Invt. Ltd.,211,396.1,83577.1,2025-09-04T14:52:17.227776
2025-09-04,7142,2025090404015040,SPDL,J.F. Securites (PVT) Ltd.,INDEX SECURITIES LIMITED,360,396.0,142560.0,2025-09-04T14:52:22.139529
2025-09-04,7141,2025090404015041,SPDL,Nagarik Stock Dealer ,INDEX SECURITIES LIMITED,50,396.0,19800.0,2025-09-04T14:52:22.139724
2025-09-04,7140,2025090404015042,SPDL,Vision Securities Pvt. Ltd,INDEX SECURITIES LIMITED,500,396.0,198000.0,2025-09-04T14:52:22.139803
2025-09-04,6931,2025090404015102,SPDL,Oxford Securities Pvt. Ltd.,INDEX SECURITIES LIMITED,590,396.0,233640.0,2025-09-04T14:52:43.049212
2025-09-04,6697,2025090404015161,SPDL,Malla & Malla Stock Broking Company Pvt. Limited,Nepal Investment And Securities Trading Private Limited,36,396.6,14277.6,2025-09-04T14:53:06.051722
2025-09-04,6209,2025090404015264,SPDL,Sani Securities Company Ltd.,Aryatara Investment & Securities,50,396.0,19800.0,2025-09-04T14:53:57.404652
2025-09-04,6130,2025090404015284,SPDL,Midas Stock Broking Company Private Limited,Agrawal Securities (PVT) Ltd.,10,396.1,3961.0,2025-09-04T14:54:04.520514
2025-09-04,5504,2025090404015483,SPDL,Naasa Securities Co. Ltd.,Agrawal Securities (PVT) Ltd.,35,396.1,13863.5,2025-09-04T14:54:57.794002
2025-09-04,5082,2025090404015613,SPDL,Prabhu Stock Market Limited,Agrawal Securities (PVT) Ltd.,205,396.1,81200.5,2025-09-04T14:55:39.18388
2025-09-04,5081,2025090404015614,SPDL,Prabhu Stock Market Limited,Nepal Investment And Securities Trading Private Limited,1190,396.6,471954.0,2025-09-04T14:55:39.184089
2025-09-04,5080,2025090404015615,SPDL,Prabhu Stock Market Limited,Primo Securities (PVT) Ltd.,100,396.6,39660.0,2025-09-04T14:55:39.18416
2025-09-04,4697,2025090404015701,SPDL,Imperial Securities Company Pvt. Ltd.,Siprabi Securities Pvt. Ltd.,300,396.7,119010.0,2025-09-04T14:55:57.396843
2025-09-04,4688,2025090404015709,SPDL,Oxford Securities Pvt. Ltd.,Siprabi Securities Pvt. Ltd.,441,396.7,174944.7,2025-09-04T14:55:57.789625
2025-09-04,4687,2025090404015710,SPDL,Oxford Securities Pvt. Ltd.,Sani Securities Company Ltd.,100,396.7,39670.0,2025-09-04T14:55:57.789968
2025-09-04,4645,2025090404015715,SPDL,Oxford Securities Pvt. Ltd.,Kohinoor Investment & Securities Pvt. Ltd.,50,396.7,19835.0,2025-09-04T14:56:01.187228
2025-09-04,4378,2025090404015788,SPDL,Secured Securities Ltd.,Siprabi Securities Pvt. Ltd.,541,396.9,214722.9,2025-09-04T14:56:20.814925
2025-09-04,4377,2025090404015789,SPDL,Secured Securities Ltd.,J.F. Securites (PVT) Ltd.,459,396.9,182177.1,2025-09-04T14:56:20.815177
2025-09-04,4263,2025090404015806,SPDL,Kohinoor Investment & Securities Pvt. Ltd.,J.F. Securites (PVT) Ltd.,1000,396.9,396900.0,2025-09-04T14:56:29.403801
2025-09-04,4256,2025090404015811,SPDL,Kumari Securities Private Limited,J.F. Securites (PVT) Ltd.,195,396.9,77395.5,2025-09-04T14:56:29.872491
2025-09-04,4240,2025090404015813,SPDL,Kumari Securities Private Limited,Kohinoor Investment & Securities Pvt. Ltd.,150,396.9,59535.0,2025-09-04T14:56:30.410296
2025-09-04,4139,2025090404015838,SPDL,Sani Securities Company Ltd.,Oxford Securities Pvt. Ltd.,90,397.0,35730.0,2025-09-04T14:56:38.333692
2025-09-04,4138,2025090404015839,SPDL,Sani Securities Company Ltd.,Creative Securities Pvt Ltd,60,397.0,23820.0,2025-09-04T14:56:38.333886
2025-09-04,4074,2025090404015848,SPDL,Kumari Securities Private Limited,Trademow Securities Private Limited,155,396.9,61519.5,2025-09-04T14:56:42.772181
2025-09-04,4073,2025090404015849,SPDL,Kohinoor Investment & Securities Pvt. Ltd.,Trademow Securities Private Limited,345,396.8,136896.0,2025-09-04T14:56:42.772417
2025-09-04,3632,2025090404015984,SPDL,Kohinoor Investment & Securities Pvt. Ltd.,Citizens Share Broker Limited,340,396.8,134912.0,2025-09-04T14:57:10.289943
2025-09-04,3631,2025090404015985,SPDL,Oxford Securities Pvt. Ltd.,Citizens Share Broker Limited,150,396.7,59505.0,2025-09-04T14:57:10.290113
2025-09-04,3511,2025090404016024,SPDL,Imperial Securities Company Pvt. Ltd.,Imperial Securities Company Pvt. Ltd.,500,396.5,198250.0,2025-09-04T14:57:18.841626
2025-09-04,3510,2025090404016025,SPDL,Prabhu Stock Market Limited,Imperial Securities Company Pvt. Ltd.,50,396.3,19815.0,2025-09-04T14:57:18.841677
2025-09-04,3509,2025090404016026,SPDL,Siprabi Securities Pvt. Ltd.,Imperial Securities Company Pvt. Ltd.,2338,396.0,925848.0,2025-09-04T14:57:18.841717
2025-09-04,3456,2025090404016042,SPDL,Kohinoor Investment & Securities Pvt. Ltd.,Capital Max Securities Ltd,20,396.6,7932.0,2025-09-04T14:57:22.894616
2025-09-04,3369,2025090404016067,SPDL,Dakshinkali Investment & Securities Pvt. Ltd.,Capital Max Securities Ltd,100,396.6,39660.0,2025-09-04T14:57:28.644308
2025-09-04,3269,2025090404016093,SPDL,Trishakti Securities Public Limited,Capital Max Securities Ltd,380,396.6,150708.0,2025-09-04T14:57:33.660843
2025-09-04,3268,2025090404016094,SPDL,Trishakti Securities Public Limited,Citizens Share Broker Limited,10,396.7,3967.0,2025-09-04T14:57:33.661185
2025-09-04,3267,2025090404016095,SPDL,Trishakti Securities Public Limited,Cristal Kanchanjanga Securites Pvt. Ltd.,120,396.9,47628.0,2025-09-04T14:57:33.661424
2025-09-04,3266,2025090404016096,SPDL,Trishakti Securities Public Limited,Creative Securities Pvt Ltd,940,397.0,373180.0,2025-09-04T14:57:33.661624
2025-09-04,3265,2025090404016097,SPDL,Trishakti Securities Public Limited,Sumeru Securities Pvt. Ltd.,40,397.0,15880.0,2025-09-04T14:57:33.661842
2025-09-04,3264,2025090404016098,SPDL,Trishakti Securities Public Limited,Malla & Malla Stock Broking Company Pvt. Limited,500,397.0,198500.0,2025-09-04T14:57:33.662026
2025-09-04,2889,2025090404016215,SPDL,ABC Securities Private Limited,Midas Stock Broking Company Private Limited,10,397.9,3979.0,2025-09-04T14:58:00.000558
2025-09-04,2834,2025090404016224,SPDL,Bhrikuti Stock Broking Co. Pvt. Ltd.,Midas Stock Broking Company Private Limited,150,397.9,59685.0,2025-09-04T14:58:04.677781
2025-09-04,2793,2025090404016237,SPDL,Nepal Stock House (PVT) Ltd.,Midas Stock Broking Company Private Limited,200,397.9,79580.0,2025-09-04T14:58:07.116129
2025-09-04,2517,2025090404016323,SPDL,Investment Management Nepal Pvt. Ltd.,Kohinoor Investment & Securities Pvt. Ltd.,650,397.8,258570.0,2025-09-04T14:58:25.095215
2025-09-04,2516,2025090404016324,SPDL,Investment Management Nepal Pvt. Ltd.,Midas Stock Broking Company Private Limited,350,397.9,139265.0,2025-09-04T14:58:25.09542
2025-09-04,2332,2025090404016376,SPDL,Sani Securities Company Ltd.,Midas Stock Broking Company Private Limited,250,397.2,99300.0,2025-09-04T14:58:33.917277
2025-09-04,2331,2025090404016377,SPDL,Dakshinkali Investment & Securities Pvt. Ltd.,Midas Stock Broking Company Private Limited,235,397.1,93318.5,2025-09-04T14:58:33.917598
2025-09-04,2147,2025090404016440,SPDL,Nepal Investment And Securities Trading Private Limited,Midas Stock Broking Company Private Limited,50,397.1,19855.0,2025-09-04T14:58:44.423121
2025-09-04,2135,2025090404016444,SPDL,Deevyaa Securities & Stock House Pvt. Ltd,Midas Stock Broking Company Private Limited,105,397.1,41695.5,2025-09-04T14:58:44.972453
2025-09-04,2134,2025090404016445,SPDL,Deevyaa Securities & Stock House Pvt. Ltd,Linch Stock Market Ltd.,300,397.7,119310.0,2025-09-04T14:58:44.972638
2025-09-04,2133,2025090404016446,SPDL,Deevyaa Securities & Stock House Pvt. Ltd,Sani Securities Company Ltd.,95,397.7,37781.5,2025-09-04T14:58:44.972707
2025-09-04,1919,2025090404016531,SPDL,Trishakti Securities Public Limited,Primo Securities (PVT) Ltd.,10,397.0,3970.0,2025-09-04T14:58:55.637736
2025-09-04,1918,2025090404016532,SPDL,Aryatara Investment & Securities,Primo Securities (PVT) Ltd.,90,397.0,35730.0,2025-09-04T14:58:55.638095
2025-09-04,1494,2025090404016643,SPDL,Kohinoor Investment & Securities Pvt. Ltd.,Secured Securities Ltd.,90,397.9,35811.0,2025-09-04T14:59:14.391707
2025-09-04,1215,2025090404016699,SPDL,Kohinoor Investment & Securities Pvt. Ltd.,Trishakti Securities Public Limited,70,397.9,27853.0,2025-09-04T14:59:23.737192
2025-09-04,1121,2025090404016725,SPDL,Kohinoor Investment & Securities Pvt. Ltd.,Siprabi Securities Pvt. Ltd.,840,397.9,334236.0,2025-09-04T14:59:26.704074
2025-09-04,1101,2025090404016734,SPDL,Aryatara Investment & Securities,Swarna Laxmi Securities Pvt. Ltd.,200,397.0,79400.0,2025-09-04T14:59:27.339365
