Date,S.N.,Contract ID,Symbol,Buyer Broker,Seller Broker,quantity,rate,amount,transaction_time
2025-09-04,68656,2025090404000120,TRH,Agrawal Securities (PVT) Ltd.,Dipshikha Dhitopatra Karobar Co. Pvt Ltd.,10,911.4,9114.0,2025-09-04T11:02:49.506477
2025-09-04,65634,2025090404000960,TRH,Imperial Securities Company Pvt. Ltd.,Opal Securities Investment (PVT) Ltd.,10,919.0,9190.0,2025-09-04T11:15:39.891283
2025-09-04,64153,2025090404001302,TRH,Aryatara Investment & Securities,Aryatara Investment & Securities,100,925.0,92500.0,2025-09-04T11:21:09.201062
2025-09-04,63310,2025090404001505,TRH,Opal Securities Investment (PVT) Ltd.,Aryatara Investment & Securities,30,925.0,27750.0,2025-09-04T11:24:35.288887
2025-09-04,62658,2025090404001624,TRH,Asian Securities Private Ltd.,Aryatara Investment & Securities,49,925.0,45325.0,2025-09-04T11:27:42.12255
2025-09-04,62657,2025090404001625,TRH,Asian Securities Private Ltd.,Opal Securities Investment (PVT) Ltd.,51,925.0,47175.0,2025-09-04T11:27:42.122662
2025-09-04,59840,2025090404002195,TRH,Online Securities Pvt. Ltd.,Opal Securities Investment (PVT) Ltd.,24,925.0,22200.0,2025-09-04T11:39:05.004656
2025-09-04,59582,2025090404002237,TRH,Online Securities Pvt. Ltd.,Vision Securities Pvt. Ltd,20,926.0,18520.0,2025-09-04T11:40:05.349663
2025-09-04,57883,2025090404002662,TRH,Neev Securities Pvt. Ltd.,Agrawal Securities (PVT) Ltd.,2,920.0,1840.0,2025-09-04T11:48:19.883937
2025-09-04,55876,2025090404003077,TRH,Sewa Securities Pvt. Ltd.,Imperial Securities Company Pvt. Ltd.,12,921.0,11052.0,2025-09-04T11:57:46.80806
2025-09-04,52154,2025090404004143,TRH,Opal Securities Investment (PVT) Ltd.,ABC Securities Private Limited,100,921.0,92100.0,2025-09-04T12:12:33.756951
2025-09-04,52153,2025090404004144,TRH,Vision Securities Pvt. Ltd,ABC Securities Private Limited,60,920.5,55230.0,2025-09-04T12:12:33.75707
2025-09-04,52152,2025090404004145,TRH,Imperial Securities Company Pvt. Ltd.,ABC Securities Private Limited,40,920.1,36804.0,2025-09-04T12:12:33.757109
2025-09-04,52151,2025090404004146,TRH,Sri Hari Securities Pvt. Ltd.,ABC Securities Private Limited,12,920.0,11040.0,2025-09-04T12:12:33.757144
2025-09-04,52150,2025090404004147,TRH,Sewa Securities Pvt. Ltd.,ABC Securities Private Limited,50,920.0,46000.0,2025-09-04T12:12:33.757177
2025-09-04,52149,2025090404004148,TRH,Trishakti Securities Public Limited,ABC Securities Private Limited,50,920.0,46000.0,2025-09-04T12:12:33.757208
2025-09-04,49692,2025090404004748,TRH,Sani Securities Company Ltd.,ABC Securities Private Limited,88,920.0,80960.0,2025-09-04T12:23:29.2892
2025-09-04,49691,2025090404004749,TRH,Sani Securities Company Ltd.,Siprabi Securities Pvt. Ltd.,20,920.0,18400.0,2025-09-04T12:23:29.28928
2025-09-04,49592,2025090404004759,TRH,Sani Securities Company Ltd.,Imperial Securities Company Pvt. Ltd.,20,920.0,18400.0,2025-09-04T12:24:02.451375
2025-09-04,49230,2025090404004822,TRH,Sani Securities Company Ltd.,Nepal Stock House (PVT) Ltd.,162,920.0,149040.0,2025-09-04T12:25:35.041144
2025-09-04,48923,2025090404004918,TRH,Kohinoor Investment & Securities Pvt. Ltd.,Nepal Stock House (PVT) Ltd.,13,922.0,11986.0,2025-09-04T12:27:11.620048
2025-09-04,43604,2025090404006236,TRH,Sewa Securities Pvt. Ltd.,Nepal Stock House (PVT) Ltd.,13,917.0,11921.0,2025-09-04T12:46:26.898893
2025-09-04,43603,2025090404006237,TRH,Cristal Kanchanjanga Securites Pvt. Ltd.,Nepal Stock House (PVT) Ltd.,70,915.1,64057.0,2025-09-04T12:46:26.898988
2025-09-04,43602,2025090404006238,TRH,Sri Hari Securities Pvt. Ltd.,Nepal Stock House (PVT) Ltd.,300,915.0,274500.0,2025-09-04T12:46:26.899027
2025-09-04,43601,2025090404006239,TRH,Global IME Securities Limited,Nepal Stock House (PVT) Ltd.,50,915.0,45750.0,2025-09-04T12:46:26.899063
2025-09-04,43444,2025090404006278,TRH,Online Securities Pvt. Ltd.,Dakshinkali Investment & Securities Pvt. Ltd.,6,920.0,5520.0,2025-09-04T12:46:57.777503
2025-09-04,42306,2025090404006534,TRH,Aryatara Investment & Securities,Sumeru Securities Pvt. Ltd.,100,913.1,91310.0,2025-09-04T12:50:37.77323
2025-09-04,42305,2025090404006535,TRH,Naasa Securities Co. Ltd.,Sumeru Securities Pvt. Ltd.,15,913.0,13695.0,2025-09-04T12:50:37.773415
2025-09-04,42220,2025090404006544,TRH,Naasa Securities Co. Ltd.,Miyo Securities Pvt Ltd,20,913.0,18260.0,2025-09-04T12:50:54.037352
2025-09-04,42219,2025090404006545,TRH,ABC Securities Private Limited,Miyo Securities Pvt Ltd,180,913.0,164340.0,2025-09-04T12:50:54.037465
2025-09-04,36791,2025090404007903,TRH,Online Securities Pvt. Ltd.,Naasa Securities Co. Ltd.,10,914.1,9141.0,2025-09-04T13:11:15.498444
2025-09-04,35188,2025090404008194,TRH,Thrive Brokerage House Pvt. Ltd,Opal Securities Investment (PVT) Ltd.,45,925.0,41625.0,2025-09-04T13:18:27.035787
2025-09-04,33095,2025090404008652,TRH,Aryatara Investment & Securities,Nepal Stock House (PVT) Ltd.,50,920.0,46000.0,2025-09-04T13:27:24.097353
2025-09-04,32964,2025090404008692,TRH,Midas Stock Broking Company Private Limited,Nepal Stock House (PVT) Ltd.,17,920.0,15640.0,2025-09-04T13:28:05.561837
2025-09-04,31761,2025090404008983,TRH,Agrawal Securities (PVT) Ltd.,Nepal Stock House (PVT) Ltd.,20,920.0,18400.0,2025-09-04T13:33:41.81125
2025-09-04,25218,2025090404010565,TRH,MILKY WAY SHARE BROKER COMPANY LTD ,Online Securities Pvt. Ltd.,75,919.9,68992.5,2025-09-04T13:59:27.338668
2025-09-04,22859,2025090404011137,TRH,Sharepro Securities Private Limited,Online Securities Pvt. Ltd.,25,919.9,22997.5,2025-09-04T14:08:13.970942
2025-09-04,22858,2025090404011138,TRH,Sharepro Securities Private Limited,Nepal Stock House (PVT) Ltd.,35,920.0,32200.0,2025-09-04T14:08:13.971102
2025-09-04,22857,2025090404011139,TRH,Sharepro Securities Private Limited,Nepal Stock House (PVT) Ltd.,20,920.0,18400.0,2025-09-04T14:08:13.971148
2025-09-04,22856,2025090404011140,TRH,Sharepro Securities Private Limited,Opal Securities Investment (PVT) Ltd.,45,920.0,41400.0,2025-09-04T14:08:13.971189
2025-09-04,22855,2025090404011141,TRH,Sharepro Securities Private Limited,Kohinoor Investment & Securities Pvt. Ltd.,75,920.0,69000.0,2025-09-04T14:08:13.971234
2025-09-04,20735,2025090404011669,TRH,Naasa Securities Co. Ltd.,Kohinoor Investment & Securities Pvt. Ltd.,20,920.0,18400.0,2025-09-04T14:16:14.972875
2025-09-04,20661,2025090404011693,TRH,Naasa Securities Co. Ltd.,Sani Securities Company Ltd.,50,916.0,45800.0,2025-09-04T14:16:29.301807
2025-09-04,20660,2025090404011694,TRH,Sewa Securities Pvt. Ltd.,Sani Securities Company Ltd.,10,915.7,9157.0,2025-09-04T14:16:29.301924
2025-09-04,20659,2025090404011695,TRH,Magnet Securities and Investment Company Private Limited,Sani Securities Company Ltd.,20,915.6,18312.0,2025-09-04T14:16:29.301968
2025-09-04,17759,2025090404012374,TRH,Nepal Investment And Securities Trading Private Limited,Bhrikuti Stock Broking Co. Pvt. Ltd.,11,916.0,10076.0,2025-09-04T14:26:32.811635
2025-09-04,16620,2025090404012678,TRH,Imperial Securities Company Pvt. Ltd.,Magnet Securities and Investment Company Private Limited,150,920.0,138000.0,2025-09-04T14:30:07.662728
2025-09-04,13470,2025090404013521,TRH,Capital Max Securities Ltd,Shree Krishna Securities Ltd.,10,919.9,9199.0,2025-09-04T14:38:16.575213
2025-09-04,13469,2025090404013522,TRH,Capital Max Securities Ltd,Magnet Securities and Investment Company Private Limited,90,920.0,82800.0,2025-09-04T14:38:16.575431
2025-09-04,7369,2025090404014965,TRH,Magnet Securities and Investment Company Private Limited,Magnet Securities and Investment Company Private Limited,140,920.0,128800.0,2025-09-04T14:51:58.859478
2025-09-04,6346,2025090404015237,TRH,Kohinoor Investment & Securities Pvt. Ltd.,Magnet Securities and Investment Company Private Limited,170,920.0,156400.0,2025-09-04T14:53:42.703412
2025-09-04,4582,2025090404015745,TRH,Sani Securities Company Ltd.,Trisul Securities & Invt. Ltd.,30,924.0,27720.0,2025-09-04T14:56:06.933276
2025-09-04,3462,2025090404016037,TRH,Trisul Securities & Invt. Ltd.,Investment Management Nepal Pvt. Ltd.,25,920.0,23000.0,2025-09-04T14:57:22.625374
2025-09-04,3461,2025090404016038,TRH,Indira securities pvt. ltd,Investment Management Nepal Pvt. Ltd.,100,920.0,92000.0,2025-09-04T14:57:22.625505
2025-09-04,3460,2025090404016039,TRH,Thrive Brokerage House Pvt. Ltd,Investment Management Nepal Pvt. Ltd.,135,918.1,123943.5,2025-09-04T14:57:22.625559
2025-09-04,3459,2025090404016040,TRH,Capital Max Securities Ltd,Investment Management Nepal Pvt. Ltd.,125,918.1,114762.5,2025-09-04T14:57:22.625607
2025-09-04,3458,2025090404016041,TRH,Sani Securities Company Ltd.,Investment Management Nepal Pvt. Ltd.,55,918.0,50490.0,2025-09-04T14:57:22.625655
