Date,S.N.,contract_id,symbol,buyer_broker,seller_broker,volume,price,amount,transaction_time
2025-08-31,93906,2025083104000161,CHCL,Siprabi Securities Pvt. Ltd.,Naasa Securities Co. Ltd.,22,510.0,11220.0,2025-08-31T11:04:23.573114
2025-08-31,91720,2025083104000274,CHCL,Siprabi Securities Pvt. Ltd.,Deevyaa Securities & Stock House Pvt. Ltd,78,510.0,39780.0,2025-08-31T11:08:14.613719
2025-08-31,90891,2025083104000323,CHCL,Trishakti Securities Public Limited,Imperial Securities Company Pvt. Ltd.,12,506.0,6072.0,2025-08-31T11:09:35.496728
2025-08-31,90375,2025083104000370,CHCL,Dynamic Money Managers Securities Pvt. Ltd.,Dynamic Money Managers Securities Pvt. Ltd.,20,505.0,10100.0,2025-08-31T11:10:42.145869
2025-08-31,90374,2025083104000371,CHCL,Dipshikha Dhitopatra Karobar Co. Pvt Ltd.,Dynamic Money Managers Securities Pvt. Ltd.,159,505.0,80295.0,2025-08-31T11:10:42.145951
2025-08-31,88397,2025083104000494,CHCL,Agrawal Securities (PVT) Ltd.,Sumeru Securities Pvt. Ltd.,23,509.0,11707.0,2025-08-31T11:13:46.63138
2025-08-31,88396,2025083104000495,CHCL,Agrawal Securities (PVT) Ltd.,Deevyaa Securities & Stock House Pvt. Ltd,27,509.0,13743.0,2025-08-31T11:13:46.631455
2025-08-31,87575,2025083104000552,CHCL,Sharepro Securities Private Limited,Deevyaa Securities & Stock House Pvt. Ltd,473,509.0,240757.0,2025-08-31T11:15:08.42902
2025-08-31,87574,2025083104000553,CHCL,Sharepro Securities Private Limited,Linch Stock Market Ltd.,27,509.0,13743.0,2025-08-31T11:15:08.429122
2025-08-31,86687,2025083104000624,CHCL,Agrawal Securities (PVT) Ltd.,Linch Stock Market Ltd.,23,509.0,11707.0,2025-08-31T11:16:41.227567
2025-08-31,86586,2025083104000637,CHCL,Agrawal Securities (PVT) Ltd.,Primo Securities (PVT) Ltd.,10,516.9,5169.0,2025-08-31T11:16:50.340776
2025-08-31,84706,2025083104000785,CHCL,Secured Securities Ltd.,Ashutosh Brokerage & Securities (PVT) Ltd.,25,507.1,12677.5,2025-08-31T11:20:07.065667
2025-08-31,84705,2025083104000786,CHCL,Imperial Securities Company Pvt. Ltd.,Ashutosh Brokerage & Securities (PVT) Ltd.,10,507.0,5070.0,2025-08-31T11:20:07.065819
2025-08-31,84704,2025083104000787,CHCL,Imperial Securities Company Pvt. Ltd.,Ashutosh Brokerage & Securities (PVT) Ltd.,10,507.0,5070.0,2025-08-31T11:20:07.065867
2025-08-31,84703,2025083104000788,CHCL,Cristal Kanchanjanga Securites Pvt. Ltd.,Ashutosh Brokerage & Securities (PVT) Ltd.,40,507.0,20280.0,2025-08-31T11:20:07.065908
2025-08-31,79609,2025083104001349,CHCL,Bhrikuti Stock Broking Co. Pvt. Ltd.,Naasa Securities Co. Ltd.,200,507.2,101440.0,2025-08-31T11:29:58.644983
2025-08-31,79608,2025083104001350,CHCL,Dipshikha Dhitopatra Karobar Co. Pvt Ltd.,Naasa Securities Co. Ltd.,241,507.2,122235.2,2025-08-31T11:29:58.64525
2025-08-31,79607,2025083104001351,CHCL,Vision Securities Pvt. Ltd,Naasa Securities Co. Ltd.,459,507.1,232758.9,2025-08-31T11:29:58.645431
2025-08-31,77801,2025083104001560,CHCL,Agrawal Securities (PVT) Ltd.,Dipshikha Dhitopatra Karobar Co. Pvt Ltd.,10,510.0,5100.0,2025-08-31T11:33:55.49921
2025-08-31,76428,2025083104001701,CHCL,Agrawal Securities (PVT) Ltd.,Naasa Securities Co. Ltd.,10,509.0,5090.0,2025-08-31T11:36:43.005377
2025-08-31,76062,2025083104001736,CHCL,Vision Securities Pvt. Ltd,Deevyaa Securities & Stock House Pvt. Ltd,41,507.1,20791.1,2025-08-31T11:37:38.855946
2025-08-31,75707,2025083104001757,CHCL,Cristal Kanchanjanga Securites Pvt. Ltd.,Linch Stock Market Ltd.,160,507.0,81120.0,2025-08-31T11:38:20.314295
2025-08-31,75573,2025083104001771,CHCL,Naasa Securities Co. Ltd.,Deevyaa Securities & Stock House Pvt. Ltd,20,507.0,10140.0,2025-08-31T11:38:46.577797
2025-08-31,75572,2025083104001772,CHCL,Online Securities Pvt. Ltd.,Deevyaa Securities & Stock House Pvt. Ltd,35,507.0,17745.0,2025-08-31T11:38:46.577978
2025-08-31,74767,2025083104001833,CHCL,Aryatara Investment & Securities,Dynamic Money Managers Securities Pvt. Ltd.,16,506.8,8108.8,2025-08-31T11:40:41.579157
2025-08-31,74630,2025083104001851,CHCL,Aryatara Investment & Securities,Deevyaa Securities & Stock House Pvt. Ltd,84,506.8,42571.2,2025-08-31T11:41:09.213044
2025-08-31,74386,2025083104001884,CHCL,Agrawal Securities (PVT) Ltd.,Vision Securities Pvt. Ltd,20,506.6,10132.0,2025-08-31T11:41:43.596888
2025-08-31,74385,2025083104001885,CHCL,Sani Securities Company Ltd.,Vision Securities Pvt. Ltd,50,506.0,25300.0,2025-08-31T11:41:43.597147
2025-08-31,74384,2025083104001886,CHCL,Cristal Kanchanjanga Securites Pvt. Ltd.,Vision Securities Pvt. Ltd,100,506.0,50600.0,2025-08-31T11:41:43.597334
2025-08-31,74383,2025083104001887,CHCL,Agrawal Securities (PVT) Ltd.,Vision Securities Pvt. Ltd,100,505.1,50510.0,2025-08-31T11:41:43.597498
2025-08-31,74382,2025083104001888,CHCL,Trisul Securities & Invt. Ltd.,Vision Securities Pvt. Ltd,230,505.1,116173.0,2025-08-31T11:41:43.597645
2025-08-31,74086,2025083104001909,CHCL,Trisul Securities & Invt. Ltd.,Deevyaa Securities & Stock House Pvt. Ltd,242,505.1,122234.2,2025-08-31T11:42:16.720816
2025-08-31,73709,2025083104001942,CHCL,J.F. Securites (PVT) Ltd.,Sweta Securities Private Limited,20,507.0,10140.0,2025-08-31T11:42:56.448839
2025-08-31,73708,2025083104001943,CHCL,J.F. Securites (PVT) Ltd.,Naasa Securities Co. Ltd.,50,507.0,25350.0,2025-08-31T11:42:56.448996
2025-08-31,73707,2025083104001944,CHCL,J.F. Securites (PVT) Ltd.,Naasa Securities Co. Ltd.,890,509.0,453010.0,2025-08-31T11:42:56.44906
2025-08-31,73706,2025083104001945,CHCL,J.F. Securites (PVT) Ltd.,Dipshikha Dhitopatra Karobar Co. Pvt Ltd.,490,510.0,249900.0,2025-08-31T11:42:56.449125
2025-08-31,73705,2025083104001946,CHCL,J.F. Securites (PVT) Ltd.,Dipshikha Dhitopatra Karobar Co. Pvt Ltd.,50,510.0,25500.0,2025-08-31T11:42:56.449178
2025-08-31,73370,2025083104001979,CHCL,Naasa Securities Co. Ltd.,Dipshikha Dhitopatra Karobar Co. Pvt Ltd.,10,510.0,5100.0,2025-08-31T11:43:52.826903
2025-08-31,72797,2025083104002044,CHCL,Arun Securities (PVT) Ltd.,Nepal Stock House (PVT) Ltd.,10,507.0,5070.0,2025-08-31T11:45:34.913387
2025-08-31,72472,2025083104002073,CHCL,South Asian Bulls Pvt. Ltd.,Online Securities Pvt. Ltd.,77,505.2,38900.4,2025-08-31T11:46:35.367024
2025-08-31,71098,2025083104002204,CHCL,Sani Securities Company Ltd.,Online Securities Pvt. Ltd.,10,506.0,5060.0,2025-08-31T11:50:35.657724
2025-08-31,70602,2025083104002250,CHCL,South Asian Bulls Pvt. Ltd.,Online Securities Pvt. Ltd.,123,506.0,62238.0,2025-08-31T11:51:24.797551
2025-08-31,70469,2025083104002278,CHCL,Secured Securities Ltd.,Online Securities Pvt. Ltd.,265,506.0,134090.0,2025-08-31T11:51:37.460887
2025-08-31,70271,2025083104002328,CHCL,Vision Securities Pvt. Ltd,Online Securities Pvt. Ltd.,20,506.0,10120.0,2025-08-31T11:52:08.670036
2025-08-31,70225,2025083104002333,CHCL,Bhrikuti Stock Broking Co. Pvt. Ltd.,Online Securities Pvt. Ltd.,100,506.0,50600.0,2025-08-31T11:52:19.129572
2025-08-31,69967,2025083104002392,CHCL,J.F. Securites (PVT) Ltd.,Online Securities Pvt. Ltd.,75,506.0,37950.0,2025-08-31T11:53:03.691593
2025-08-31,69810,2025083104002407,CHCL,Sharepro Securities Private Limited,Online Securities Pvt. Ltd.,166,506.0,83996.0,2025-08-31T11:53:38.727452
2025-08-31,69686,2025083104002417,CHCL,Agrawal Securities (PVT) Ltd.,KALASH STOCK MARKET PVT. LTD.,10,509.0,5090.0,2025-08-31T11:54:00.56626
2025-08-31,69129,2025083104002488,CHCL,Naasa Securities Co. Ltd.,Malla & Malla Stock Broking Company Pvt. Limited,1,505.0,505.0,2025-08-31T11:55:18.337335
2025-08-31,68907,2025083104002514,CHCL,Agrawal Securities (PVT) Ltd.,KALASH STOCK MARKET PVT. LTD.,90,509.0,45810.0,2025-08-31T11:56:06.461952
2025-08-31,68807,2025083104002538,CHCL,Agrawal Securities (PVT) Ltd.,Premier Securities Company Ltd.,10,509.9,5099.0,2025-08-31T11:56:20.561371
2025-08-31,68142,2025083104002592,CHCL,Agrawal Securities (PVT) Ltd.,Premier Securities Company Ltd.,10,509.9,5099.0,2025-08-31T11:57:47.319183
2025-08-31,67320,2025083104002711,CHCL,Nepal Investment And Securities Trading Private Limited,Trishakti Securities Public Limited,10,509.0,5090.0,2025-08-31T12:00:06.085491
2025-08-31,67319,2025083104002712,CHCL,Nepal Investment And Securities Trading Private Limited,Trishakti Securities Public Limited,10,509.0,5090.0,2025-08-31T12:00:06.085683
2025-08-31,67318,2025083104002713,CHCL,Agrawal Securities (PVT) Ltd.,Trishakti Securities Public Limited,100,506.2,50620.0,2025-08-31T12:00:06.085753
2025-08-31,67317,2025083104002714,CHCL,J.F. Securites (PVT) Ltd.,Trishakti Securities Public Limited,10,506.1,5061.0,2025-08-31T12:00:06.085822
2025-08-31,67316,2025083104002715,CHCL,Aryatara Investment & Securities,Trishakti Securities Public Limited,100,506.1,50610.0,2025-08-31T12:00:06.085902
2025-08-31,67315,2025083104002716,CHCL,Agrawal Securities (PVT) Ltd.,Trishakti Securities Public Limited,70,506.0,35420.0,2025-08-31T12:00:06.085966
2025-08-31,64771,2025083104002998,CHCL,Nabil Stock Dealer Ltd.,Arun Securities (PVT) Ltd.,60,506.2,30372.0,2025-08-31T12:06:05.257646
2025-08-31,64562,2025083104003038,CHCL,Trishakti Securities Public Limited,Arun Securities (PVT) Ltd.,61,506.2,30878.2,2025-08-31T12:06:41.752247
2025-08-31,64561,2025083104003039,CHCL,Trishakti Securities Public Limited,Kumari Securities Private Limited,139,508.0,70612.0,2025-08-31T12:06:41.752433
2025-08-31,64487,2025083104003059,CHCL,Agrawal Securities (PVT) Ltd.,Kumari Securities Private Limited,61,508.0,30988.0,2025-08-31T12:06:51.883606
2025-08-31,64430,2025083104003069,CHCL,Agrawal Securities (PVT) Ltd.,Premier Securities Company Ltd.,10,509.9,5099.0,2025-08-31T12:07:00.983995
2025-08-31,63741,2025083104003182,CHCL,Trishakti Securities Public Limited,Premier Securities Company Ltd.,75,508.0,38100.0,2025-08-31T12:09:14.664341
2025-08-31,63620,2025083104003203,CHCL,Agrawal Securities (PVT) Ltd.,Premier Securities Company Ltd.,10,508.0,5080.0,2025-08-31T12:09:43.215234
2025-08-31,63157,2025083104003306,CHCL,Agrawal Securities (PVT) Ltd.,Linch Stock Market Ltd.,100,506.2,50620.0,2025-08-31T12:11:19.739991
2025-08-31,63156,2025083104003307,CHCL,Oxford Securities Pvt. Ltd.,Linch Stock Market Ltd.,300,506.1,151830.0,2025-08-31T12:11:19.740203
2025-08-31,63155,2025083104003308,CHCL,Agrawal Securities (PVT) Ltd.,Linch Stock Market Ltd.,96,506.0,48576.0,2025-08-31T12:11:19.740293
2025-08-31,63154,2025083104003309,CHCL,Opal Securities Investment (PVT) Ltd.,Linch Stock Market Ltd.,50,506.0,25300.0,2025-08-31T12:11:19.740385
2025-08-31,63153,2025083104003310,CHCL,Opal Securities Investment (PVT) Ltd.,Linch Stock Market Ltd.,185,506.0,93610.0,2025-08-31T12:11:19.740457
2025-08-31,63152,2025083104003311,CHCL,Sani Securities Company Ltd.,Linch Stock Market Ltd.,250,506.0,126500.0,2025-08-31T12:11:19.740526
2025-08-31,63151,2025083104003312,CHCL,Arun Securities (PVT) Ltd.,Linch Stock Market Ltd.,219,506.0,110814.0,2025-08-31T12:11:19.740592
2025-08-31,62874,2025083104003341,CHCL,ABC Securities Private Limited,Linch Stock Market Ltd.,50,505.6,25280.0,2025-08-31T12:12:15.044125
2025-08-31,62873,2025083104003342,CHCL,Agrawal Securities (PVT) Ltd.,Linch Stock Market Ltd.,100,505.5,50550.0,2025-08-31T12:12:15.044515
2025-08-31,62872,2025083104003343,CHCL,Arun Securities (PVT) Ltd.,Linch Stock Market Ltd.,50,505.4,25270.0,2025-08-31T12:12:15.044725
2025-08-31,62871,2025083104003344,CHCL,Citizens Share Broker Limited,Linch Stock Market Ltd.,100,505.3,50530.0,2025-08-31T12:12:15.044947
2025-08-31,62660,2025083104003367,CHCL,Citizens Share Broker Limited,Deevyaa Securities & Stock House Pvt. Ltd,400,505.3,202120.0,2025-08-31T12:12:57.637117
2025-08-31,62420,2025083104003411,CHCL,Ashutosh Brokerage & Securities (PVT) Ltd.,Dipshikha Dhitopatra Karobar Co. Pvt Ltd.,30,505.2,15156.0,2025-08-31T12:14:01.022066
2025-08-31,62313,2025083104003428,CHCL,Ashutosh Brokerage & Securities (PVT) Ltd.,Deevyaa Securities & Stock House Pvt. Ltd,470,505.2,237444.0,2025-08-31T12:14:29.038002
2025-08-31,62297,2025083104003431,CHCL,Dakshinkali Investment & Securities Pvt. Ltd.,Deevyaa Securities & Stock House Pvt. Ltd,650,505.2,328380.0,2025-08-31T12:14:32.372409
2025-08-31,62209,2025083104003446,CHCL,Imperial Securities Company Pvt. Ltd.,Deevyaa Securities & Stock House Pvt. Ltd,200,505.2,101040.0,2025-08-31T12:14:59.842248
2025-08-31,62018,2025083104003459,CHCL,Trisul Securities & Invt. Ltd.,Deevyaa Securities & Stock House Pvt. Ltd,28,505.1,14142.8,2025-08-31T12:15:24.239474
2025-08-31,61790,2025083104003492,CHCL,Online Securities Pvt. Ltd.,Deevyaa Securities & Stock House Pvt. Ltd,100,505.1,50510.0,2025-08-31T12:16:27.799692
2025-08-31,61699,2025083104003503,CHCL,Vision Securities Pvt. Ltd,Deevyaa Securities & Stock House Pvt. Ltd,100,505.1,50510.0,2025-08-31T12:16:51.808899
2025-08-31,61661,2025083104003505,CHCL,Agrawal Securities (PVT) Ltd.,Deevyaa Securities & Stock House Pvt. Ltd,82,505.1,41418.2,2025-08-31T12:17:01.471585
2025-08-31,61556,2025083104003516,CHCL,Agrawal Securities (PVT) Ltd.,Premier Securities Company Ltd.,20,508.0,10160.0,2025-08-31T12:17:24.614132
2025-08-31,61297,2025083104003550,CHCL,Agrawal Securities (PVT) Ltd.,Sundhara Securities Limited,10,507.9,5079.0,2025-08-31T12:18:28.064069
2025-08-31,61275,2025083104003559,CHCL,Sundhara Securities Limited,Sundhara Securities Limited,396,507.9,201128.4,2025-08-31T12:18:34.216199
2025-08-31,61072,2025083104003606,CHCL,Premier Securities Company Ltd.,Premier Securities Company Ltd.,10,508.0,5080.0,2025-08-31T12:19:25.893643
2025-08-31,60969,2025083104003616,CHCL,Agrawal Securities (PVT) Ltd.,Premier Securities Company Ltd.,10,508.0,5080.0,2025-08-31T12:19:46.529588
2025-08-31,60462,2025083104003687,CHCL,Sundhara Securities Limited,Asian Securities Private Ltd.,10,507.9,5079.0,2025-08-31T12:21:47.911287
2025-08-31,60461,2025083104003688,CHCL,Agrawal Securities (PVT) Ltd.,Asian Securities Private Ltd.,18,505.1,9091.8,2025-08-31T12:21:47.911388
2025-08-31,60460,2025083104003689,CHCL,Secured Securities Ltd.,Asian Securities Private Ltd.,14,505.1,7071.4,2025-08-31T12:21:47.911424
2025-08-31,60087,2025083104003755,CHCL,Premier Securities Company Ltd.,Premier Securities Company Ltd.,10,508.0,5080.0,2025-08-31T12:23:01.013917
2025-08-31,58995,2025083104003872,CHCL,Premier Securities Company Ltd.,Online Securities Pvt. Ltd.,11,508.0,5588.0,2025-08-31T12:27:19.426281
2025-08-31,58979,2025083104003881,CHCL,Premier Securities Company Ltd.,Premier Securities Company Ltd.,10,509.7,5097.0,2025-08-31T12:27:24.453664
2025-08-31,58544,2025083104003945,CHCL,Sundhara Securities Limited,Premier Securities Company Ltd.,40,509.7,20388.0,2025-08-31T12:29:16.283271
2025-08-31,55181,2025083104004389,CHCL,Imperial Securities Company Pvt. Ltd.,Primo Securities (PVT) Ltd.,9,504.0,4536.0,2025-08-31T12:41:58.60651
2025-08-31,55111,2025083104004402,CHCL,Imperial Securities Company Pvt. Ltd.,ABC Securities Private Limited,1,505.0,505.0,2025-08-31T12:42:14.873142
2025-08-31,54379,2025083104004546,CHCL,Premier Securities Company Ltd.,Premier Securities Company Ltd.,30,506.6,15198.0,2025-08-31T12:44:20.444544
2025-08-31,54378,2025083104004547,CHCL,Naasa Securities Co. Ltd.,Premier Securities Company Ltd.,35,506.5,17727.5,2025-08-31T12:44:20.444955
2025-08-31,53739,2025083104004626,CHCL,Imperial Securities Company Pvt. Ltd.,Primo Securities (PVT) Ltd.,9,504.0,4536.0,2025-08-31T12:46:13.97539
2025-08-31,53688,2025083104004635,CHCL,Imperial Securities Company Pvt. Ltd.,Linch Stock Market Ltd.,1,507.0,507.0,2025-08-31T12:46:23.213583
2025-08-31,53673,2025083104004639,CHCL,Imperial Securities Company Pvt. Ltd.,APPLE SECURITIES PRIVATE LIMITED,1,507.0,507.0,2025-08-31T12:46:27.251745
2025-08-31,53626,2025083104004668,CHCL,Imperial Securities Company Pvt. Ltd.,Online Securities Pvt. Ltd.,9,508.0,4572.0,2025-08-31T12:46:33.325737
2025-08-31,53517,2025083104004696,CHCL,Naasa Securities Co. Ltd.,Dakshinkali Investment & Securities Pvt. Ltd.,10,506.5,5065.0,2025-08-31T12:46:48.970284
2025-08-31,50762,2025083104005227,CHCL,Asian Securities Private Ltd.,Global IME Securities Limited,45,507.0,22815.0,2025-08-31T12:55:05.714285
2025-08-31,50073,2025083104005369,CHCL,Asian Securities Private Ltd.,Global IME Securities Limited,100,507.0,50700.0,2025-08-31T12:57:11.771046
2025-08-31,50072,2025083104005370,CHCL,Asian Securities Private Ltd.,Vision Securities Pvt. Ltd,55,508.0,27940.0,2025-08-31T12:57:11.771091
2025-08-31,47861,2025083104005759,CHCL,Sundhara Securities Limited,Imperial Securities Company Pvt. Ltd.,20,506.6,10132.0,2025-08-31T13:03:41.101496
2025-08-31,47860,2025083104005760,CHCL,Naasa Securities Co. Ltd.,Imperial Securities Company Pvt. Ltd.,30,506.5,15195.0,2025-08-31T13:03:41.101778
2025-08-31,47639,2025083104005800,CHCL,Naasa Securities Co. Ltd.,J.F. Securites (PVT) Ltd.,40,506.5,20260.0,2025-08-31T13:04:25.507867
2025-08-31,45986,2025083104006120,CHCL,Naasa Securities Co. Ltd.,Trishakti Securities Public Limited,193,506.5,97754.5,2025-08-31T13:08:27.433461
2025-08-31,45985,2025083104006121,CHCL,Sundhara Securities Limited,Trishakti Securities Public Limited,30,506.5,15195.0,2025-08-31T13:08:27.433705
2025-08-31,45984,2025083104006122,CHCL,Kohinoor Investment & Securities Pvt. Ltd.,Trishakti Securities Public Limited,17,506.5,8610.5,2025-08-31T13:08:27.433799
2025-08-31,45684,2025083104006178,CHCL,Kohinoor Investment & Securities Pvt. Ltd.,Cristal Kanchanjanga Securites Pvt. Ltd.,13,506.5,6584.5,2025-08-31T13:09:21.204386
2025-08-31,45683,2025083104006179,CHCL,Trisul Securities & Invt. Ltd.,Cristal Kanchanjanga Securites Pvt. Ltd.,287,506.2,145279.4,2025-08-31T13:09:21.20491
2025-08-31,44476,2025083104006396,CHCL,Naasa Securities Co. Ltd.,Naasa Securities Co. Ltd.,25,507.0,12675.0,2025-08-31T13:13:09.794374
2025-08-31,43877,2025083104006517,CHCL,Trisul Securities & Invt. Ltd.,Vision Securities Pvt. Ltd,445,506.4,225348.0,2025-08-31T13:15:02.93026
2025-08-31,43678,2025083104006567,CHCL,Sharepro Securities Private Limited,Naasa Securities Co. Ltd.,25,507.0,12675.0,2025-08-31T13:15:45.525505
2025-08-31,42998,2025083104006693,CHCL,Nepal Stock House (PVT) Ltd.,Naasa Securities Co. Ltd.,450,507.0,228150.0,2025-08-31T13:17:54.191155
2025-08-31,42519,2025083104006789,CHCL,Siprabi Securities Pvt. Ltd.,Asian Securities Private Ltd.,60,507.0,30420.0,2025-08-31T13:19:33.855234
2025-08-31,42251,2025083104006839,CHCL,Agrawal Securities (PVT) Ltd.,Asian Securities Private Ltd.,30,507.0,15210.0,2025-08-31T13:20:27.400651
2025-08-31,42222,2025083104006849,CHCL,Agrawal Securities (PVT) Ltd.,ABC Securities Private Limited,50,508.8,25440.0,2025-08-31T13:20:33.438027
2025-08-31,42189,2025083104006850,CHCL,Agrawal Securities (PVT) Ltd.,Vision Securities Pvt. Ltd,20,509.0,10180.0,2025-08-31T13:20:39.479135
2025-08-31,39514,2025083104007322,CHCL,Agrawal Securities (PVT) Ltd.,Vision Securities Pvt. Ltd,100,506.5,50650.0,2025-08-31T13:29:01.663429
2025-08-31,39513,2025083104007323,CHCL,Trisul Securities & Invt. Ltd.,Vision Securities Pvt. Ltd,55,506.4,27852.0,2025-08-31T13:29:01.663703
2025-08-31,39512,2025083104007324,CHCL,Trisul Securities & Invt. Ltd.,Vision Securities Pvt. Ltd,213,506.4,107863.2,2025-08-31T13:29:01.6638
2025-08-31,39511,2025083104007325,CHCL,Trisul Securities & Invt. Ltd.,Vision Securities Pvt. Ltd,112,506.4,56716.8,2025-08-31T13:29:01.663895
2025-08-31,38460,2025083104007545,CHCL,Trisul Securities & Invt. Ltd.,Capital Max Securities Ltd,200,506.4,101280.0,2025-08-31T13:33:00.282845
2025-08-31,38167,2025083104007599,CHCL,Premier Securities Company Ltd.,Bhrikuti Stock Broking Co. Pvt. Ltd.,10,508.0,5080.0,2025-08-31T13:33:58.648763
2025-08-31,37609,2025083104007741,CHCL,Agrawal Securities (PVT) Ltd.,Bhrikuti Stock Broking Co. Pvt. Ltd.,10,508.0,5080.0,2025-08-31T13:35:56.522952
2025-08-31,36804,2025083104007890,CHCL,Aryatara Investment & Securities,Bhrikuti Stock Broking Co. Pvt. Ltd.,50,508.0,25400.0,2025-08-31T13:38:43.189552
2025-08-31,36727,2025083104007909,CHCL,Sani Securities Company Ltd.,Bhrikuti Stock Broking Co. Pvt. Ltd.,10,508.0,5080.0,2025-08-31T13:38:58.187909
2025-08-31,36726,2025083104007910,CHCL,Sani Securities Company Ltd.,Online Securities Pvt. Ltd.,20,508.0,10160.0,2025-08-31T13:38:58.188179
2025-08-31,36725,2025083104007911,CHCL,Sani Securities Company Ltd.,Dakshinkali Investment & Securities Pvt. Ltd.,650,508.0,330200.0,2025-08-31T13:38:58.188282
2025-08-31,32947,2025083104008596,CHCL,Dakshinkali Investment & Securities Pvt. Ltd.,Dipshikha Dhitopatra Karobar Co. Pvt Ltd.,240,507.0,121680.0,2025-08-31T13:51:40.266987
2025-08-31,32343,2025083104008689,CHCL,Dakshinkali Investment & Securities Pvt. Ltd.,J.F. Securites (PVT) Ltd.,27,507.0,13689.0,2025-08-31T13:53:41.228569
2025-08-31,31902,2025083104008806,CHCL,Dakshinkali Investment & Securities Pvt. Ltd.,Dynamic Money Managers Securities Pvt. Ltd.,233,507.0,118131.0,2025-08-31T13:54:58.048713
2025-08-31,31901,2025083104008807,CHCL,Dakshinkali Investment & Securities Pvt. Ltd.,Dynamic Money Managers Securities Pvt. Ltd.,41,507.0,20787.0,2025-08-31T13:54:58.048967
2025-08-31,31735,2025083104008831,CHCL,Sani Securities Company Ltd.,Trishakti Securities Public Limited,10,507.0,5070.0,2025-08-31T13:55:30.140106
2025-08-31,31724,2025083104008834,CHCL,Sani Securities Company Ltd.,Sani Securities Company Ltd.,40,507.0,20280.0,2025-08-31T13:55:33.381387
2025-08-31,30876,2025083104008952,CHCL,Capital Max Securities Ltd,Sharepro Securities Private Limited,10,506.5,5065.0,2025-08-31T13:58:26.505048
2025-08-31,30875,2025083104008953,CHCL,Trisul Securities & Invt. Ltd.,Sharepro Securities Private Limited,188,506.4,95203.2,2025-08-31T13:58:26.505544
2025-08-31,30874,2025083104008954,CHCL,Deevyaa Securities & Stock House Pvt. Ltd,Sharepro Securities Private Limited,100,506.3,50630.0,2025-08-31T13:58:26.50586
2025-08-31,30873,2025083104008955,CHCL,Kohinoor Investment & Securities Pvt. Ltd.,Sharepro Securities Private Limited,50,506.0,25300.0,2025-08-31T13:58:26.506139
2025-08-31,30872,2025083104008956,CHCL,Sagarmatha Securities Private Limited,Sharepro Securities Private Limited,10,506.0,5060.0,2025-08-31T13:58:26.506415
2025-08-31,30871,2025083104008957,CHCL,Cristal Kanchanjanga Securites Pvt. Ltd.,Sharepro Securities Private Limited,100,506.0,50600.0,2025-08-31T13:58:26.506673
2025-08-31,30870,2025083104008958,CHCL,Miyo Securities Pvt Ltd,Sharepro Securities Private Limited,342,506.0,173052.0,2025-08-31T13:58:26.506943
2025-08-31,30620,2025083104009001,CHCL,Miyo Securities Pvt Ltd,Sharepro Securities Private Limited,58,506.0,29348.0,2025-08-31T13:59:18.762856
2025-08-31,30619,2025083104009002,CHCL,Asian Securities Private Ltd.,Sharepro Securities Private Limited,25,505.5,12637.5,2025-08-31T13:59:18.763078
2025-08-31,30618,2025083104009003,CHCL,Arun Securities (PVT) Ltd.,Sharepro Securities Private Limited,50,505.2,25260.0,2025-08-31T13:59:18.763178
2025-08-31,30617,2025083104009004,CHCL,Secured Securities Ltd.,Sharepro Securities Private Limited,11,505.1,5556.1,2025-08-31T13:59:18.763274
2025-08-31,30616,2025083104009005,CHCL,Imperial Securities Company Pvt. Ltd.,Sharepro Securities Private Limited,56,505.1,28285.6,2025-08-31T13:59:18.763377
2025-08-31,30455,2025083104009069,CHCL,Premier Securities Company Ltd.,Nepal Stock House (PVT) Ltd.,10,507.0,5070.0,2025-08-31T13:59:47.002841
2025-08-31,29477,2025083104009165,CHCL,Malla & Malla Stock Broking Company Pvt. Limited,Nepal Stock House (PVT) Ltd.,40,507.0,20280.0,2025-08-31T14:02:14.391044
2025-08-31,28988,2025083104009191,CHCL,Midas Stock Broking Company Private Limited,Midas Stock Broking Company Private Limited,440,506.0,222640.0,2025-08-31T14:02:59.806688
2025-08-31,28987,2025083104009192,CHCL,Imperial Securities Company Pvt. Ltd.,Midas Stock Broking Company Private Limited,444,505.1,224264.4,2025-08-31T14:02:59.806968
2025-08-31,28986,2025083104009193,CHCL,Imperial Securities Company Pvt. Ltd.,Midas Stock Broking Company Private Limited,500,505.1,252550.0,2025-08-31T14:02:59.807066
2025-08-31,28985,2025083104009194,CHCL,Sani Securities Company Ltd.,Midas Stock Broking Company Private Limited,10,505.1,5051.0,2025-08-31T14:02:59.807158
2025-08-31,28984,2025083104009195,CHCL,Naasa Securities Co. Ltd.,Midas Stock Broking Company Private Limited,200,505.0,101000.0,2025-08-31T14:02:59.807255
2025-08-31,28983,2025083104009196,CHCL,Sajilo Broker Limited,Midas Stock Broking Company Private Limited,50,505.0,25250.0,2025-08-31T14:02:59.807359
2025-08-31,28982,2025083104009197,CHCL,Premier Securities Company Ltd.,Midas Stock Broking Company Private Limited,50,505.0,25250.0,2025-08-31T14:02:59.807463
2025-08-31,28981,2025083104009198,CHCL,Sani Securities Company Ltd.,Midas Stock Broking Company Private Limited,50,505.0,25250.0,2025-08-31T14:02:59.807581
2025-08-31,28980,2025083104009199,CHCL,Sani Securities Company Ltd.,Midas Stock Broking Company Private Limited,400,505.0,202000.0,2025-08-31T14:02:59.807676
2025-08-31,28979,2025083104009200,CHCL,Sundhara Securities Limited,Midas Stock Broking Company Private Limited,100,505.0,50500.0,2025-08-31T14:02:59.807769
2025-08-31,28978,2025083104009201,CHCL,Cristal Kanchanjanga Securites Pvt. Ltd.,Midas Stock Broking Company Private Limited,10,505.0,5050.0,2025-08-31T14:02:59.807861
2025-08-31,28977,2025083104009202,CHCL,Midas Stock Broking Company Private Limited,Midas Stock Broking Company Private Limited,100,505.0,50500.0,2025-08-31T14:02:59.807959
2025-08-31,28976,2025083104009203,CHCL,Swarna Laxmi Securities Pvt. Ltd.,Midas Stock Broking Company Private Limited,80,505.0,40400.0,2025-08-31T14:02:59.808072
2025-08-31,28975,2025083104009204,CHCL,J.F. Securites (PVT) Ltd.,Midas Stock Broking Company Private Limited,200,505.0,101000.0,2025-08-31T14:02:59.808191
2025-08-31,28974,2025083104009205,CHCL,Vision Securities Pvt. Ltd,Midas Stock Broking Company Private Limited,30,505.0,15150.0,2025-08-31T14:02:59.808281
2025-08-31,28973,2025083104009206,CHCL,Sundhara Securities Limited,Midas Stock Broking Company Private Limited,25,505.0,12625.0,2025-08-31T14:02:59.808376
2025-08-31,28972,2025083104009207,CHCL,Aakashbhairab Securities Ltd.,Midas Stock Broking Company Private Limited,11,505.0,5555.0,2025-08-31T14:02:59.808461
2025-08-31,28799,2025083104009226,CHCL,Aakashbhairab Securities Ltd.,Agrawal Securities (PVT) Ltd.,439,505.0,221695.0,2025-08-31T14:03:25.791966
2025-08-31,28798,2025083104009227,CHCL,Trisul Securities & Invt. Ltd.,Agrawal Securities (PVT) Ltd.,50,505.0,25250.0,2025-08-31T14:03:25.792055
2025-08-31,28797,2025083104009228,CHCL,Midas Stock Broking Company Private Limited,Agrawal Securities (PVT) Ltd.,11,505.0,5555.0,2025-08-31T14:03:25.792076
2025-08-31,28755,2025083104009234,CHCL,Aakashbhairab Securities Ltd.,Aryatara Investment & Securities,10,509.0,5090.0,2025-08-31T14:03:32.863095
2025-08-31,27896,2025083104009412,CHCL,Aakashbhairab Securities Ltd.,Secured Securities Ltd.,11,508.9,5597.9,2025-08-31T14:05:26.634906
2025-08-31,27895,2025083104009413,CHCL,Aakashbhairab Securities Ltd.,Secured Securities Ltd.,11,508.8,5596.8,2025-08-31T14:05:26.635403
2025-08-31,27894,2025083104009414,CHCL,Midas Stock Broking Company Private Limited,Secured Securities Ltd.,89,505.0,44945.0,2025-08-31T14:05:26.635672
2025-08-31,27893,2025083104009415,CHCL,S.P.S.A. Securities Limited,Secured Securities Ltd.,90,505.0,45450.0,2025-08-31T14:05:26.635929
2025-08-31,27765,2025083104009438,CHCL,Aakashbhairab Securities Ltd.,Aryatara Investment & Securities,10,509.0,5090.0,2025-08-31T14:05:52.272374
2025-08-31,26688,2025083104009645,CHCL,Aakashbhairab Securities Ltd.,Shree Krishna Securities Ltd.,11,508.9,5597.9,2025-08-31T14:08:31.384117
2025-08-31,26687,2025083104009646,CHCL,Sri Hari Securities Pvt. Ltd.,Shree Krishna Securities Ltd.,100,505.1,50510.0,2025-08-31T14:08:31.384263
2025-08-31,26686,2025083104009647,CHCL,S.P.S.A. Securities Limited,Shree Krishna Securities Ltd.,10,505.0,5050.0,2025-08-31T14:08:31.384385
2025-08-31,26685,2025083104009648,CHCL,Nepal Stock House (PVT) Ltd.,Shree Krishna Securities Ltd.,79,505.0,39895.0,2025-08-31T14:08:31.384464
2025-08-31,26526,2025083104009675,CHCL,Aakashbhairab Securities Ltd.,Aryatara Investment & Securities,10,509.0,5090.0,2025-08-31T14:08:58.819478
2025-08-31,25104,2025083104009999,CHCL,Agrawal Securities (PVT) Ltd.,Online Securities Pvt. Ltd.,53,505.1,26770.3,2025-08-31T14:12:56.011657
2025-08-31,24524,2025083104010138,CHCL,Agrawal Securities (PVT) Ltd.,Thrive Brokerage House Pvt. Ltd,97,505.1,48994.7,2025-08-31T14:14:17.217896
2025-08-31,24523,2025083104010139,CHCL,Nepal Stock House (PVT) Ltd.,Thrive Brokerage House Pvt. Ltd,398,505.0,200990.0,2025-08-31T14:14:17.218156
2025-08-31,24360,2025083104010168,CHCL,Aakashbhairab Securities Ltd.,Primo Securities (PVT) Ltd.,10,508.9,5089.0,2025-08-31T14:14:51.794788
2025-08-31,24151,2025083104010219,CHCL,Malla & Malla Stock Broking Company Pvt. Limited,Dynamic Money Managers Securities Pvt. Ltd.,50,505.1,25255.0,2025-08-31T14:15:34.019361
2025-08-31,24150,2025083104010220,CHCL,Nepal Stock House (PVT) Ltd.,Dynamic Money Managers Securities Pvt. Ltd.,523,505.0,264115.0,2025-08-31T14:15:34.019784
2025-08-31,24149,2025083104010221,CHCL,Vision Securities Pvt. Ltd,Dynamic Money Managers Securities Pvt. Ltd.,10,505.0,5050.0,2025-08-31T14:15:34.020057
2025-08-31,24148,2025083104010222,CHCL,ABC Securities Private Limited,Dynamic Money Managers Securities Pvt. Ltd.,10,505.0,5050.0,2025-08-31T14:15:34.020338
2025-08-31,24147,2025083104010223,CHCL,Kumari Securities Private Limited,Dynamic Money Managers Securities Pvt. Ltd.,10,505.0,5050.0,2025-08-31T14:15:34.020598
2025-08-31,24146,2025083104010224,CHCL,Sani Securities Company Ltd.,Dynamic Money Managers Securities Pvt. Ltd.,10,505.0,5050.0,2025-08-31T14:15:34.020867
2025-08-31,24145,2025083104010225,CHCL,Global IME Securities Limited,Dynamic Money Managers Securities Pvt. Ltd.,100,505.0,50500.0,2025-08-31T14:15:34.021123
2025-08-31,24144,2025083104010226,CHCL,Naasa Securities Co. Ltd.,Dynamic Money Managers Securities Pvt. Ltd.,130,505.0,65650.0,2025-08-31T14:15:34.02138
2025-08-31,24143,2025083104010227,CHCL,Vision Securities Pvt. Ltd,Dynamic Money Managers Securities Pvt. Ltd.,250,505.0,126250.0,2025-08-31T14:15:34.021641
2025-08-31,24142,2025083104010228,CHCL,Primo Securities (PVT) Ltd.,Dynamic Money Managers Securities Pvt. Ltd.,27,505.0,13635.0,2025-08-31T14:15:34.021879
2025-08-31,24141,2025083104010229,CHCL,Siprabi Securities Pvt. Ltd.,Dynamic Money Managers Securities Pvt. Ltd.,200,504.6,100920.0,2025-08-31T14:15:34.022129
2025-08-31,24140,2025083104010230,CHCL,Sundhara Securities Limited,Dynamic Money Managers Securities Pvt. Ltd.,25,504.5,12612.5,2025-08-31T14:15:34.022398
2025-08-31,24139,2025083104010231,CHCL,Malla & Malla Stock Broking Company Pvt. Limited,Dynamic Money Managers Securities Pvt. Ltd.,155,504.2,78151.0,2025-08-31T14:15:34.022656
2025-08-31,23526,2025083104010325,CHCL,Agrawal Securities (PVT) Ltd.,Imperial Securities Company Pvt. Ltd.,10,508.8,5088.0,2025-08-31T14:17:14.176295
2025-08-31,22142,2025083104010639,CHCL,Imperial Securities Company Pvt. Ltd.,ABC Securities Private Limited,1,505.0,505.0,2025-08-31T14:20:47.182028
2025-08-31,21253,2025083104010827,CHCL,Sani Securities Company Ltd.,Secured Securities Ltd.,10,507.0,5070.0,2025-08-31T14:23:19.307173
2025-08-31,21162,2025083104010841,CHCL,Aakashbhairab Securities Ltd.,Primo Securities (PVT) Ltd.,10,508.5,5085.0,2025-08-31T14:23:34.289057
2025-08-31,21073,2025083104010863,CHCL,Agrawal Securities (PVT) Ltd.,Neev Securities Pvt. Ltd.,150,505.2,75780.0,2025-08-31T14:23:49.55656
2025-08-31,21072,2025083104010864,CHCL,Trisul Securities & Invt. Ltd.,Neev Securities Pvt. Ltd.,215,505.1,108596.5,2025-08-31T14:23:49.556654
2025-08-31,20925,2025083104010906,CHCL,Primo Securities (PVT) Ltd.,Secured Securities Ltd.,20,506.5,10130.0,2025-08-31T14:24:07.119406
2025-08-31,20597,2025083104011000,CHCL,Sani Securities Company Ltd.,Secured Securities Ltd.,10,506.5,5065.0,2025-08-31T14:24:59.453771
2025-08-31,20474,2025083104011028,CHCL,Sani Securities Company Ltd.,Vision Securities Pvt. Ltd,40,506.5,20260.0,2025-08-31T14:25:25.731733
2025-08-31,20301,2025083104011070,CHCL,Agrawal Securities (PVT) Ltd.,Vision Securities Pvt. Ltd,30,505.2,15156.0,2025-08-31T14:25:49.013419
2025-08-31,20201,2025083104011090,CHCL,Agrawal Securities (PVT) Ltd.,Thrive Brokerage House Pvt. Ltd,70,505.2,35364.0,2025-08-31T14:26:02.303302
2025-08-31,20200,2025083104011091,CHCL,Trisul Securities & Invt. Ltd.,Thrive Brokerage House Pvt. Ltd,204,505.1,103040.4,2025-08-31T14:26:02.303568
2025-08-31,20190,2025083104011093,CHCL,Aakashbhairab Securities Ltd.,Imperial Securities Company Pvt. Ltd.,20,506.4,10128.0,2025-08-31T14:26:03.806174
2025-08-31,20108,2025083104011111,CHCL,Aakashbhairab Securities Ltd.,Ashutosh Brokerage & Securities (PVT) Ltd.,10,508.0,5080.0,2025-08-31T14:26:12.831764
2025-08-31,19756,2025083104011199,CHCL,Aakashbhairab Securities Ltd.,Primo Securities (PVT) Ltd.,10,506.4,5064.0,2025-08-31T14:27:05.886266
2025-08-31,19755,2025083104011200,CHCL,Trisul Securities & Invt. Ltd.,Primo Securities (PVT) Ltd.,81,505.1,40913.1,2025-08-31T14:27:05.886701
2025-08-31,19754,2025083104011201,CHCL,J.F. Securites (PVT) Ltd.,Primo Securities (PVT) Ltd.,50,505.1,25255.0,2025-08-31T14:27:05.886991
2025-08-31,19753,2025083104011202,CHCL,Deevyaa Securities & Stock House Pvt. Ltd,Primo Securities (PVT) Ltd.,200,505.1,101020.0,2025-08-31T14:27:05.88726
2025-08-31,19752,2025083104011203,CHCL,Dynamic Money Managers Securities Pvt. Ltd.,Primo Securities (PVT) Ltd.,500,505.0,252500.0,2025-08-31T14:27:05.887545
2025-08-31,19751,2025083104011204,CHCL,Dynamic Money Managers Securities Pvt. Ltd.,Primo Securities (PVT) Ltd.,59,505.0,29795.0,2025-08-31T14:27:05.887815
2025-08-31,19542,2025083104011239,CHCL,Dynamic Money Managers Securities Pvt. Ltd.,Aryatara Investment & Securities,200,505.0,101000.0,2025-08-31T14:27:34.057011
2025-08-31,19497,2025083104011246,CHCL,Dynamic Money Managers Securities Pvt. Ltd.,Primo Securities (PVT) Ltd.,222,505.0,112110.0,2025-08-31T14:27:39.04627
2025-08-31,19374,2025083104011249,CHCL,Dynamic Money Managers Securities Pvt. Ltd.,Primo Securities (PVT) Ltd.,10,505.0,5050.0,2025-08-31T14:27:48.083121
2025-08-31,19178,2025083104011293,CHCL,Agrawal Securities (PVT) Ltd.,Thrive Brokerage House Pvt. Ltd,100,505.1,50510.0,2025-08-31T14:28:15.829826
2025-08-31,18467,2025083104011428,CHCL,Aakashbhairab Securities Ltd.,Primo Securities (PVT) Ltd.,10,507.9,5079.0,2025-08-31T14:29:56.43453
2025-08-31,18389,2025083104011462,CHCL,Sewa Securities Pvt. Ltd.,Sundhara Securities Limited,95,505.0,47975.0,2025-08-31T14:30:10.131766
2025-08-31,18110,2025083104011541,CHCL,Cristal Kanchanjanga Securites Pvt. Ltd.,Nepal Stock House (PVT) Ltd.,50,505.0,25250.0,2025-08-31T14:30:56.279069
2025-08-31,18109,2025083104011542,CHCL,Sajilo Broker Limited,Nepal Stock House (PVT) Ltd.,80,505.0,40400.0,2025-08-31T14:30:56.279307
2025-08-31,18107,2025083104011543,CHCL,Sajilo Broker Limited,Online Securities Pvt. Ltd.,20,505.0,10100.0,2025-08-31T14:30:56.558445
2025-08-31,18106,2025083104011544,CHCL,Malla & Malla Stock Broking Company Pvt. Limited,Online Securities Pvt. Ltd.,145,504.2,73109.0,2025-08-31T14:30:56.558558
2025-08-31,18105,2025083104011545,CHCL,Sri Hari Securities Pvt. Ltd.,Online Securities Pvt. Ltd.,23,504.1,11594.3,2025-08-31T14:30:56.558629
2025-08-31,17804,2025083104011621,CHCL,Aakashbhairab Securities Ltd.,Primo Securities (PVT) Ltd.,10,507.9,5079.0,2025-08-31T14:31:36.727376
2025-08-31,16440,2025083104011928,CHCL,Imperial Securities Company Pvt. Ltd.,Primo Securities (PVT) Ltd.,10,507.9,5079.0,2025-08-31T14:34:21.812607
2025-08-31,16426,2025083104011930,CHCL,Aakashbhairab Securities Ltd.,ABC Securities Private Limited,10,507.8,5078.0,2025-08-31T14:34:24.856817
2025-08-31,16425,2025083104011931,CHCL,Aakashbhairab Securities Ltd.,ABC Securities Private Limited,11,507.7,5584.7,2025-08-31T14:34:24.856903
2025-08-31,16424,2025083104011932,CHCL,Agrawal Securities (PVT) Ltd.,ABC Securities Private Limited,10,504.2,5042.0,2025-08-31T14:34:24.856986
2025-08-31,16423,2025083104011933,CHCL,Sri Hari Securities Pvt. Ltd.,ABC Securities Private Limited,77,504.1,38815.7,2025-08-31T14:34:24.857063
2025-08-31,16422,2025083104011934,CHCL,Agrawal Securities (PVT) Ltd.,ABC Securities Private Limited,96,504.1,48393.6,2025-08-31T14:34:24.857139
2025-08-31,16305,2025083104011963,CHCL,Aakashbhairab Securities Ltd.,Dakshinkali Investment & Securities Pvt. Ltd.,10,507.8,5078.0,2025-08-31T14:34:48.283468
2025-08-31,16140,2025083104011993,CHCL,Aakashbhairab Securities Ltd.,Agrawal Securities (PVT) Ltd.,10,507.8,5078.0,2025-08-31T14:35:08.62241
2025-08-31,16139,2025083104011994,CHCL,Aakashbhairab Securities Ltd.,Dakshinkali Investment & Securities Pvt. Ltd.,1,507.8,507.8,2025-08-31T14:35:08.622517
2025-08-31,15790,2025083104012051,CHCL,Aakashbhairab Securities Ltd.,Dakshinkali Investment & Securities Pvt. Ltd.,10,507.8,5078.0,2025-08-31T14:35:55.147619
2025-08-31,15055,2025083104012198,CHCL,Aakashbhairab Securities Ltd.,Secured Securities Ltd.,11,507.8,5585.8,2025-08-31T14:37:45.681184
2025-08-31,14907,2025083104012227,CHCL,Sajilo Broker Limited,Sajilo Broker Limited,2000,504.2,1008400.0,2025-08-31T14:38:07.587704
2025-08-31,14697,2025083104012252,CHCL,Oxford Securities Pvt. Ltd.,Dynamic Money Managers Securities Pvt. Ltd.,300,505.0,151500.0,2025-08-31T14:38:31.952206
2025-08-31,14696,2025083104012253,CHCL,Agrawal Securities (PVT) Ltd.,Dynamic Money Managers Securities Pvt. Ltd.,154,504.1,77631.4,2025-08-31T14:38:31.952442
2025-08-31,14695,2025083104012254,CHCL,Sani Securities Company Ltd.,Dynamic Money Managers Securities Pvt. Ltd.,50,504.0,25200.0,2025-08-31T14:38:31.952543
2025-08-31,14694,2025083104012255,CHCL,Sani Securities Company Ltd.,Dynamic Money Managers Securities Pvt. Ltd.,80,504.0,40320.0,2025-08-31T14:38:31.952638
2025-08-31,14693,2025083104012256,CHCL,South Asian Bulls Pvt. Ltd.,Dynamic Money Managers Securities Pvt. Ltd.,200,504.0,100800.0,2025-08-31T14:38:31.95273
2025-08-31,14692,2025083104012257,CHCL,Imperial Securities Company Pvt. Ltd.,Dynamic Money Managers Securities Pvt. Ltd.,716,504.0,360864.0,2025-08-31T14:38:31.952828
2025-08-31,14609,2025083104012275,CHCL,Aakashbhairab Securities Ltd.,Vision Securities Pvt. Ltd,10,507.0,5070.0,2025-08-31T14:38:39.943266
2025-08-31,14361,2025083104012336,CHCL,Sundhara Securities Limited,Vision Securities Pvt. Ltd,100,507.0,50700.0,2025-08-31T14:39:14.998157
2025-08-31,14102,2025083104012399,CHCL,Sajilo Broker Limited,Sajilo Broker Limited,1376,505.1,695017.6,2025-08-31T14:39:49.872235
2025-08-31,13529,2025083104012507,CHCL,Sundhara Securities Limited,Citizens Share Broker Limited,20,505.1,10102.0,2025-08-31T14:41:06.970182
2025-08-31,13528,2025083104012508,CHCL,Sajilo Broker Limited,Citizens Share Broker Limited,480,504.1,241968.0,2025-08-31T14:41:06.970395
2025-08-31,13526,2025083104012509,CHCL,Aakashbhairab Securities Ltd.,Vision Securities Pvt. Ltd,10,507.0,5070.0,2025-08-31T14:41:07.397605
2025-08-31,13499,2025083104012519,CHCL,Opal Securities Investment (PVT) Ltd.,Vision Securities Pvt. Ltd,40,507.0,20280.0,2025-08-31T14:41:09.918451
2025-08-31,13046,2025083104012627,CHCL,Sajilo Broker Limited,Citizens Share Broker Limited,220,504.1,110902.0,2025-08-31T14:42:01.119575
2025-08-31,13045,2025083104012628,CHCL,Imperial Securities Company Pvt. Ltd.,Citizens Share Broker Limited,60,504.0,30240.0,2025-08-31T14:42:01.119883
2025-08-31,12598,2025083104012679,CHCL,Aakashbhairab Securities Ltd.,Vision Securities Pvt. Ltd,10,507.0,5070.0,2025-08-31T14:42:55.705179
2025-08-31,11291,2025083104013043,CHCL,Shree Krishna Securities Ltd.,Dipshikha Dhitopatra Karobar Co. Pvt Ltd.,18,504.1,9073.8,2025-08-31T14:45:08.905923
2025-08-31,11290,2025083104013044,CHCL,J.F. Securites (PVT) Ltd.,Dipshikha Dhitopatra Karobar Co. Pvt Ltd.,100,504.1,50410.0,2025-08-31T14:45:08.906493
2025-08-31,11289,2025083104013045,CHCL,Magnet Securities and Investment Company Private Limited,Dipshikha Dhitopatra Karobar Co. Pvt Ltd.,82,504.1,41336.2,2025-08-31T14:45:08.906821
2025-08-31,11074,2025083104013086,CHCL,Aakashbhairab Securities Ltd.,Agrawal Securities (PVT) Ltd.,80,506.9,40552.0,2025-08-31T14:45:27.192588
2025-08-31,11073,2025083104013087,CHCL,Aakashbhairab Securities Ltd.,Vision Securities Pvt. Ltd,10,507.0,5070.0,2025-08-31T14:45:27.193029
2025-08-31,7313,2025083104013822,CHCL,Kohinoor Investment & Securities Pvt. Ltd.,ABC Securities Private Limited,40,504.6,20184.0,2025-08-31T14:52:06.136965
2025-08-31,7312,2025083104013823,CHCL,Sri Hari Securities Pvt. Ltd.,ABC Securities Private Limited,10,504.5,5045.0,2025-08-31T14:52:06.137187
2025-08-31,6594,2025083104013951,CHCL,Aakashbhairab Securities Ltd.,Primo Securities (PVT) Ltd.,150,506.9,76035.0,2025-08-31T14:53:11.678388
2025-08-31,6593,2025083104013952,CHCL,Aakashbhairab Securities Ltd.,Vision Securities Pvt. Ltd,10,507.0,5070.0,2025-08-31T14:53:11.678864
2025-08-31,6289,2025083104014025,CHCL,Sri Hari Securities Pvt. Ltd.,Oxford Securities Pvt. Ltd.,90,504.5,45405.0,2025-08-31T14:53:40.542465
2025-08-31,6288,2025083104014026,CHCL,Oxford Securities Pvt. Ltd.,Oxford Securities Pvt. Ltd.,100,504.5,50450.0,2025-08-31T14:53:40.542708
2025-08-31,6287,2025083104014027,CHCL,South Asian Bulls Pvt. Ltd.,Oxford Securities Pvt. Ltd.,30,504.3,15129.0,2025-08-31T14:53:40.542802
2025-08-31,6286,2025083104014028,CHCL,Trisul Securities & Invt. Ltd.,Oxford Securities Pvt. Ltd.,500,504.3,252150.0,2025-08-31T14:53:40.542897
2025-08-31,6285,2025083104014029,CHCL,Magnet Securities and Investment Company Private Limited,Oxford Securities Pvt. Ltd.,180,504.2,90756.0,2025-08-31T14:53:40.542991
2025-08-31,6255,2025083104014034,CHCL,Magnet Securities and Investment Company Private Limited,Imperial Securities Company Pvt. Ltd.,650,504.2,327730.0,2025-08-31T14:53:43.409287
2025-08-31,6161,2025083104014048,CHCL,Aakashbhairab Securities Ltd.,Vision Securities Pvt. Ltd,10,507.0,5070.0,2025-08-31T14:53:51.781902
2025-08-31,6145,2025083104014051,CHCL,Magnet Securities and Investment Company Private Limited,Oxford Securities Pvt. Ltd.,88,504.2,44369.6,2025-08-31T14:53:54.667811
2025-08-31,6144,2025083104014052,CHCL,Naasa Securities Co. Ltd.,Oxford Securities Pvt. Ltd.,85,504.1,42848.5,2025-08-31T14:53:54.668067
2025-08-31,6143,2025083104014053,CHCL,Creative Securities Pvt Ltd,Oxford Securities Pvt. Ltd.,50,504.1,25205.0,2025-08-31T14:53:54.668204
2025-08-31,6142,2025083104014054,CHCL,Imperial Securities Company Pvt. Ltd.,Oxford Securities Pvt. Ltd.,224,504.0,112896.0,2025-08-31T14:53:54.668303
2025-08-31,6141,2025083104014055,CHCL,Sundhara Securities Limited,Oxford Securities Pvt. Ltd.,25,504.0,12600.0,2025-08-31T14:53:54.668403
2025-08-31,6140,2025083104014056,CHCL,SHUBHAKAMANA SECURITIES PVT. LTD,Oxford Securities Pvt. Ltd.,100,504.0,50400.0,2025-08-31T14:53:54.668498
2025-08-31,6139,2025083104014057,CHCL,Market Securities & Exchange (PVT) Ltd.,Oxford Securities Pvt. Ltd.,50,504.0,25200.0,2025-08-31T14:53:54.668595
2025-08-31,6138,2025083104014058,CHCL,Sani Securities Company Ltd.,Oxford Securities Pvt. Ltd.,32,504.0,16128.0,2025-08-31T14:53:54.668689
2025-08-31,6137,2025083104014059,CHCL,Secured Securities Ltd.,Oxford Securities Pvt. Ltd.,200,504.0,100800.0,2025-08-31T14:53:54.668792
2025-08-31,6136,2025083104014060,CHCL,Trishakti Securities Public Limited,Oxford Securities Pvt. Ltd.,46,504.0,23184.0,2025-08-31T14:53:54.668885
2025-08-31,6027,2025083104014080,CHCL,Aakashbhairab Securities Ltd.,Vision Securities Pvt. Ltd,10,507.0,5070.0,2025-08-31T14:54:05.819559
2025-08-31,6006,2025083104014094,CHCL,Siprabi Securities Pvt. Ltd.,Oxford Securities Pvt. Ltd.,900,504.0,453600.0,2025-08-31T14:54:07.761408
2025-08-31,5919,2025083104014112,CHCL,Aakashbhairab Securities Ltd.,Primo Securities (PVT) Ltd.,10,506.9,5069.0,2025-08-31T14:54:16.850644
2025-08-31,5765,2025083104014145,CHCL,Kumari Securities Private Limited,Primo Securities (PVT) Ltd.,50,506.9,25345.0,2025-08-31T14:54:32.751413
2025-08-31,5249,2025083104014265,CHCL,Deevyaa Securities & Stock House Pvt. Ltd,Oxford Securities Pvt. Ltd.,200,505.0,101000.0,2025-08-31T14:55:22.347966
2025-08-31,5197,2025083104014276,CHCL,Aakashbhairab Securities Ltd.,Primo Securities (PVT) Ltd.,130,506.9,65897.0,2025-08-31T14:55:25.090969
2025-08-31,5196,2025083104014277,CHCL,Aakashbhairab Securities Ltd.,Vision Securities Pvt. Ltd,10,507.0,5070.0,2025-08-31T14:55:25.091277
2025-08-31,4092,2025083104014430,CHCL,Secured Securities Ltd.,Oxford Securities Pvt. Ltd.,100,505.0,50500.0,2025-08-31T14:56:34.504994
2025-08-31,4091,2025083104014431,CHCL,Secured Securities Ltd.,Vision Securities Pvt. Ltd,155,507.0,78585.0,2025-08-31T14:56:34.505224
2025-08-31,3989,2025083104014460,CHCL,Aakashbhairab Securities Ltd.,Ashutosh Brokerage & Securities (PVT) Ltd.,10,508.0,5080.0,2025-08-31T14:56:43.353783
2025-08-31,3823,2025083104014515,CHCL,Sipla Securities Private Limited,Ashutosh Brokerage & Securities (PVT) Ltd.,140,508.0,71120.0,2025-08-31T14:56:56.435248
2025-08-31,3822,2025083104014516,CHCL,Sipla Securities Private Limited,Sumeru Securities Pvt. Ltd.,200,508.0,101600.0,2025-08-31T14:56:56.4358
2025-08-31,3821,2025083104014517,CHCL,Sipla Securities Private Limited,Nepal Investment And Securities Trading Private Limited,13,509.0,6617.0,2025-08-31T14:56:56.436091
2025-08-31,3820,2025083104014518,CHCL,Sipla Securities Private Limited,Midas Stock Broking Company Private Limited,65,509.0,33085.0,2025-08-31T14:56:56.436431
2025-08-31,3819,2025083104014519,CHCL,Sipla Securities Private Limited,Midas Stock Broking Company Private Limited,200,509.0,101800.0,2025-08-31T14:56:56.436717
2025-08-31,3818,2025083104014520,CHCL,Sipla Securities Private Limited,Sharepro Securities Private Limited,166,509.4,84560.4,2025-08-31T14:56:56.437048
2025-08-31,3817,2025083104014521,CHCL,Sipla Securities Private Limited,K.B.L. Securities Limited ,50,509.5,25475.0,2025-08-31T14:56:56.437336
2025-08-31,3816,2025083104014522,CHCL,Sipla Securities Private Limited,Imperial Securities Company Pvt. Ltd.,502,509.7,255869.4,2025-08-31T14:56:56.437654
2025-08-31,3815,2025083104014523,CHCL,Sipla Securities Private Limited,Kohinoor Investment & Securities Pvt. Ltd.,160,509.8,81568.0,2025-08-31T14:56:56.437942
2025-08-31,3814,2025083104014524,CHCL,Sipla Securities Private Limited,Aakashbhairab Securities Ltd.,500,509.9,254950.0,2025-08-31T14:56:56.438256
2025-08-31,2934,2025083104014718,CHCL,Agrawal Securities (PVT) Ltd.,Primo Securities (PVT) Ltd.,10,509.9,5099.0,2025-08-31T14:57:47.955503
2025-08-31,2495,2025083104014843,CHCL,Agrawal Securities (PVT) Ltd.,Sweta Securities Private Limited,50,507.1,25355.0,2025-08-31T14:58:12.675187
2025-08-31,2494,2025083104014844,CHCL,Secured Securities Ltd.,Sweta Securities Private Limited,56,507.0,28392.0,2025-08-31T14:58:12.675415
2025-08-31,2493,2025083104014845,CHCL,Oxford Securities Pvt. Ltd.,Sweta Securities Private Limited,10,504.5,5045.0,2025-08-31T14:58:12.675514
2025-08-31,2492,2025083104014846,CHCL,Primo Securities (PVT) Ltd.,Sweta Securities Private Limited,100,504.5,50450.0,2025-08-31T14:58:12.675605
2025-08-31,2491,2025083104014847,CHCL,Agrawal Securities (PVT) Ltd.,Sweta Securities Private Limited,57,504.2,28739.4,2025-08-31T14:58:12.675696
2025-08-31,2072,2025083104014917,CHCL,Aakashbhairab Securities Ltd.,Imperial Securities Company Pvt. Ltd.,10,509.8,5098.0,2025-08-31T14:58:34.67768
2025-08-31,1988,2025083104014935,CHCL,Agrawal Securities (PVT) Ltd.,Imperial Securities Company Pvt. Ltd.,10,509.8,5098.0,2025-08-31T14:58:40.520786
2025-08-31,1720,2025083104014979,CHCL,Aakashbhairab Securities Ltd.,Primo Securities (PVT) Ltd.,11,509.7,5606.7,2025-08-31T14:58:57.116447
2025-08-31,1074,2025083104015079,CHCL,Aakashbhairab Securities Ltd.,Primo Securities (PVT) Ltd.,10,508.9,5089.0,2025-08-31T14:59:21.321686
2025-08-31,807,2025083104015145,CHCL,Nepal Investment And Securities Trading Private Limited,Primo Securities (PVT) Ltd.,100,508.0,50800.0,2025-08-31T14:59:30.386011
2025-08-31,705,2025083104015166,CHCL,Aakashbhairab Securities Ltd.,Primo Securities (PVT) Ltd.,11,508.0,5588.0,2025-08-31T14:59:34.905586
