Date,S.N.,Contract ID,Symbol,Buyer Broker,Seller Broker,volume,rate,amount,transaction_time
2025-08-31,94980,2025083105000242,CIT,Capital Max Securities Ltd,Nepal Investment And Securities Trading Private Limited,10,1920.2,19202.0,2025-08-31T11:02:58.338449
2025-08-31,89676,2025083105001073,CIT,Miyo Securities Pvt Ltd,Kumari Securities Private Limited,50,1925.0,96250.0,2025-08-31T11:11:51.330304
2025-08-31,89575,2025083105001082,CIT,Secured Securities Ltd.,Kumari Securities Private Limited,50,1925.0,96250.0,2025-08-31T11:12:05.170766
2025-08-31,89574,2025083105001083,CIT,Secured Securities Ltd.,Pragyan Securities (PVT) Ltd.,25,1943.0,48575.0,2025-08-31T11:12:05.170966
2025-08-31,89341,2025083105001124,CIT,Secured Securities Ltd.,Kalika Securities Pvt. Ltd.,25,1943.0,48575.0,2025-08-31T11:12:22.736905
2025-08-31,86749,2025083105001451,CIT,Kalika Securities Pvt. Ltd.,Cristal Kanchanjanga Securites Pvt. Ltd.,23,1923.0,44229.0,2025-08-31T11:16:29.049704
2025-08-31,84180,2025083105001849,CIT,Miyo Securities Pvt Ltd,Imperial Securities Company Pvt. Ltd.,50,1924.0,96200.0,2025-08-31T11:21:05.533416
2025-08-31,84179,2025083105001850,CIT,Malla & Malla Stock Broking Company Pvt. Limited,Imperial Securities Company Pvt. Ltd.,30,1923.0,57690.0,2025-08-31T11:21:05.533648
2025-08-31,84178,2025083105001851,CIT,Neev Securities Pvt. Ltd.,Imperial Securities Company Pvt. Ltd.,30,1922.5,57675.0,2025-08-31T11:21:05.533836
2025-08-31,84177,2025083105001852,CIT,Capital Max Securities Ltd,Imperial Securities Company Pvt. Ltd.,50,1922.1,96105.0,2025-08-31T11:21:05.533978
2025-08-31,84176,2025083105001853,CIT,Sani Securities Company Ltd.,Imperial Securities Company Pvt. Ltd.,20,1922.1,38442.0,2025-08-31T11:21:05.534114
2025-08-31,84175,2025083105001854,CIT,Kumari Securities Private Limited,Imperial Securities Company Pvt. Ltd.,36,1922.1,69195.6,2025-08-31T11:21:05.534249
2025-08-31,83845,2025083105001920,CIT,Kumari Securities Private Limited,Naasa Securities Co. Ltd.,64,1922.1,123014.4,2025-08-31T11:21:42.339298
2025-08-31,83844,2025083105001921,CIT,Imperial Securities Company Pvt. Ltd.,Naasa Securities Co. Ltd.,36,1922.1,69195.6,2025-08-31T11:21:42.339414
2025-08-31,83585,2025083105001978,CIT,Vision Securities Pvt. Ltd,Primo Securities (PVT) Ltd.,30,1930.0,57900.0,2025-08-31T11:22:13.275046
2025-08-31,81144,2025083105002481,CIT,Neev Securities Pvt. Ltd.,Stoxkarts Securities Limited,11,1922.6,21148.6,2025-08-31T11:26:41.4807
2025-08-31,79873,2025083105002722,CIT,Miyo Securities Pvt Ltd,KALASH STOCK MARKET PVT. LTD.,10,1922.5,19225.0,2025-08-31T11:29:23.11407
2025-08-31,79618,2025083105002783,CIT,Miyo Securities Pvt Ltd,ABC Securities Private Limited,19,1922.5,36527.5,2025-08-31T11:29:56.805794
2025-08-31,77926,2025083105003140,CIT,Miyo Securities Pvt Ltd,Thrive Brokerage House Pvt. Ltd,71,1922.5,136497.5,2025-08-31T11:33:40.529522
2025-08-31,77925,2025083105003141,CIT,Capital Max Securities Ltd,Thrive Brokerage House Pvt. Ltd,29,1922.5,55752.5,2025-08-31T11:33:40.529714
2025-08-31,76540,2025083105003448,CIT,Capital Max Securities Ltd,Sundhara Securities Limited,10,1922.5,19225.0,2025-08-31T11:36:28.671016
2025-08-31,75475,2025083105003680,CIT,Nepal Investment And Securities Trading Private Limited,ABC Securities Private Limited,200,1928.0,385600.0,2025-08-31T11:39:04.689565
2025-08-31,72960,2025083105004269,CIT,Dipshikha Dhitopatra Karobar Co. Pvt Ltd.,Malla & Malla Stock Broking Company Pvt. Limited,3,1889.5,5668.5,2025-08-31T11:45:06.782425
2025-08-31,72361,2025083105004445,CIT,Naasa Securities Co. Ltd.,Online Securities Pvt. Ltd.,29,1924.0,55796.0,2025-08-31T11:46:49.669818
2025-08-31,71500,2025083105004681,CIT,Kohinoor Investment & Securities Pvt. Ltd.,Thrive Brokerage House Pvt. Ltd,14,1924.0,26936.0,2025-08-31T11:49:24.259789
2025-08-31,71499,2025083105004682,CIT,ABC Securities Private Limited,Thrive Brokerage House Pvt. Ltd,86,1924.0,165464.0,2025-08-31T11:49:24.259956
2025-08-31,71497,2025083105004683,CIT,ABC Securities Private Limited,Arun Securities (PVT) Ltd.,119,1924.0,228956.0,2025-08-31T11:49:24.76578
2025-08-31,70219,2025083105005026,CIT,Sani Securities Company Ltd.,Thrive Brokerage House Pvt. Ltd,100,1923.5,192350.0,2025-08-31T11:52:20.856147
2025-08-31,70199,2025083105005032,CIT,Sundhara Securities Limited,Thrive Brokerage House Pvt. Ltd,85,1923.0,163455.0,2025-08-31T11:52:25.89003
2025-08-31,70198,2025083105005033,CIT,Naasa Securities Co. Ltd.,Thrive Brokerage House Pvt. Ltd,100,1923.0,192300.0,2025-08-31T11:52:25.890173
2025-08-31,70197,2025083105005034,CIT,Naasa Securities Co. Ltd.,Thrive Brokerage House Pvt. Ltd,79,1923.0,151917.0,2025-08-31T11:52:25.890234
2025-08-31,70087,2025083105005043,CIT,Sharepro Securities Private Limited,Arun Securities (PVT) Ltd.,94,1924.0,180856.0,2025-08-31T11:52:35.512148
2025-08-31,69355,2025083105005237,CIT,Imperial Securities Company Pvt. Ltd.,ABC Securities Private Limited,10,1925.0,19250.0,2025-08-31T11:54:44.422881
2025-08-31,68909,2025083105005358,CIT,Imperial Securities Company Pvt. Ltd.,Dynamic Money Managers Securities Pvt. Ltd.,20,1925.0,38500.0,2025-08-31T11:56:05.77501
2025-08-31,68830,2025083105005380,CIT,KALASH STOCK MARKET PVT. LTD.,Dynamic Money Managers Securities Pvt. Ltd.,80,1925.0,154000.0,2025-08-31T11:56:16.901709
2025-08-31,68829,2025083105005381,CIT,KALASH STOCK MARKET PVT. LTD.,Sri Hari Securities Pvt. Ltd.,200,1927.0,385400.0,2025-08-31T11:56:16.901782
2025-08-31,68828,2025083105005382,CIT,KALASH STOCK MARKET PVT. LTD.,Thrive Brokerage House Pvt. Ltd,208,1927.9,401003.2,2025-08-31T11:56:16.901812
2025-08-31,68827,2025083105005383,CIT,KALASH STOCK MARKET PVT. LTD.,Primo Securities (PVT) Ltd.,12,1928.0,23136.0,2025-08-31T11:56:16.901838
2025-08-31,68210,2025083105005542,CIT,Naasa Securities Co. Ltd.,Primo Securities (PVT) Ltd.,14,1928.0,26992.0,2025-08-31T11:57:37.268503
2025-08-31,67714,2025083105005728,CIT,Imperial Securities Company Pvt. Ltd.,Primo Securities (PVT) Ltd.,19,1928.0,36632.0,2025-08-31T11:59:02.013137
2025-08-31,67174,2025083105005871,CIT,Dipshikha Dhitopatra Karobar Co. Pvt Ltd.,Online Securities Pvt. Ltd.,15,1925.2,28878.0,2025-08-31T12:00:28.682449
2025-08-31,67173,2025083105005872,CIT,Online Securities Pvt. Ltd.,Online Securities Pvt. Ltd.,87,1925.0,167475.0,2025-08-31T12:00:28.682748
2025-08-31,67152,2025083105005879,CIT,Online Securities Pvt. Ltd.,Naasa Securities Co. Ltd.,75,1925.0,144375.0,2025-08-31T12:00:31.492054
2025-08-31,64356,2025083105006612,CIT,Pragyan Securities (PVT) Ltd.,Siprabi Securities Pvt. Ltd.,19,1925.1,36576.9,2025-08-31T12:07:14.636507
2025-08-31,64115,2025083105006660,CIT,Vision Securities Pvt. Ltd,Aryatara Investment & Securities,20,1927.9,38558.0,2025-08-31T12:07:55.420619
2025-08-31,64114,2025083105006661,CIT,Vision Securities Pvt. Ltd,Primo Securities (PVT) Ltd.,55,1928.0,106040.0,2025-08-31T12:07:55.420827
2025-08-31,64113,2025083105006662,CIT,Vision Securities Pvt. Ltd,Primo Securities (PVT) Ltd.,25,1930.0,48250.0,2025-08-31T12:07:55.420907
2025-08-31,63887,2025083105006712,CIT,Cristal Kanchanjanga Securites Pvt. Ltd.,Trisul Securities & Invt. Ltd.,20,1929.8,38596.0,2025-08-31T12:08:46.377943
2025-08-31,62283,2025083105007166,CIT,Pragyan Securities (PVT) Ltd.,Dynamic Money Managers Securities Pvt. Ltd.,40,1928.0,77120.0,2025-08-31T12:14:39.086132
2025-08-31,62282,2025083105007167,CIT,Pragyan Securities (PVT) Ltd.,ABC Securities Private Limited,160,1928.0,308480.0,2025-08-31T12:14:39.086493
2025-08-31,61988,2025083105007235,CIT,Pragyan Securities (PVT) Ltd.,ABC Securities Private Limited,90,1928.0,173520.0,2025-08-31T12:15:32.860244
2025-08-31,61941,2025083105007252,CIT,Sri Hari Securities Pvt. Ltd.,Trisul Securities & Invt. Ltd.,80,1929.8,154384.0,2025-08-31T12:15:48.695268
2025-08-31,61940,2025083105007253,CIT,Sri Hari Securities Pvt. Ltd.,Primo Securities (PVT) Ltd.,45,1930.0,86850.0,2025-08-31T12:15:48.69545
2025-08-31,61939,2025083105007254,CIT,Sri Hari Securities Pvt. Ltd.,Dakshinkali Investment & Securities Pvt. Ltd.,100,1930.0,193000.0,2025-08-31T12:15:48.695549
2025-08-31,61938,2025083105007255,CIT,Sri Hari Securities Pvt. Ltd.,ABC Securities Private Limited,200,1930.0,386000.0,2025-08-31T12:15:48.695618
2025-08-31,61937,2025083105007256,CIT,Sri Hari Securities Pvt. Ltd.,Imperial Securities Company Pvt. Ltd.,10,1930.0,19300.0,2025-08-31T12:15:48.695683
2025-08-31,61936,2025083105007257,CIT,Sri Hari Securities Pvt. Ltd.,ABC Securities Private Limited,200,1930.0,386000.0,2025-08-31T12:15:48.695747
2025-08-31,61935,2025083105007258,CIT,Sri Hari Securities Pvt. Ltd.,Nepal Stock House (PVT) Ltd.,15,1930.0,28950.0,2025-08-31T12:15:48.69581
2025-08-31,61934,2025083105007259,CIT,Sri Hari Securities Pvt. Ltd.,Dakshinkali Investment & Securities Pvt. Ltd.,116,1930.0,223880.0,2025-08-31T12:15:48.695873
2025-08-31,61933,2025083105007260,CIT,Sri Hari Securities Pvt. Ltd.,Imperial Securities Company Pvt. Ltd.,44,1930.0,84920.0,2025-08-31T12:15:48.695935
2025-08-31,61932,2025083105007261,CIT,Sri Hari Securities Pvt. Ltd.,Imperial Securities Company Pvt. Ltd.,350,1930.0,675500.0,2025-08-31T12:15:48.695996
2025-08-31,61931,2025083105007262,CIT,Sri Hari Securities Pvt. Ltd.,Dynamic Money Managers Securities Pvt. Ltd.,100,1930.0,193000.0,2025-08-31T12:15:48.696058
2025-08-31,61930,2025083105007263,CIT,Sri Hari Securities Pvt. Ltd.,Thrive Brokerage House Pvt. Ltd,100,1931.0,193100.0,2025-08-31T12:15:48.69613
2025-08-31,61929,2025083105007264,CIT,Sri Hari Securities Pvt. Ltd.,ABC Securities Private Limited,140,1931.0,270340.0,2025-08-31T12:15:48.69619
2025-08-31,60112,2025083105007840,CIT,Naasa Securities Co. Ltd.,Aryatara Investment & Securities,1,1940.0,1940.0,2025-08-31T12:22:54.941412
2025-08-31,59641,2025083105008025,CIT,Market Securities & Exchange (PVT) Ltd.,ABC Securities Private Limited,10,1929.0,19290.0,2025-08-31T12:24:27.188989
2025-08-31,58861,2025083105008250,CIT,Aryatara Investment & Securities,Aryatara Investment & Securities,12,1928.0,23136.0,2025-08-31T12:27:59.755745
2025-08-31,57984,2025083105008493,CIT,ABC Securities Private Limited,Sani Securities Company Ltd.,2,1927.0,3854.0,2025-08-31T12:31:17.974411
2025-08-31,57658,2025083105008567,CIT,Aryatara Investment & Securities,Aryatara Investment & Securities,11,1928.0,21208.0,2025-08-31T12:32:41.101167
2025-08-31,57050,2025083105008720,CIT,Asian Securities Private Ltd.,Sewa Securities Pvt. Ltd.,200,1927.0,385400.0,2025-08-31T12:35:18.19165
2025-08-31,57049,2025083105008721,CIT,Pragyan Securities (PVT) Ltd.,Sewa Securities Pvt. Ltd.,100,1926.1,192610.0,2025-08-31T12:35:18.1919
2025-08-31,57048,2025083105008722,CIT,ABC Securities Private Limited,Sewa Securities Pvt. Ltd.,100,1926.0,192600.0,2025-08-31T12:35:18.191979
2025-08-31,56387,2025083105008880,CIT,Aryatara Investment & Securities,BHOLE GANESH SECURITIES LTD,10,1925.2,19252.0,2025-08-31T12:37:39.288706
2025-08-31,56386,2025083105008881,CIT,Aryatara Investment & Securities,BHOLE GANESH SECURITIES LTD,10,1925.2,19252.0,2025-08-31T12:37:39.288813
2025-08-31,56385,2025083105008882,CIT,Aryatara Investment & Securities,BHOLE GANESH SECURITIES LTD,10,1925.2,19252.0,2025-08-31T12:37:39.288887
2025-08-31,56384,2025083105008883,CIT,Online Securities Pvt. Ltd.,BHOLE GANESH SECURITIES LTD,38,1925.0,73150.0,2025-08-31T12:37:39.289005
2025-08-31,56383,2025083105008884,CIT,Investment Management Nepal Pvt. Ltd.,BHOLE GANESH SECURITIES LTD,30,1925.0,57750.0,2025-08-31T12:37:39.289079
2025-08-31,56382,2025083105008885,CIT,Asian Securities Private Ltd.,BHOLE GANESH SECURITIES LTD,20,1925.0,38500.0,2025-08-31T12:37:39.289149
2025-08-31,56381,2025083105008886,CIT,J.F. Securites (PVT) Ltd.,BHOLE GANESH SECURITIES LTD,10,1925.0,19250.0,2025-08-31T12:37:39.289218
2025-08-31,56380,2025083105008887,CIT,Sumeru Securities Pvt. Ltd.,BHOLE GANESH SECURITIES LTD,100,1925.0,192500.0,2025-08-31T12:37:39.289288
2025-08-31,56379,2025083105008888,CIT,Sundhara Securities Limited,BHOLE GANESH SECURITIES LTD,10,1925.0,19250.0,2025-08-31T12:37:39.289378
2025-08-31,56378,2025083105008889,CIT,Aryatara Investment & Securities,BHOLE GANESH SECURITIES LTD,11,1925.0,21175.0,2025-08-31T12:37:39.289451
2025-08-31,56377,2025083105008890,CIT,Sumeru Securities Pvt. Ltd.,BHOLE GANESH SECURITIES LTD,51,1925.0,98175.0,2025-08-31T12:37:39.289592
2025-08-31,55776,2025083105009032,CIT,Bhrikuti Stock Broking Co. Pvt. Ltd.,ABC Securities Private Limited,3,1890.0,5670.0,2025-08-31T12:39:48.338733
2025-08-31,54516,2025083105009338,CIT,Sumeru Securities Pvt. Ltd.,Sani Securities Company Ltd.,30,1925.0,57750.0,2025-08-31T12:43:55.804792
2025-08-31,54474,2025083105009344,CIT,Sumeru Securities Pvt. Ltd.,Kohinoor Investment & Securities Pvt. Ltd.,19,1925.0,36575.0,2025-08-31T12:44:03.708766
2025-08-31,54473,2025083105009345,CIT,Bhrikuti Stock Broking Co. Pvt. Ltd.,Kohinoor Investment & Securities Pvt. Ltd.,11,1924.0,21164.0,2025-08-31T12:44:03.708884
2025-08-31,54170,2025083105009425,CIT,Bhrikuti Stock Broking Co. Pvt. Ltd.,Thrive Brokerage House Pvt. Ltd,139,1924.0,267436.0,2025-08-31T12:44:56.093952
2025-08-31,53804,2025083105009528,CIT,Sundhara Securities Limited,Sweta Securities Private Limited,10,1923.2,19232.0,2025-08-31T12:45:59.881039
2025-08-31,53465,2025083105009611,CIT,Capital Max Securities Ltd,Sri Hari Securities Pvt. Ltd.,51,1922.5,98047.5,2025-08-31T12:46:58.155119
2025-08-31,53464,2025083105009612,CIT,Kohinoor Investment & Securities Pvt. Ltd.,Sri Hari Securities Pvt. Ltd.,15,1922.5,28837.5,2025-08-31T12:46:58.155285
2025-08-31,53463,2025083105009613,CIT,Sani Securities Company Ltd.,Sri Hari Securities Pvt. Ltd.,134,1922.5,257615.0,2025-08-31T12:46:58.155366
2025-08-31,52564,2025083105009852,CIT,Primo Securities (PVT) Ltd.,Linch Stock Market Ltd.,10,1923.0,19230.0,2025-08-31T12:49:28.246147
2025-08-31,51213,2025083105010251,CIT,Imperial Securities Company Pvt. Ltd.,Aryatara Investment & Securities,30,1923.0,57690.0,2025-08-31T12:53:36.566509
2025-08-31,51212,2025083105010252,CIT,Naasa Securities Co. Ltd.,Aryatara Investment & Securities,24,1923.0,46152.0,2025-08-31T12:53:36.566728
2025-08-31,50885,2025083105010309,CIT,Property Wiard Limited,ABC Securities Private Limited,10,1925.0,19250.0,2025-08-31T12:54:47.374114
2025-08-31,50853,2025083105010314,CIT,Naasa Securities Co. Ltd.,Sharepro Securities Private Limited,20,1923.0,38460.0,2025-08-31T12:54:49.592228
2025-08-31,50852,2025083105010315,CIT,Sani Securities Company Ltd.,Sharepro Securities Private Limited,52,1923.0,99996.0,2025-08-31T12:54:49.592453
2025-08-31,50851,2025083105010316,CIT,Sani Securities Company Ltd.,Sharepro Securities Private Limited,16,1922.5,30760.0,2025-08-31T12:54:49.592525
2025-08-31,50850,2025083105010317,CIT,Miyo Securities Pvt Ltd,Sharepro Securities Private Limited,50,1922.3,96115.0,2025-08-31T12:54:49.592594
2025-08-31,50849,2025083105010318,CIT,Imperial Securities Company Pvt. Ltd.,Sharepro Securities Private Limited,64,1922.1,123014.4,2025-08-31T12:54:49.592663
2025-08-31,50848,2025083105010319,CIT,Miyo Securities Pvt Ltd,Sharepro Securities Private Limited,100,1922.0,192200.0,2025-08-31T12:54:49.592768
2025-08-31,50847,2025083105010320,CIT,Trisul Securities & Invt. Ltd.,Sharepro Securities Private Limited,200,1922.0,384400.0,2025-08-31T12:54:49.59283
2025-08-31,50846,2025083105010321,CIT,Midas Stock Broking Company Private Limited,Sharepro Securities Private Limited,13,1922.0,24986.0,2025-08-31T12:54:49.592894
2025-08-31,50785,2025083105010335,CIT,Midas Stock Broking Company Private Limited,Sharepro Securities Private Limited,10,1922.0,19220.0,2025-08-31T12:55:03.899965
2025-08-31,50477,2025083105010464,CIT,Midas Stock Broking Company Private Limited,Nepal Investment And Securities Trading Private Limited,10,1922.0,19220.0,2025-08-31T12:55:59.139616
2025-08-31,49103,2025083105010763,CIT,Sri Hari Securities Pvt. Ltd.,ABC Securities Private Limited,230,1925.0,442750.0,2025-08-31T13:00:05.633303
2025-08-31,46962,2025083105011502,CIT,Nepal Stock House (PVT) Ltd.,Siprabi Securities Pvt. Ltd.,10,1924.0,19240.0,2025-08-31T13:06:00.520883
2025-08-31,46961,2025083105011503,CIT,Nepal Investment And Securities Trading Private Limited,Siprabi Securities Pvt. Ltd.,10,1924.0,19240.0,2025-08-31T13:06:00.521275
2025-08-31,46960,2025083105011504,CIT,Miyo Securities Pvt Ltd,Siprabi Securities Pvt. Ltd.,100,1922.3,192230.0,2025-08-31T13:06:00.521364
2025-08-31,46959,2025083105011505,CIT,Sri Hari Securities Pvt. Ltd.,Siprabi Securities Pvt. Ltd.,60,1922.1,115326.0,2025-08-31T13:06:00.521458
2025-08-31,45448,2025083105011874,CIT,Vision Securities Pvt. Ltd,Imperial Securities Company Pvt. Ltd.,50,1923.0,96150.0,2025-08-31T13:10:08.134562
2025-08-31,45283,2025083105011940,CIT,Cristal Kanchanjanga Securites Pvt. Ltd.,Sri Hari Securities Pvt. Ltd.,20,1922.5,38450.0,2025-08-31T13:10:36.20821
2025-08-31,45282,2025083105011941,CIT,Sri Hari Securities Pvt. Ltd.,Sri Hari Securities Pvt. Ltd.,80,1922.1,153768.0,2025-08-31T13:10:36.208425
2025-08-31,44733,2025083105012084,CIT,Nepal Investment And Securities Trading Private Limited,Malla & Malla Stock Broking Company Pvt. Limited,100,1924.5,192450.0,2025-08-31T13:12:25.277238
2025-08-31,44564,2025083105012114,CIT,Bhrikuti Stock Broking Co. Pvt. Ltd.,Malla & Malla Stock Broking Company Pvt. Limited,10,1924.5,19245.0,2025-08-31T13:12:53.183882
2025-08-31,44216,2025083105012230,CIT,Dipshikha Dhitopatra Karobar Co. Pvt Ltd.,Primo Securities (PVT) Ltd.,30,1924.0,57720.0,2025-08-31T13:14:02.136591
2025-08-31,43834,2025083105012338,CIT,Nepal Investment And Securities Trading Private Limited,Malla & Malla Stock Broking Company Pvt. Limited,50,1922.2,96110.0,2025-08-31T13:15:17.615494
2025-08-31,43833,2025083105012339,CIT,Sri Hari Securities Pvt. Ltd.,Malla & Malla Stock Broking Company Pvt. Limited,90,1922.1,172989.0,2025-08-31T13:15:17.61586
2025-08-31,43412,2025083105012452,CIT,Kohinoor Investment & Securities Pvt. Ltd.,Market Securities & Exchange (PVT) Ltd.,17,1922.3,32679.1,2025-08-31T13:16:38.705076
2025-08-31,40781,2025083105013279,CIT,Imperial Securities Company Pvt. Ltd.,Shree Krishna Securities Ltd.,10,1922.3,19223.0,2025-08-31T13:24:53.194114
2025-08-31,40450,2025083105013363,CIT,Imperial Securities Company Pvt. Ltd.,Primo Securities (PVT) Ltd.,70,1924.0,134680.0,2025-08-31T13:25:43.729097
2025-08-31,40449,2025083105013364,CIT,Imperial Securities Company Pvt. Ltd.,Cristal Kanchanjanga Securites Pvt. Ltd.,30,1924.0,57720.0,2025-08-31T13:25:43.729458
2025-08-31,40072,2025083105013483,CIT,Neev Securities Pvt. Ltd.,Sewa Securities Pvt. Ltd.,10,1922.6,19226.0,2025-08-31T13:26:51.961639
2025-08-31,39743,2025083105013563,CIT,Neev Securities Pvt. Ltd.,ABC Securities Private Limited,40,1922.6,76904.0,2025-08-31T13:28:08.169152
2025-08-31,39742,2025083105013564,CIT,Aryatara Investment & Securities,ABC Securities Private Limited,20,1922.5,38450.0,2025-08-31T13:28:08.16949
2025-08-31,39449,2025083105013639,CIT,Nepal Stock House (PVT) Ltd.,Primo Securities (PVT) Ltd.,25,1923.9,48097.5,2025-08-31T13:29:15.959471
2025-08-31,38487,2025083105013885,CIT,Market Securities & Exchange (PVT) Ltd.,Sani Securities Company Ltd.,1,1900.0,1900.0,2025-08-31T13:32:53.207192
2025-08-31,38253,2025083105013950,CIT,Naasa Securities Co. Ltd.,Trishakti Securities Public Limited,10,1923.4,19234.0,2025-08-31T13:33:38.984032
2025-08-31,37544,2025083105014169,CIT,Aryatara Investment & Securities,Dipshikha Dhitopatra Karobar Co. Pvt Ltd.,20,1923.4,38468.0,2025-08-31T13:36:10.103777
2025-08-31,37339,2025083105014211,CIT,Naasa Securities Co. Ltd.,KALASH STOCK MARKET PVT. LTD.,10,1923.6,19236.0,2025-08-31T13:36:52.876111
2025-08-31,37338,2025083105014212,CIT,Aryatara Investment & Securities,KALASH STOCK MARKET PVT. LTD.,170,1923.4,326978.0,2025-08-31T13:36:52.876513
2025-08-31,37271,2025083105014228,CIT,Naasa Securities Co. Ltd.,Thrive Brokerage House Pvt. Ltd,10,1922.9,19229.0,2025-08-31T13:37:09.021091
2025-08-31,37270,2025083105014229,CIT,Midas Stock Broking Company Private Limited,Thrive Brokerage House Pvt. Ltd,217,1922.4,417160.8,2025-08-31T13:37:09.021309
2025-08-31,35384,2025083105014685,CIT,Naasa Securities Co. Ltd.,Agrawal Securities (PVT) Ltd.,11,1923.3,21156.3,2025-08-31T13:43:03.832864
2025-08-31,34784,2025083105014875,CIT,Imperial Securities Company Pvt. Ltd.,Opal Securities Investment (PVT) Ltd.,10,1922.3,19223.0,2025-08-31T13:45:12.915833
2025-08-31,34559,2025083105014948,CIT,Bhrikuti Stock Broking Co. Pvt. Ltd.,Primo Securities (PVT) Ltd.,10,1923.9,19239.0,2025-08-31T13:45:43.240592
2025-08-31,33191,2025083105015372,CIT,Naasa Securities Co. Ltd.,Kumari Securities Private Limited,10,1922.3,19223.0,2025-08-31T13:50:42.146389
2025-08-31,32294,2025083105015602,CIT,Sri Hari Securities Pvt. Ltd.,Creative Securities Pvt Ltd,40,1922.1,76884.0,2025-08-31T13:53:54.326151
2025-08-31,32293,2025083105015603,CIT,Nepal Investment And Securities Trading Private Limited,Creative Securities Pvt Ltd,40,1922.1,76884.0,2025-08-31T13:53:54.326435
2025-08-31,32292,2025083105015604,CIT,Sundhara Securities Limited,Creative Securities Pvt Ltd,20,1922.1,38442.0,2025-08-31T13:53:54.326524
2025-08-31,32291,2025083105015605,CIT,Sumeru Securities Pvt. Ltd.,Creative Securities Pvt Ltd,10,1922.0,19220.0,2025-08-31T13:53:54.326604
2025-08-31,32290,2025083105015606,CIT,Naasa Securities Co. Ltd.,Creative Securities Pvt Ltd,25,1922.0,48050.0,2025-08-31T13:53:54.326685
2025-08-31,32289,2025083105015607,CIT,Miyo Securities Pvt Ltd,Creative Securities Pvt Ltd,50,1922.0,96100.0,2025-08-31T13:53:54.326761
2025-08-31,32288,2025083105015608,CIT,Miyo Securities Pvt Ltd,Creative Securities Pvt Ltd,15,1922.0,28830.0,2025-08-31T13:53:54.326836
2025-08-31,31833,2025083105015715,CIT,Sweta Securities Private Limited,Trisul Securities & Invt. Ltd.,10,1922.0,19220.0,2025-08-31T13:55:10.995448
2025-08-31,31832,2025083105015716,CIT,Naasa Securities Co. Ltd.,Trisul Securities & Invt. Ltd.,10,1922.0,19220.0,2025-08-31T13:55:10.995901
2025-08-31,31831,2025083105015717,CIT,Malla & Malla Stock Broking Company Pvt. Limited,Trisul Securities & Invt. Ltd.,22,1922.0,42284.0,2025-08-31T13:55:10.99613
2025-08-31,31764,2025083105015748,CIT,Malla & Malla Stock Broking Company Pvt. Limited,South Asian Bulls Pvt. Ltd.,78,1922.0,149916.0,2025-08-31T13:55:22.058889
2025-08-31,31763,2025083105015749,CIT,Imperial Securities Company Pvt. Ltd.,South Asian Bulls Pvt. Ltd.,22,1922.0,42284.0,2025-08-31T13:55:22.059125
2025-08-31,30637,2025083105016122,CIT,Cristal Kanchanjanga Securites Pvt. Ltd.,Primo Securities (PVT) Ltd.,50,1923.9,96195.0,2025-08-31T13:59:18.516835
2025-08-31,30459,2025083105016163,CIT,ABC Securities Private Limited,Nepal Stock House (PVT) Ltd.,1,1920.0,1920.0,2025-08-31T13:59:44.913163
2025-08-31,28203,2025083105016670,CIT,Neev Securities Pvt. Ltd.,KALASH STOCK MARKET PVT. LTD.,10,1922.1,19221.0,2025-08-31T14:04:42.239072
2025-08-31,27165,2025083105016928,CIT,Creative Securities Pvt Ltd,Oxford Securities Pvt. Ltd.,11,1922.5,21147.5,2025-08-31T14:07:23.269121
2025-08-31,26719,2025083105017081,CIT,Creative Securities Pvt Ltd,Market Securities & Exchange (PVT) Ltd.,10,1922.5,19225.0,2025-08-31T14:08:24.821642
2025-08-31,26212,2025083105017287,CIT,Neev Securities Pvt. Ltd.,Naasa Securities Co. Ltd.,10,1922.3,19223.0,2025-08-31T14:09:57.164096
2025-08-31,26211,2025083105017288,CIT,Swarna Laxmi Securities Pvt. Ltd.,Naasa Securities Co. Ltd.,150,1922.1,288315.0,2025-08-31T14:09:57.164375
2025-08-31,26210,2025083105017289,CIT,Imperial Securities Company Pvt. Ltd.,Naasa Securities Co. Ltd.,28,1922.0,53816.0,2025-08-31T14:09:57.16446
2025-08-31,26209,2025083105017290,CIT,Kohinoor Investment & Securities Pvt. Ltd.,Naasa Securities Co. Ltd.,20,1922.0,38440.0,2025-08-31T14:09:57.16454
2025-08-31,26208,2025083105017291,CIT,Nepal Investment And Securities Trading Private Limited,Naasa Securities Co. Ltd.,42,1922.0,80724.0,2025-08-31T14:09:57.164619
2025-08-31,26051,2025083105017313,CIT,Nepal Investment And Securities Trading Private Limited,Naasa Securities Co. Ltd.,137,1922.0,263314.0,2025-08-31T14:10:17.535804
2025-08-31,25593,2025083105017439,CIT,Creative Securities Pvt Ltd,Primo Securities (PVT) Ltd.,12,1922.9,23074.8,2025-08-31T14:11:47.500406
2025-08-31,24338,2025083105017719,CIT,Agrawal Securities (PVT) Ltd.,Pragyan Securities (PVT) Ltd.,90,1922.4,173016.0,2025-08-31T14:14:55.718461
2025-08-31,24038,2025083105017798,CIT,Agrawal Securities (PVT) Ltd.,Sri Hari Securities Pvt. Ltd.,50,1922.4,96120.0,2025-08-31T14:15:51.880057
2025-08-31,23452,2025083105017946,CIT,Nepal Investment And Securities Trading Private Limited,Online Securities Pvt. Ltd.,57,1922.0,109554.0,2025-08-31T14:17:28.969343
2025-08-31,22931,2025083105018093,CIT,Nepal Investment And Securities Trading Private Limited,Aryatara Investment & Securities,10,1922.0,19220.0,2025-08-31T14:18:35.00688
2025-08-31,22614,2025083105018161,CIT,Nepal Investment And Securities Trading Private Limited,Sundhara Securities Limited,61,1922.0,117242.0,2025-08-31T14:19:26.887257
2025-08-31,22613,2025083105018162,CIT,KALASH STOCK MARKET PVT. LTD.,Sundhara Securities Limited,100,1921.0,192100.0,2025-08-31T14:19:26.887481
2025-08-31,22612,2025083105018163,CIT,Secured Securities Ltd.,Sundhara Securities Limited,100,1921.0,192100.0,2025-08-31T14:19:26.887576
2025-08-31,22176,2025083105018283,CIT,Siprabi Securities Pvt. Ltd.,Kumari Securities Private Limited,115,1921.0,220915.0,2025-08-31T14:20:44.197696
2025-08-31,21843,2025083105018396,CIT,Sweta Securities Private Limited,Primo Securities (PVT) Ltd.,50,1922.0,96100.0,2025-08-31T14:21:41.195385
2025-08-31,21831,2025083105018399,CIT,Siprabi Securities Pvt. Ltd.,Online Securities Pvt. Ltd.,135,1921.0,259335.0,2025-08-31T14:21:43.177659
2025-08-31,21830,2025083105018400,CIT,South Asian Bulls Pvt. Ltd.,Online Securities Pvt. Ltd.,40,1921.0,76840.0,2025-08-31T14:21:43.177743
2025-08-31,21683,2025083105018434,CIT,Vision Securities Pvt. Ltd,Primo Securities (PVT) Ltd.,20,1922.0,38440.0,2025-08-31T14:22:17.897074
2025-08-31,21452,2025083105018468,CIT,South Asian Bulls Pvt. Ltd.,Online Securities Pvt. Ltd.,10,1921.0,19210.0,2025-08-31T14:22:48.932786
2025-08-31,21451,2025083105018469,CIT,Asian Securities Private Ltd.,Online Securities Pvt. Ltd.,44,1920.5,84502.0,2025-08-31T14:22:48.933058
2025-08-31,21377,2025083105018492,CIT,Kumari Securities Private Limited,Online Securities Pvt. Ltd.,30,1920.4,57612.0,2025-08-31T14:23:03.086114
2025-08-31,21376,2025083105018493,CIT,Opal Securities Investment (PVT) Ltd.,Online Securities Pvt. Ltd.,70,1920.3,134421.0,2025-08-31T14:23:03.086381
2025-08-31,21212,2025083105018524,CIT,Opal Securities Investment (PVT) Ltd.,Creative Securities Pvt Ltd,30,1920.3,57609.0,2025-08-31T14:23:26.657921
2025-08-31,21211,2025083105018525,CIT,Aryatara Investment & Securities,Creative Securities Pvt Ltd,30,1920.2,57606.0,2025-08-31T14:23:26.658158
2025-08-31,21210,2025083105018526,CIT,Aryatara Investment & Securities,Creative Securities Pvt Ltd,125,1920.0,240000.0,2025-08-31T14:23:26.658246
2025-08-31,21209,2025083105018527,CIT,Linch Stock Market Ltd.,Creative Securities Pvt Ltd,15,1920.0,28800.0,2025-08-31T14:23:26.658343
2025-08-31,20818,2025083105018645,CIT,Kohinoor Investment & Securities Pvt. Ltd.,Primo Securities (PVT) Ltd.,105,1920.0,201600.0,2025-08-31T14:24:27.197309
2025-08-31,20817,2025083105018646,CIT,Sani Securities Company Ltd.,Primo Securities (PVT) Ltd.,13,1920.0,24960.0,2025-08-31T14:24:27.197762
2025-08-31,20816,2025083105018647,CIT,Naasa Securities Co. Ltd.,Primo Securities (PVT) Ltd.,70,1920.0,134400.0,2025-08-31T14:24:27.198134
2025-08-31,20815,2025083105018648,CIT,ABC Securities Private Limited,Primo Securities (PVT) Ltd.,10,1920.0,19200.0,2025-08-31T14:24:27.198521
2025-08-31,20814,2025083105018649,CIT,Ashutosh Brokerage & Securities (PVT) Ltd.,Primo Securities (PVT) Ltd.,100,1920.0,192000.0,2025-08-31T14:24:27.198859
2025-08-31,20813,2025083105018650,CIT,Vision Securities Pvt. Ltd,Primo Securities (PVT) Ltd.,20,1920.0,38400.0,2025-08-31T14:24:27.199176
2025-08-31,20812,2025083105018651,CIT,Premier Securities Company Ltd.,Primo Securities (PVT) Ltd.,40,1920.0,76800.0,2025-08-31T14:24:27.199531
2025-08-31,20811,2025083105018652,CIT,Malla & Malla Stock Broking Company Pvt. Limited,Primo Securities (PVT) Ltd.,20,1920.0,38400.0,2025-08-31T14:24:27.199855
2025-08-31,20810,2025083105018653,CIT,Sri Hari Securities Pvt. Ltd.,Primo Securities (PVT) Ltd.,10,1920.0,19200.0,2025-08-31T14:24:27.200174
2025-08-31,20809,2025083105018654,CIT,ABC Securities Private Limited,Primo Securities (PVT) Ltd.,12,1920.0,23040.0,2025-08-31T14:24:27.200504
2025-08-31,20377,2025083105018774,CIT,ABC Securities Private Limited,Primo Securities (PVT) Ltd.,38,1920.0,72960.0,2025-08-31T14:25:36.500927
2025-08-31,20376,2025083105018775,CIT,Neev Securities Pvt. Ltd.,Primo Securities (PVT) Ltd.,50,1920.0,96000.0,2025-08-31T14:25:36.501139
2025-08-31,20375,2025083105018776,CIT,Kalika Securities Pvt. Ltd.,Primo Securities (PVT) Ltd.,10,1920.0,19200.0,2025-08-31T14:25:36.501232
2025-08-31,20273,2025083105018797,CIT,Vision Securities Pvt. Ltd,Primo Securities (PVT) Ltd.,50,1920.0,96000.0,2025-08-31T14:25:51.564894
2025-08-31,20272,2025083105018798,CIT,Cristal Kanchanjanga Securites Pvt. Ltd.,Primo Securities (PVT) Ltd.,10,1920.0,19200.0,2025-08-31T14:25:51.56511
2025-08-31,20271,2025083105018799,CIT,Swarna Laxmi Securities Pvt. Ltd.,Primo Securities (PVT) Ltd.,40,1920.0,76800.0,2025-08-31T14:25:51.565187
2025-08-31,20185,2025083105018818,CIT,Swarna Laxmi Securities Pvt. Ltd.,Primo Securities (PVT) Ltd.,100,1920.0,192000.0,2025-08-31T14:26:04.617865
2025-08-31,19879,2025083105018885,CIT,Swarna Laxmi Securities Pvt. Ltd.,Sweta Securities Private Limited,10,1920.0,19200.0,2025-08-31T14:26:47.025389
2025-08-31,19878,2025083105018886,CIT,J.F. Securites (PVT) Ltd.,Sweta Securities Private Limited,10,1920.0,19200.0,2025-08-31T14:26:47.025726
2025-08-31,19877,2025083105018887,CIT,Online Securities Pvt. Ltd.,Sweta Securities Private Limited,24,1920.0,46080.0,2025-08-31T14:26:47.025947
2025-08-31,18739,2025083105019237,CIT,Capital Hub P. Ltd,Trisul Securities & Invt. Ltd.,30,1921.9,57657.0,2025-08-31T14:29:24.706621
2025-08-31,18738,2025083105019238,CIT,Capital Hub P. Ltd,Primo Securities (PVT) Ltd.,30,1922.0,57660.0,2025-08-31T14:29:24.7067
2025-08-31,18737,2025083105019239,CIT,Capital Hub P. Ltd,Sweta Securities Private Limited,20,1922.0,38440.0,2025-08-31T14:29:24.706744
2025-08-31,18736,2025083105019240,CIT,Capital Hub P. Ltd,Opal Securities Investment (PVT) Ltd.,10,1922.0,19220.0,2025-08-31T14:29:24.706774
2025-08-31,18735,2025083105019241,CIT,Capital Hub P. Ltd,ABC Securities Private Limited,200,1922.0,384400.0,2025-08-31T14:29:24.706802
2025-08-31,18734,2025083105019242,CIT,Capital Hub P. Ltd,ABC Securities Private Limited,50,1922.0,96100.0,2025-08-31T14:29:24.706828
2025-08-31,18733,2025083105019243,CIT,Capital Hub P. Ltd,Linch Stock Market Ltd.,470,1922.5,903575.0,2025-08-31T14:29:24.706863
2025-08-31,18169,2025083105019419,CIT,South Asian Bulls Pvt. Ltd.,Trishakti Securities Public Limited,20,1921.2,38424.0,2025-08-31T14:30:46.366613
2025-08-31,18094,2025083105019439,CIT,Agrawal Securities (PVT) Ltd.,Naasa Securities Co. Ltd.,50,1920.0,96000.0,2025-08-31T14:30:57.481106
2025-08-31,18093,2025083105019440,CIT,Vision Securities Pvt. Ltd,Naasa Securities Co. Ltd.,10,1920.0,19200.0,2025-08-31T14:30:57.481179
2025-08-31,18092,2025083105019441,CIT,Aryatara Investment & Securities,Naasa Securities Co. Ltd.,11,1919.0,21109.0,2025-08-31T14:30:57.481209
2025-08-31,18091,2025083105019442,CIT,Thrive Brokerage House Pvt. Ltd,Naasa Securities Co. Ltd.,10,1919.0,19190.0,2025-08-31T14:30:57.481251
2025-08-31,18090,2025083105019443,CIT,Imperial Securities Company Pvt. Ltd.,Naasa Securities Co. Ltd.,100,1918.0,191800.0,2025-08-31T14:30:57.481277
2025-08-31,18089,2025083105019444,CIT,Thrive Brokerage House Pvt. Ltd,Naasa Securities Co. Ltd.,100,1918.0,191800.0,2025-08-31T14:30:57.481306
2025-08-31,18088,2025083105019445,CIT,Vision Securities Pvt. Ltd,Naasa Securities Co. Ltd.,10,1918.0,19180.0,2025-08-31T14:30:57.481356
2025-08-31,18087,2025083105019446,CIT,Agrawal Securities (PVT) Ltd.,Naasa Securities Co. Ltd.,45,1918.0,86310.0,2025-08-31T14:30:57.481381
2025-08-31,16669,2025083105019873,CIT,Nagarik Stock Dealer ,Primo Securities (PVT) Ltd.,100,1921.0,192100.0,2025-08-31T14:33:51.590878
2025-08-31,15448,2025083105020168,CIT,Opal Securities Investment (PVT) Ltd.,Cristal Kanchanjanga Securites Pvt. Ltd.,20,1921.0,38420.0,2025-08-31T14:36:45.762132
2025-08-31,14698,2025083105020409,CIT,Nepal Investment And Securities Trading Private Limited,Cristal Kanchanjanga Securites Pvt. Ltd.,50,1921.0,96050.0,2025-08-31T14:38:31.240964
2025-08-31,13897,2025083105020622,CIT,Siprabi Securities Pvt. Ltd.,Online Securities Pvt. Ltd.,41,1921.0,78761.0,2025-08-31T14:40:16.592634
2025-08-31,13619,2025083105020695,CIT,Agrawal Securities (PVT) Ltd.,Vision Securities Pvt. Ltd,13,1920.2,24962.6,2025-08-31T14:40:55.141902
2025-08-31,12899,2025083105020909,CIT,Creative Securities Pvt Ltd,Online Securities Pvt. Ltd.,15,1921.0,28815.0,2025-08-31T14:42:19.80491
2025-08-31,12817,2025083105020942,CIT,Thrive Brokerage House Pvt. Ltd,Online Securities Pvt. Ltd.,65,1921.0,124865.0,2025-08-31T14:42:28.072913
2025-08-31,12816,2025083105020943,CIT,Thrive Brokerage House Pvt. Ltd,Sweta Securities Private Limited,10,1921.0,19210.0,2025-08-31T14:42:28.073282
2025-08-31,11280,2025083105021311,CIT,Cristal Kanchanjanga Securites Pvt. Ltd.,Sweta Securities Private Limited,20,1921.0,38420.0,2025-08-31T14:45:09.654956
2025-08-31,10496,2025083105021523,CIT,Cristal Kanchanjanga Securites Pvt. Ltd.,KALASH STOCK MARKET PVT. LTD.,10,1921.0,19210.0,2025-08-31T14:46:28.949812
2025-08-31,10417,2025083105021556,CIT,Midas Stock Broking Company Private Limited,Trishakti Securities Public Limited,21,1921.2,40345.2,2025-08-31T14:46:41.315342
2025-08-31,10001,2025083105021664,CIT,Cristal Kanchanjanga Securites Pvt. Ltd.,Sewa Securities Pvt. Ltd.,170,1921.0,326570.0,2025-08-31T14:47:29.047772
2025-08-31,10000,2025083105021665,CIT,Malla & Malla Stock Broking Company Pvt. Limited,Sewa Securities Pvt. Ltd.,80,1921.0,153680.0,2025-08-31T14:47:29.048151
2025-08-31,9942,2025083105021679,CIT,Agrawal Securities (PVT) Ltd.,Asian Securities Private Ltd.,20,1921.0,38420.0,2025-08-31T14:47:37.591979
2025-08-31,9941,2025083105021680,CIT,Ashutosh Brokerage & Securities (PVT) Ltd.,Asian Securities Private Ltd.,10,1921.0,19210.0,2025-08-31T14:47:37.592214
2025-08-31,9928,2025083105021681,CIT,Shree Krishna Securities Ltd.,Thrive Brokerage House Pvt. Ltd,52,1921.0,99892.0,2025-08-31T14:47:38.658866
2025-08-31,9782,2025083105021715,CIT,Agrawal Securities (PVT) Ltd.,Thrive Brokerage House Pvt. Ltd,17,1920.2,32643.4,2025-08-31T14:47:54.813914
2025-08-31,9781,2025083105021716,CIT,Asian Securities Private Ltd.,Thrive Brokerage House Pvt. Ltd,10,1919.5,19195.0,2025-08-31T14:47:54.814128
2025-08-31,9780,2025083105021717,CIT,Dynamic Money Managers Securities Pvt. Ltd.,Thrive Brokerage House Pvt. Ltd,213,1919.0,408747.0,2025-08-31T14:47:54.814205
2025-08-31,9779,2025083105021718,CIT,Secured Securities Ltd.,Thrive Brokerage House Pvt. Ltd,92,1919.0,176548.0,2025-08-31T14:47:54.814334
2025-08-31,9557,2025083105021788,CIT,Bhrikuti Stock Broking Co. Pvt. Ltd.,Global IME Securities Limited,10,1918.0,19180.0,2025-08-31T14:48:19.564901
2025-08-31,8405,2025083105022144,CIT,Sundhara Securities Limited,Asian Securities Private Ltd.,5,1923.2,9616.0,2025-08-31T14:50:24.573004
2025-08-31,7692,2025083105022391,CIT,Imperial Securities Company Pvt. Ltd.,ABC Securities Private Limited,10,1919.0,19190.0,2025-08-31T14:51:35.813776
2025-08-31,7691,2025083105022392,CIT,Asian Securities Private Ltd.,ABC Securities Private Limited,10,1918.1,19181.0,2025-08-31T14:51:35.814148
2025-08-31,7690,2025083105022393,CIT,Aryatara Investment & Securities,ABC Securities Private Limited,10,1918.1,19181.0,2025-08-31T14:51:35.814392
2025-08-31,7689,2025083105022394,CIT,Asian Securities Private Ltd.,ABC Securities Private Limited,20,1918.0,38360.0,2025-08-31T14:51:35.814592
2025-08-31,7688,2025083105022395,CIT,Deevyaa Securities & Stock House Pvt. Ltd,ABC Securities Private Limited,48,1918.0,92064.0,2025-08-31T14:51:35.814789
2025-08-31,7469,2025083105022451,CIT,Malla & Malla Stock Broking Company Pvt. Limited,Thrive Brokerage House Pvt. Ltd,20,1918.0,38360.0,2025-08-31T14:51:52.125634
2025-08-31,7468,2025083105022452,CIT,Imperial Securities Company Pvt. Ltd.,Thrive Brokerage House Pvt. Ltd,30,1918.0,57540.0,2025-08-31T14:51:52.125959
2025-08-31,5461,2025083105023018,CIT,Nagarik Stock Dealer ,Agrawal Securities (PVT) Ltd.,10,1922.4,19224.0,2025-08-31T14:55:03.018515
2025-08-31,5267,2025083105023084,CIT,Nepal Investment And Securities Trading Private Limited,Agrawal Securities (PVT) Ltd.,10,1922.4,19224.0,2025-08-31T14:55:19.790006
2025-08-31,4480,2025083105023279,CIT,Neev Securities Pvt. Ltd.,Beni Securities Pvt.Ltd.,45,1920.1,86404.5,2025-08-31T14:56:12.55873
2025-08-31,4479,2025083105023280,CIT,Imperial Securities Company Pvt. Ltd.,Beni Securities Pvt.Ltd.,22,1920.0,42240.0,2025-08-31T14:56:12.558775
2025-08-31,4478,2025083105023281,CIT,Siprabi Securities Pvt. Ltd.,Beni Securities Pvt.Ltd.,20,1918.2,38364.0,2025-08-31T14:56:12.558804
2025-08-31,4477,2025083105023282,CIT,Aryatara Investment & Securities,Beni Securities Pvt.Ltd.,10,1918.1,19181.0,2025-08-31T14:56:12.558833
2025-08-31,4476,2025083105023283,CIT,Online Securities Pvt. Ltd.,Beni Securities Pvt.Ltd.,52,1918.0,99736.0,2025-08-31T14:56:12.558878
2025-08-31,4475,2025083105023284,CIT,Linch Stock Market Ltd.,Beni Securities Pvt.Ltd.,50,1918.0,95900.0,2025-08-31T14:56:12.558906
2025-08-31,4474,2025083105023285,CIT,Siprabi Securities Pvt. Ltd.,Beni Securities Pvt.Ltd.,10,1918.0,19180.0,2025-08-31T14:56:12.558947
2025-08-31,4473,2025083105023286,CIT,Capital Hub P. Ltd,Beni Securities Pvt.Ltd.,491,1917.2,941345.2,2025-08-31T14:56:12.558974
2025-08-31,4212,2025083105023342,CIT,MILKY WAY SHARE BROKER COMPANY LTD ,Linch Stock Market Ltd.,30,1922.5,57675.0,2025-08-31T14:56:27.076088
2025-08-31,4211,2025083105023343,CIT,MILKY WAY SHARE BROKER COMPANY LTD ,KALASH STOCK MARKET PVT. LTD.,101,1922.7,194192.7,2025-08-31T14:56:27.076319
2025-08-31,4210,2025083105023344,CIT,MILKY WAY SHARE BROKER COMPANY LTD ,Naasa Securities Co. Ltd.,32,1923.0,61536.0,2025-08-31T14:56:27.076395
2025-08-31,4209,2025083105023345,CIT,MILKY WAY SHARE BROKER COMPANY LTD ,Nepal Investment And Securities Trading Private Limited,10,1923.0,19230.0,2025-08-31T14:56:27.076471
2025-08-31,4208,2025083105023346,CIT,MILKY WAY SHARE BROKER COMPANY LTD ,Creative Securities Pvt Ltd,200,1924.0,384800.0,2025-08-31T14:56:27.076547
2025-08-31,4207,2025083105023347,CIT,MILKY WAY SHARE BROKER COMPANY LTD ,Creative Securities Pvt Ltd,200,1924.0,384800.0,2025-08-31T14:56:27.076616
2025-08-31,4206,2025083105023348,CIT,MILKY WAY SHARE BROKER COMPANY LTD ,ABC Securities Private Limited,27,1924.0,51948.0,2025-08-31T14:56:27.076693
2025-08-31,2024,2025083105023991,CIT,Sweta Securities Private Limited,Trisul Securities & Invt. Ltd.,35,1922.5,67287.5,2025-08-31T14:58:38.833743
2025-08-31,2023,2025083105023992,CIT,Online Securities Pvt. Ltd.,Trisul Securities & Invt. Ltd.,10,1922.4,19224.0,2025-08-31T14:58:38.834089
2025-08-31,2022,2025083105023993,CIT,J.F. Securites (PVT) Ltd.,Trisul Securities & Invt. Ltd.,50,1920.0,96000.0,2025-08-31T14:58:38.834342
2025-08-31,2021,2025083105023994,CIT,Online Securities Pvt. Ltd.,Trisul Securities & Invt. Ltd.,22,1917.0,42174.0,2025-08-31T14:58:38.834559
2025-08-31,2020,2025083105023995,CIT,Sundhara Securities Limited,Trisul Securities & Invt. Ltd.,20,1917.0,38340.0,2025-08-31T14:58:38.834774
2025-08-31,2019,2025083105023996,CIT,Swarna Laxmi Securities Pvt. Ltd.,Trisul Securities & Invt. Ltd.,25,1917.0,47925.0,2025-08-31T14:58:38.834985
2025-08-31,2018,2025083105023997,CIT,Nepal Investment And Securities Trading Private Limited,Trisul Securities & Invt. Ltd.,18,1916.3,34493.4,2025-08-31T14:58:38.835196
2025-08-31,948,2025083105024373,CIT,Sri Hari Securities Pvt. Ltd.,Investment Management Nepal Pvt. Ltd.,100,1916.4,191640.0,2025-08-31T14:59:25.58129
2025-08-31,947,2025083105024374,CIT,Nepal Investment And Securities Trading Private Limited,Investment Management Nepal Pvt. Ltd.,32,1916.3,61321.6,2025-08-31T14:59:25.58149
2025-08-31,946,2025083105024375,CIT,Imperial Securities Company Pvt. Ltd.,Investment Management Nepal Pvt. Ltd.,50,1915.0,95750.0,2025-08-31T14:59:25.581583
2025-08-31,945,2025083105024376,CIT,Imperial Securities Company Pvt. Ltd.,Investment Management Nepal Pvt. Ltd.,50,1915.0,95750.0,2025-08-31T14:59:25.581664
2025-08-31,944,2025083105024377,CIT,Imperial Securities Company Pvt. Ltd.,Investment Management Nepal Pvt. Ltd.,50,1915.0,95750.0,2025-08-31T14:59:25.581745
2025-08-31,943,2025083105024378,CIT,Sumeru Securities Pvt. Ltd.,Investment Management Nepal Pvt. Ltd.,10,1915.0,19150.0,2025-08-31T14:59:25.581819
2025-08-31,942,2025083105024379,CIT,Neev Securities Pvt. Ltd.,Investment Management Nepal Pvt. Ltd.,50,1915.0,95750.0,2025-08-31T14:59:25.581891
2025-08-31,941,2025083105024380,CIT,Trisul Securities & Invt. Ltd.,Investment Management Nepal Pvt. Ltd.,11,1915.0,21065.0,2025-08-31T14:59:25.581957
2025-08-31,940,2025083105024381,CIT,Malla & Malla Stock Broking Company Pvt. Limited,Investment Management Nepal Pvt. Ltd.,70,1915.0,134050.0,2025-08-31T14:59:25.582032
2025-08-31,939,2025083105024382,CIT,Kalika Securities Pvt. Ltd.,Investment Management Nepal Pvt. Ltd.,30,1915.0,57450.0,2025-08-31T14:59:25.5821
2025-08-31,938,2025083105024383,CIT,ABC Securities Private Limited,Investment Management Nepal Pvt. Ltd.,15,1915.0,28725.0,2025-08-31T14:59:25.58217
2025-08-31,937,2025083105024384,CIT,Imperial Securities Company Pvt. Ltd.,Investment Management Nepal Pvt. Ltd.,32,1915.0,61280.0,2025-08-31T14:59:25.582236
