Date,S.N.,contract_id,symbol,buyer_broker,seller_broker,volume,price,amount,transaction_time
2025-08-31,97152,2025083105000004,MKJC,Indira securities pvt. ltd,Sipla Securities Private Limited,10,600.8,6008.0,2025-08-31T10:46:00.041625
2025-08-31,95747,2025083105000116,MKJC,Linch Stock Market Ltd.,Nepal Stock House (PVT) Ltd.,100,593.0,59300.0,2025-08-31T11:01:44.284861
2025-08-31,95404,2025083105000155,MKJC,Linch Stock Market Ltd.,Kohinoor Investment & Securities Pvt. Ltd.,100,590.0,59000.0,2025-08-31T11:02:09.29167
2025-08-31,95403,2025083105000156,MKJC,Indira securities pvt. ltd,Kohinoor Investment & Securities Pvt. Ltd.,300,590.0,177000.0,2025-08-31T11:02:09.291749
2025-08-31,95116,2025083105000184,MKJC,Indira securities pvt. ltd,Elite Stock House Limited,700,590.0,413000.0,2025-08-31T11:02:25.547794
2025-08-31,95030,2025083105000219,MKJC,Sumeru Securities Pvt. Ltd.,Indira securities pvt. ltd,100,588.8,58880.0,2025-08-31T11:02:46.369427
2025-08-31,94932,2025083105000257,MKJC,Asian Securities Private Ltd.,Online Securities Pvt. Ltd.,800,590.0,472000.0,2025-08-31T11:03:04.068874
2025-08-31,93510,2025083105000406,MKJC,Asian Securities Private Ltd.,Online Securities Pvt. Ltd.,400,590.0,236000.0,2025-08-31T11:05:00.274195
2025-08-31,93509,2025083105000407,MKJC,Asian Securities Private Ltd.,Sani Securities Company Ltd.,500,590.0,295000.0,2025-08-31T11:05:00.274305
2025-08-31,93508,2025083105000408,MKJC,Asian Securities Private Ltd.,Kumari Securities Private Limited,400,590.0,236000.0,2025-08-31T11:05:00.274356
2025-08-31,92514,2025083105000592,MKJC,Deevyaa Securities & Stock House Pvt. Ltd,Naasa Securities Co. Ltd.,100,589.9,58990.0,2025-08-31T11:06:54.615863
2025-08-31,92513,2025083105000593,MKJC,Deevyaa Securities & Stock House Pvt. Ltd,Capital Max Securities Ltd,50,590.0,29500.0,2025-08-31T11:06:54.615978
2025-08-31,92512,2025083105000594,MKJC,Deevyaa Securities & Stock House Pvt. Ltd,Kumari Securities Private Limited,200,590.0,118000.0,2025-08-31T11:06:54.616023
2025-08-31,92511,2025083105000595,MKJC,Deevyaa Securities & Stock House Pvt. Ltd,Sewa Securities Pvt. Ltd.,150,590.0,88500.0,2025-08-31T11:06:54.616062
2025-08-31,91984,2025083105000710,MKJC,Opal Securities Investment (PVT) Ltd.,Naasa Securities Co. Ltd.,300,590.0,177000.0,2025-08-31T11:07:55.531092
2025-08-31,91927,2025083105000716,MKJC,Opal Securities Investment (PVT) Ltd.,Vision Securities Pvt. Ltd,24,590.0,14160.0,2025-08-31T11:08:00.869846
2025-08-31,91733,2025083105000732,MKJC,Opal Securities Investment (PVT) Ltd.,Sani Securities Company Ltd.,676,590.0,398840.0,2025-08-31T11:08:12.364549
2025-08-31,91732,2025083105000733,MKJC,Dipshikha Dhitopatra Karobar Co. Pvt Ltd.,Sani Securities Company Ltd.,60,590.0,35400.0,2025-08-31T11:08:12.364662
2025-08-31,91304,2025083105000811,MKJC,Asian Securities Private Ltd.,Himalayan Brokerage Company Limited,400,590.0,236000.0,2025-08-31T11:08:51.696693
2025-08-31,90874,2025083105000886,MKJC,Capital Max Securities Ltd,Sundhara Securities Limited,300,586.2,175860.0,2025-08-31T11:09:39.646638
2025-08-31,90873,2025083105000887,MKJC,Asian Securities Private Ltd.,Sundhara Securities Limited,200,586.1,117220.0,2025-08-31T11:09:39.646749
2025-08-31,90770,2025083105000899,MKJC,Asian Securities Private Ltd.,Midas Stock Broking Company Private Limited,1500,586.1,879150.0,2025-08-31T11:09:49.908772
2025-08-31,90525,2025083105000930,MKJC,Asian Securities Private Ltd.,Oxford Securities Pvt. Ltd.,300,586.1,175830.0,2025-08-31T11:10:23.322277
2025-08-31,90524,2025083105000931,MKJC,Naasa Securities Co. Ltd.,Oxford Securities Pvt. Ltd.,31,586.0,18166.0,2025-08-31T11:10:23.322495
2025-08-31,90098,2025083105000993,MKJC,Vision Securities Pvt. Ltd,Oxford Securities Pvt. Ltd.,69,586.0,40434.0,2025-08-31T11:10:59.644917
2025-08-31,89926,2025083105001031,MKJC,Vision Securities Pvt. Ltd,Oxford Securities Pvt. Ltd.,76,586.0,44536.0,2025-08-31T11:11:20.771372
2025-08-31,89065,2025083105001161,MKJC,Vision Securities Pvt. Ltd,J.F. Securites (PVT) Ltd.,55,586.0,32230.0,2025-08-31T11:12:49.503907
2025-08-31,89064,2025083105001162,MKJC,Capital Max Securities Ltd,J.F. Securites (PVT) Ltd.,20,585.8,11716.0,2025-08-31T11:12:49.503959
2025-08-31,89063,2025083105001163,MKJC,Asian Securities Private Ltd.,J.F. Securites (PVT) Ltd.,420,585.7,245994.0,2025-08-31T11:12:49.503984
2025-08-31,88598,2025083105001202,MKJC,SUN SECURITIES PVT LTD,Indira securities pvt. ltd,200,586.3,117260.0,2025-08-31T11:13:23.04572
2025-08-31,88416,2025083105001229,MKJC,Naasa Securities Co. Ltd.,J.F. Securites (PVT) Ltd.,65,588.0,38220.0,2025-08-31T11:13:41.726559
2025-08-31,88371,2025083105001241,MKJC,Asian Securities Private Ltd.,Dipshikha Dhitopatra Karobar Co. Pvt Ltd.,100,588.9,58890.0,2025-08-31T11:13:49.503032
2025-08-31,88370,2025083105001242,MKJC,Asian Securities Private Ltd.,Thrive Brokerage House Pvt. Ltd,900,589.9,530910.0,2025-08-31T11:13:49.503143
2025-08-31,88369,2025083105001243,MKJC,Asian Securities Private Ltd.,Himalayan Brokerage Company Limited,50,590.0,29500.0,2025-08-31T11:13:49.503189
2025-08-31,88158,2025083105001265,MKJC,Asian Securities Private Ltd.,Trademow Securities Private Limited,100,592.0,59200.0,2025-08-31T11:14:11.665423
2025-08-31,88078,2025083105001281,MKJC,Creative Securities Pvt Ltd,Kohinoor Investment & Securities Pvt. Ltd.,50,588.9,29445.0,2025-08-31T11:14:22.121382
2025-08-31,88024,2025083105001292,MKJC,Dipshikha Dhitopatra Karobar Co. Pvt Ltd.,Kohinoor Investment & Securities Pvt. Ltd.,340,588.9,200226.0,2025-08-31T11:14:31.193865
2025-08-31,87671,2025083105001330,MKJC,Hatemalo Financial Services Private Limited,Kohinoor Investment & Securities Pvt. Ltd.,110,588.9,64779.0,2025-08-31T11:15:01.827653
2025-08-31,87420,2025083105001346,MKJC,Asian Securities Private Ltd.,Kohinoor Investment & Securities Pvt. Ltd.,500,590.0,295000.0,2025-08-31T11:15:19.473619
2025-08-31,87403,2025083105001349,MKJC,Asian Securities Private Ltd.,Sewa Securities Pvt. Ltd.,300,590.0,177000.0,2025-08-31T11:15:20.910654
2025-08-31,87232,2025083105001393,MKJC,Asian Securities Private Ltd.,Sani Securities Company Ltd.,730,590.0,430700.0,2025-08-31T11:15:39.472301
2025-08-31,86117,2025083105001533,MKJC,Capital Max Securities Ltd,Indira securities pvt. ltd,100,590.5,59050.0,2025-08-31T11:17:42.740932
2025-08-31,86049,2025083105001556,MKJC,Nagarik Stock Dealer ,Indira securities pvt. ltd,100,590.5,59050.0,2025-08-31T11:17:49.611379
2025-08-31,85792,2025083105001589,MKJC,Nagarik Stock Dealer ,Arun Securities (PVT) Ltd.,100,590.1,59010.0,2025-08-31T11:18:13.836705
2025-08-31,85791,2025083105001590,MKJC,SUN SECURITIES PVT LTD,Arun Securities (PVT) Ltd.,600,590.0,354000.0,2025-08-31T11:18:13.836825
2025-08-31,85538,2025083105001639,MKJC,Nabil Stock Dealer Ltd.,Capital Max Securities Ltd,50,591.0,29550.0,2025-08-31T11:18:48.520625
2025-08-31,85537,2025083105001640,MKJC,Nabil Stock Dealer Ltd.,Sani Securities Company Ltd.,950,591.9,562305.0,2025-08-31T11:18:48.520671
2025-08-31,85495,2025083105001654,MKJC,SUN SECURITIES PVT LTD,Sani Securities Company Ltd.,400,590.0,236000.0,2025-08-31T11:18:52.301486
2025-08-31,85028,2025083105001723,MKJC,Bhrikuti Stock Broking Co. Pvt. Ltd.,Sani Securities Company Ltd.,19,590.1,11211.9,2025-08-31T11:19:44.876941
2025-08-31,84096,2025083105001866,MKJC,Vision Securities Pvt. Ltd,Sani Securities Company Ltd.,439,590.2,259097.8,2025-08-31T11:21:14.774334
2025-08-31,84013,2025083105001885,MKJC,Vision Securities Pvt. Ltd,Vision Securities Pvt. Ltd,500,590.2,295100.0,2025-08-31T11:21:24.758169
2025-08-31,83935,2025083105001905,MKJC,Vision Securities Pvt. Ltd,Asian Securities Private Ltd.,61,590.2,36002.2,2025-08-31T11:21:33.13747
2025-08-31,83527,2025083105001993,MKJC,Aryatara Investment & Securities,Asian Securities Private Ltd.,50,590.2,29510.0,2025-08-31T11:22:19.305755
2025-08-31,83383,2025083105002003,MKJC,Capital Max Securities Ltd,Asian Securities Private Ltd.,14,590.2,8262.8,2025-08-31T11:22:25.782433
2025-08-31,81668,2025083105002351,MKJC,Vision Securities Pvt. Ltd,Indira securities pvt. ltd,100,591.0,59100.0,2025-08-31T11:25:49.11952
2025-08-31,81345,2025083105002434,MKJC,SUN SECURITIES PVT LTD,Thrive Brokerage House Pvt. Ltd,10,590.6,5906.0,2025-08-31T11:26:20.570347
2025-08-31,80091,2025083105002671,MKJC,Capital Max Securities Ltd,Imperial Securities Company Pvt. Ltd.,10,591.0,5910.0,2025-08-31T11:28:51.779549
2025-08-31,80013,2025083105002689,MKJC,Capital Max Securities Ltd,Sani Securities Company Ltd.,10,591.0,5910.0,2025-08-31T11:29:01.822416
2025-08-31,78937,2025083105002910,MKJC,Infinity Securities Limited,Citizens Share Broker Limited,480,591.9,284112.0,2025-08-31T11:31:18.181947
2025-08-31,78834,2025083105002938,MKJC,Infinity Securities Limited,Indira securities pvt. ltd,220,591.9,130218.0,2025-08-31T11:31:33.117667
2025-08-31,78833,2025083105002939,MKJC,Capital Max Securities Ltd,Indira securities pvt. ltd,100,590.8,59080.0,2025-08-31T11:31:33.117785
2025-08-31,78832,2025083105002940,MKJC,SUN SECURITIES PVT LTD,Indira securities pvt. ltd,180,590.6,106308.0,2025-08-31T11:31:33.117842
2025-08-31,78662,2025083105002986,MKJC,SUN SECURITIES PVT LTD,Imperial Securities Company Pvt. Ltd.,100,590.6,59060.0,2025-08-31T11:32:02.379036
2025-08-31,78428,2025083105003040,MKJC,SUN SECURITIES PVT LTD,Vision Securities Pvt. Ltd,200,590.6,118120.0,2025-08-31T11:32:36.214087
2025-08-31,78105,2025083105003095,MKJC,SUN SECURITIES PVT LTD,Imperial Securities Company Pvt. Ltd.,50,590.6,29530.0,2025-08-31T11:33:13.253789
2025-08-31,78013,2025083105003116,MKJC,SUN SECURITIES PVT LTD,Arun Securities (PVT) Ltd.,60,590.6,35436.0,2025-08-31T11:33:27.814611
2025-08-31,78012,2025083105003117,MKJC,Creative Securities Pvt Ltd,Arun Securities (PVT) Ltd.,50,590.0,29500.0,2025-08-31T11:33:27.814751
2025-08-31,78011,2025083105003118,MKJC,Nabil Stock Dealer Ltd.,Arun Securities (PVT) Ltd.,386,590.0,227740.0,2025-08-31T11:33:27.814826
2025-08-31,77861,2025083105003164,MKJC,Nabil Stock Dealer Ltd.,Imperial Securities Company Pvt. Ltd.,200,590.0,118000.0,2025-08-31T11:33:49.519714
2025-08-31,77659,2025083105003196,MKJC,Nabil Stock Dealer Ltd.,Himalayan Securities Limited,414,590.0,244260.0,2025-08-31T11:34:17.271773
2025-08-31,77658,2025083105003197,MKJC,SUN SECURITIES PVT LTD,Himalayan Securities Limited,486,589.1,286302.6,2025-08-31T11:34:17.271832
2025-08-31,77430,2025083105003241,MKJC,SUN SECURITIES PVT LTD,K.B.L. Securities Limited ,200,589.1,117820.0,2025-08-31T11:34:50.742242
2025-08-31,77261,2025083105003264,MKJC,SUN SECURITIES PVT LTD,APPLE SECURITIES PRIVATE LIMITED,114,589.1,67157.4,2025-08-31T11:35:08.549159
2025-08-31,77260,2025083105003265,MKJC,Hatemalo Financial Services Private Limited,APPLE SECURITIES PRIVATE LIMITED,186,589.0,109554.0,2025-08-31T11:35:08.549328
2025-08-31,76541,2025083105003447,MKJC,Hatemalo Financial Services Private Limited,Vision Securities Pvt. Ltd,14,589.0,8246.0,2025-08-31T11:36:28.492227
2025-08-31,76396,2025083105003476,MKJC,Hatemalo Financial Services Private Limited,Swarna Laxmi Securities Pvt. Ltd.,300,588.9,176670.0,2025-08-31T11:36:52.834672
2025-08-31,76334,2025083105003495,MKJC,Hatemalo Financial Services Private Limited,Sundhara Securities Limited,10,588.9,5889.0,2025-08-31T11:37:01.844088
2025-08-31,76246,2025083105003510,MKJC,Hatemalo Financial Services Private Limited,Cristal Kanchanjanga Securites Pvt. Ltd.,80,588.9,47112.0,2025-08-31T11:37:13.488978
2025-08-31,76176,2025083105003524,MKJC,Hatemalo Financial Services Private Limited,Cristal Kanchanjanga Securites Pvt. Ltd.,40,588.9,23556.0,2025-08-31T11:37:15.985554
2025-08-31,76175,2025083105003525,MKJC,Hatemalo Financial Services Private Limited,Vision Securities Pvt. Ltd,36,589.0,21204.0,2025-08-31T11:37:15.9857
2025-08-31,76174,2025083105003526,MKJC,Hatemalo Financial Services Private Limited,Sewa Securities Pvt. Ltd.,350,590.0,206500.0,2025-08-31T11:37:15.98577
2025-08-31,76173,2025083105003527,MKJC,Hatemalo Financial Services Private Limited,Agrawal Securities (PVT) Ltd.,200,590.0,118000.0,2025-08-31T11:37:15.98583
2025-08-31,76172,2025083105003528,MKJC,Hatemalo Financial Services Private Limited,Naasa Securities Co. Ltd.,10,590.0,5900.0,2025-08-31T11:37:15.985888
2025-08-31,76171,2025083105003529,MKJC,Hatemalo Financial Services Private Limited,Himalayan Securities Limited,10,590.0,5900.0,2025-08-31T11:37:15.985949
2025-08-31,76170,2025083105003530,MKJC,Hatemalo Financial Services Private Limited,Linch Stock Market Ltd.,100,590.0,59000.0,2025-08-31T11:37:15.986005
2025-08-31,75913,2025083105003569,MKJC,Hatemalo Financial Services Private Limited,J.F. Securites (PVT) Ltd.,54,590.0,31860.0,2025-08-31T11:37:55.974087
2025-08-31,75716,2025083105003616,MKJC,Sani Securities Company Ltd.,Sumeru Securities Pvt. Ltd.,50,588.0,29400.0,2025-08-31T11:38:18.793448
2025-08-31,75715,2025083105003617,MKJC,Nabil Stock Dealer Ltd.,Sumeru Securities Pvt. Ltd.,50,587.0,29350.0,2025-08-31T11:38:18.79351
2025-08-31,75644,2025083105003631,MKJC,Nabil Stock Dealer Ltd.,Sumeru Securities Pvt. Ltd.,50,587.0,29350.0,2025-08-31T11:38:31.839067
2025-08-31,75351,2025083105003713,MKJC,Linch Stock Market Ltd.,Sumeru Securities Pvt. Ltd.,100,588.0,58800.0,2025-08-31T11:39:26.64508
2025-08-31,73683,2025083105004054,MKJC,Linch Stock Market Ltd.,ABC Securities Private Limited,35,588.0,20580.0,2025-08-31T11:43:01.072867
2025-08-31,73562,2025083105004083,MKJC,Nabil Stock Dealer Ltd.,Capital Max Securities Ltd,10,587.0,5870.0,2025-08-31T11:43:25.814968
2025-08-31,73538,2025083105004092,MKJC,Nabil Stock Dealer Ltd.,ABC Securities Private Limited,140,587.0,82180.0,2025-08-31T11:43:30.278712
2025-08-31,73537,2025083105004093,MKJC,Capital Max Securities Ltd,ABC Securities Private Limited,50,586.6,29330.0,2025-08-31T11:43:30.278797
2025-08-31,73536,2025083105004094,MKJC,Capital Max Securities Ltd,ABC Securities Private Limited,50,586.4,29320.0,2025-08-31T11:43:30.278826
2025-08-31,73535,2025083105004095,MKJC,Indira securities pvt. ltd,ABC Securities Private Limited,500,586.4,293200.0,2025-08-31T11:43:30.278863
2025-08-31,73534,2025083105004096,MKJC,Asian Securities Private Ltd.,ABC Securities Private Limited,160,585.1,93616.0,2025-08-31T11:43:30.278888
2025-08-31,72870,2025083105004296,MKJC,Asian Securities Private Ltd.,Sweta Securities Private Limited,10,585.1,5851.0,2025-08-31T11:45:22.107394
2025-08-31,71439,2025083105004694,MKJC,Sundhara Securities Limited,Arun Securities (PVT) Ltd.,500,586.0,293000.0,2025-08-31T11:49:32.023401
2025-08-31,71438,2025083105004695,MKJC,Linch Stock Market Ltd.,Arun Securities (PVT) Ltd.,100,586.0,58600.0,2025-08-31T11:49:32.023593
2025-08-31,69931,2025083105005098,MKJC,Nagarik Stock Dealer ,ABC Securities Private Limited,65,588.0,38220.0,2025-08-31T11:53:10.097555
2025-08-31,69930,2025083105005099,MKJC,Nagarik Stock Dealer ,Vision Securities Pvt. Ltd,10,588.0,5880.0,2025-08-31T11:53:10.097757
2025-08-31,69929,2025083105005100,MKJC,Nagarik Stock Dealer ,J.F. Securites (PVT) Ltd.,55,588.0,32340.0,2025-08-31T11:53:10.097825
2025-08-31,69928,2025083105005101,MKJC,Nagarik Stock Dealer ,Trisul Securities & Invt. Ltd.,570,588.5,335445.0,2025-08-31T11:53:10.097891
2025-08-31,69870,2025083105005116,MKJC,Linch Stock Market Ltd.,Trisul Securities & Invt. Ltd.,100,588.5,58850.0,2025-08-31T11:53:27.644629
2025-08-31,69817,2025083105005133,MKJC,Naasa Securities Co. Ltd.,Trisul Securities & Invt. Ltd.,150,588.5,88275.0,2025-08-31T11:53:36.302583
2025-08-31,69742,2025083105005156,MKJC,Nabil Stock Dealer Ltd.,Trisul Securities & Invt. Ltd.,80,588.5,47080.0,2025-08-31T11:53:52.456271
2025-08-31,69140,2025083105005284,MKJC,Nabil Stock Dealer Ltd.,Sewa Securities Pvt. Ltd.,317,588.5,186554.5,2025-08-31T11:55:16.359527
2025-08-31,67654,2025083105005745,MKJC,Sri Hari Securities Pvt. Ltd.,Naasa Securities Co. Ltd.,20,589.0,11780.0,2025-08-31T11:59:14.837651
2025-08-31,67265,2025083105005841,MKJC,Sri Hari Securities Pvt. Ltd.,Himalayan Brokerage Company Limited,450,589.0,265050.0,2025-08-31T12:00:15.01787
2025-08-31,67262,2025083105005842,MKJC,Sundhara Securities Limited,Midas Stock Broking Company Private Limited,100,589.9,58990.0,2025-08-31T12:00:15.434278
2025-08-31,67261,2025083105005843,MKJC,Sundhara Securities Limited,Kohinoor Investment & Securities Pvt. Ltd.,400,590.0,236000.0,2025-08-31T12:00:15.434473
2025-08-31,66981,2025083105005893,MKJC,Nabil Stock Dealer Ltd.,Kohinoor Investment & Securities Pvt. Ltd.,100,590.0,59000.0,2025-08-31T12:00:44.374568
2025-08-31,66174,2025083105006089,MKJC,Sri Hari Securities Pvt. Ltd.,Naasa Securities Co. Ltd.,100,590.0,59000.0,2025-08-31T12:02:24.546624
2025-08-31,65288,2025083105006348,MKJC,Sri Hari Securities Pvt. Ltd.,Shree Krishna Securities Ltd.,330,589.0,194370.0,2025-08-31T12:04:45.683415
2025-08-31,65287,2025083105006349,MKJC,Nabil Stock Dealer Ltd.,Shree Krishna Securities Ltd.,500,589.0,294500.0,2025-08-31T12:04:45.683609
2025-08-31,65286,2025083105006350,MKJC,Sri Hari Securities Pvt. Ltd.,Shree Krishna Securities Ltd.,400,588.7,235480.0,2025-08-31T12:04:45.683681
2025-08-31,65285,2025083105006351,MKJC,Sundhara Securities Limited,Shree Krishna Securities Ltd.,70,588.6,41202.0,2025-08-31T12:04:45.683748
2025-08-31,65080,2025083105006407,MKJC,Sundhara Securities Limited,Kohinoor Investment & Securities Pvt. Ltd.,10,588.6,5886.0,2025-08-31T12:05:16.179092
2025-08-31,64799,2025083105006505,MKJC,Sundhara Securities Limited,Online Securities Pvt. Ltd.,420,588.6,247212.0,2025-08-31T12:06:01.756101
2025-08-31,64798,2025083105006506,MKJC,Indira securities pvt. ltd,Online Securities Pvt. Ltd.,200,588.0,117600.0,2025-08-31T12:06:01.756246
2025-08-31,64762,2025083105006511,MKJC,Sri Hari Securities Pvt. Ltd.,Online Securities Pvt. Ltd.,80,588.0,47040.0,2025-08-31T12:06:07.957811
2025-08-31,64732,2025083105006528,MKJC,Sri Hari Securities Pvt. Ltd.,Naasa Securities Co. Ltd.,10,588.1,5881.0,2025-08-31T12:06:13.494636
2025-08-31,64376,2025083105006607,MKJC,Sri Hari Securities Pvt. Ltd.,Kohinoor Investment & Securities Pvt. Ltd.,10,588.1,5881.0,2025-08-31T12:07:10.898376
2025-08-31,64307,2025083105006622,MKJC,Sri Hari Securities Pvt. Ltd.,Online Securities Pvt. Ltd.,50,588.1,29405.0,2025-08-31T12:07:23.453984
2025-08-31,64306,2025083105006623,MKJC,Sundhara Securities Limited,Online Securities Pvt. Ltd.,500,587.0,293500.0,2025-08-31T12:07:23.454145
2025-08-31,64305,2025083105006624,MKJC,Nabil Stock Dealer Ltd.,Online Securities Pvt. Ltd.,250,586.2,146550.0,2025-08-31T12:07:23.454228
2025-08-31,63872,2025083105006714,MKJC,ABC Securities Private Limited,J.F. Securites (PVT) Ltd.,200,589.0,117800.0,2025-08-31T12:08:49.334757
2025-08-31,63431,2025083105006817,MKJC,ABC Securities Private Limited,J.F. Securites (PVT) Ltd.,100,589.0,58900.0,2025-08-31T12:10:24.9853
2025-08-31,62291,2025083105007163,MKJC,Nabil Stock Dealer Ltd.,J.F. Securites (PVT) Ltd.,3,590.0,1770.0,2025-08-31T12:14:35.909041
2025-08-31,61973,2025083105007241,MKJC,Sundhara Securities Limited,J.F. Securites (PVT) Ltd.,100,589.0,58900.0,2025-08-31T12:15:39.266881
2025-08-31,61972,2025083105007242,MKJC,Sundhara Securities Limited,Sundhara Securities Limited,15,589.0,8835.0,2025-08-31T12:15:39.267192
2025-08-31,61971,2025083105007243,MKJC,Sundhara Securities Limited,Prabhu Stock Market Limited,30,589.0,17670.0,2025-08-31T12:15:39.267418
2025-08-31,61970,2025083105007244,MKJC,Sundhara Securities Limited,Thrive Brokerage House Pvt. Ltd,90,589.8,53082.0,2025-08-31T12:15:39.267625
2025-08-31,61969,2025083105007245,MKJC,Sundhara Securities Limited,Kohinoor Investment & Securities Pvt. Ltd.,265,589.9,156323.5,2025-08-31T12:15:39.267826
2025-08-31,61568,2025083105007393,MKJC,Bhrikuti Stock Broking Co. Pvt. Ltd.,J.F. Securites (PVT) Ltd.,1,590.1,590.1,2025-08-31T12:17:21.761368
2025-08-31,60970,2025083105007608,MKJC,Asian Securities Private Ltd.,Dipshikha Dhitopatra Karobar Co. Pvt Ltd.,291,586.3,170613.3,2025-08-31T12:19:46.41369
2025-08-31,60786,2025083105007670,MKJC,Sri Hari Securities Pvt. Ltd.,Blue Chip Securities Ltd,200,586.4,117280.0,2025-08-31T12:20:33.504068
2025-08-31,60785,2025083105007671,MKJC,Asian Securities Private Ltd.,Blue Chip Securities Ltd,295,586.3,172958.5,2025-08-31T12:20:33.504302
2025-08-31,58697,2025083105008309,MKJC,Dakshinkali Investment & Securities Pvt. Ltd.,Agrawal Securities (PVT) Ltd.,300,588.0,176400.0,2025-08-31T12:28:39.785763
2025-08-31,57487,2025083105008612,MKJC,Naasa Securities Co. Ltd.,Naasa Securities Co. Ltd.,46,588.0,27048.0,2025-08-31T12:33:32.98025
2025-08-31,56899,2025083105008746,MKJC,Asian Securities Private Ltd.,Naasa Securities Co. Ltd.,34,588.0,19992.0,2025-08-31T12:35:42.46175
2025-08-31,56898,2025083105008747,MKJC,Asian Securities Private Ltd.,Sri Hari Securities Pvt. Ltd.,200,588.0,117600.0,2025-08-31T12:35:42.461926
2025-08-31,56897,2025083105008748,MKJC,Asian Securities Private Ltd.,Kohinoor Investment & Securities Pvt. Ltd.,399,589.9,235370.1,2025-08-31T12:35:42.462
2025-08-31,56896,2025083105008749,MKJC,Asian Securities Private Ltd.,Oxford Securities Pvt. Ltd.,111,590.0,65490.0,2025-08-31T12:35:42.462071
2025-08-31,56799,2025083105008778,MKJC,Capital Max Securities Ltd,BHOLE GANESH SECURITIES LTD,100,586.6,58660.0,2025-08-31T12:36:08.05822
2025-08-31,56798,2025083105008779,MKJC,Sri Hari Securities Pvt. Ltd.,BHOLE GANESH SECURITIES LTD,200,586.6,117320.0,2025-08-31T12:36:08.058264
2025-08-31,56797,2025083105008780,MKJC,Dakshinkali Investment & Securities Pvt. Ltd.,BHOLE GANESH SECURITIES LTD,300,586.5,175950.0,2025-08-31T12:36:08.058292
2025-08-31,56796,2025083105008781,MKJC,Sri Hari Securities Pvt. Ltd.,BHOLE GANESH SECURITIES LTD,200,586.4,117280.0,2025-08-31T12:36:08.058323
2025-08-31,56795,2025083105008782,MKJC,Nabil Stock Dealer Ltd.,BHOLE GANESH SECURITIES LTD,200,586.3,117260.0,2025-08-31T12:36:08.058371
2025-08-31,56756,2025083105008789,MKJC,Nabil Stock Dealer Ltd.,BHOLE GANESH SECURITIES LTD,50,586.3,29315.0,2025-08-31T12:36:19.084889
2025-08-31,56755,2025083105008790,MKJC,Linch Stock Market Ltd.,BHOLE GANESH SECURITIES LTD,100,586.0,58600.0,2025-08-31T12:36:19.08495
2025-08-31,56754,2025083105008791,MKJC,SUN SECURITIES PVT LTD,BHOLE GANESH SECURITIES LTD,400,585.3,234120.0,2025-08-31T12:36:19.084971
2025-08-31,56753,2025083105008792,MKJC,Deevyaa Securities & Stock House Pvt. Ltd,BHOLE GANESH SECURITIES LTD,250,585.2,146300.0,2025-08-31T12:36:19.085014
2025-08-31,56752,2025083105008793,MKJC,Nabil Stock Dealer Ltd.,BHOLE GANESH SECURITIES LTD,100,585.0,58500.0,2025-08-31T12:36:19.085037
2025-08-31,56226,2025083105008925,MKJC,Sri Hari Securities Pvt. Ltd.,BHOLE GANESH SECURITIES LTD,200,586.7,117340.0,2025-08-31T12:38:05.360054
2025-08-31,56225,2025083105008926,MKJC,Nabil Stock Dealer Ltd.,BHOLE GANESH SECURITIES LTD,550,585.0,321750.0,2025-08-31T12:38:05.360148
2025-08-31,55436,2025083105009104,MKJC,Indira securities pvt. ltd,Sani Securities Company Ltd.,20,589.0,11780.0,2025-08-31T12:40:58.601439
2025-08-31,54353,2025083105009366,MKJC,Nabil Stock Dealer Ltd.,Online Securities Pvt. Ltd.,350,585.0,204750.0,2025-08-31T12:44:24.13291
2025-08-31,54352,2025083105009367,MKJC,Agrawal Securities (PVT) Ltd.,Online Securities Pvt. Ltd.,70,585.0,40950.0,2025-08-31T12:44:24.133261
2025-08-31,53773,2025083105009538,MKJC,Agrawal Securities (PVT) Ltd.,Dipshikha Dhitopatra Karobar Co. Pvt Ltd.,200,585.0,117000.0,2025-08-31T12:46:05.739439
2025-08-31,53706,2025083105009559,MKJC,Agrawal Securities (PVT) Ltd.,Midas Stock Broking Company Private Limited,230,585.0,134550.0,2025-08-31T12:46:17.650787
2025-08-31,53705,2025083105009560,MKJC,Agrawal Securities (PVT) Ltd.,Midas Stock Broking Company Private Limited,470,585.0,274950.0,2025-08-31T12:46:17.651111
2025-08-31,53277,2025083105009640,MKJC,Agrawal Securities (PVT) Ltd.,Shree Krishna Securities Ltd.,10,585.0,5850.0,2025-08-31T12:47:20.118096
2025-08-31,53256,2025083105009644,MKJC,Agrawal Securities (PVT) Ltd.,ABC Securities Private Limited,20,585.0,11700.0,2025-08-31T12:47:23.55086
2025-08-31,53255,2025083105009645,MKJC,Indira securities pvt. ltd,ABC Securities Private Limited,980,583.0,571340.0,2025-08-31T12:47:23.551166
2025-08-31,52159,2025083105009974,MKJC,Indira securities pvt. ltd,Miyo Securities Pvt Ltd,10,583.0,5830.0,2025-08-31T12:50:26.966818
2025-08-31,51908,2025083105010040,MKJC,Agrawal Securities (PVT) Ltd.,Naasa Securities Co. Ltd.,200,585.0,117000.0,2025-08-31T12:51:22.00045
2025-08-31,51869,2025083105010046,MKJC,Agrawal Securities (PVT) Ltd.,Naasa Securities Co. Ltd.,313,585.0,183105.0,2025-08-31T12:51:28.071105
2025-08-31,51868,2025083105010047,MKJC,Agrawal Securities (PVT) Ltd.,Naasa Securities Co. Ltd.,187,585.0,109395.0,2025-08-31T12:51:28.071277
2025-08-31,50615,2025083105010392,MKJC,Nabil Stock Dealer Ltd.,Vision Securities Pvt. Ltd,50,584.9,29245.0,2025-08-31T12:55:33.293602
2025-08-31,49966,2025083105010595,MKJC,Indira securities pvt. ltd,Blue Chip Securities Ltd,10,583.0,5830.0,2025-08-31T12:57:27.236824
2025-08-31,49965,2025083105010596,MKJC,Vision Securities Pvt. Ltd,Blue Chip Securities Ltd,50,583.0,29150.0,2025-08-31T12:57:27.237158
2025-08-31,49964,2025083105010597,MKJC,Capital Max Securities Ltd,Blue Chip Securities Ltd,100,581.2,58120.0,2025-08-31T12:57:27.237391
2025-08-31,49963,2025083105010598,MKJC,Sharepro Securities Private Limited,Blue Chip Securities Ltd,300,581.2,174360.0,2025-08-31T12:57:27.23759
2025-08-31,49962,2025083105010599,MKJC,ABC Securities Private Limited,Blue Chip Securities Ltd,5000,581.0,2905000.0,2025-08-31T12:57:27.237786
2025-08-31,49747,2025083105010639,MKJC,Deevyaa Securities & Stock House Pvt. Ltd,Blue Chip Securities Ltd,500,580.0,290000.0,2025-08-31T12:58:11.3701
2025-08-31,49746,2025083105010640,MKJC,Indira securities pvt. ltd,Blue Chip Securities Ltd,200,580.0,116000.0,2025-08-31T12:58:11.370263
2025-08-31,49612,2025083105010664,MKJC,Deevyaa Securities & Stock House Pvt. Ltd,Blue Chip Securities Ltd,165,580.0,95700.0,2025-08-31T12:58:39.955596
2025-08-31,48332,2025083105010970,MKJC,Deevyaa Securities & Stock House Pvt. Ltd,Vision Securities Pvt. Ltd,10,580.0,5800.0,2025-08-31T13:02:27.596051
2025-08-31,46860,2025083105011520,MKJC,Deevyaa Securities & Stock House Pvt. Ltd,Imperial Securities Company Pvt. Ltd.,10,580.0,5800.0,2025-08-31T13:06:08.477849
2025-08-31,46756,2025083105011531,MKJC,Deevyaa Securities & Stock House Pvt. Ltd,Sani Securities Company Ltd.,65,580.0,37700.0,2025-08-31T13:06:21.86314
2025-08-31,46755,2025083105011532,MKJC,Creative Securities Pvt Ltd,Sani Securities Company Ltd.,50,580.0,29000.0,2025-08-31T13:06:21.863464
2025-08-31,46355,2025083105011640,MKJC,Naasa Securities Co. Ltd.,Sani Securities Company Ltd.,22,580.0,12760.0,2025-08-31T13:07:28.004824
2025-08-31,45593,2025083105011828,MKJC,Vision Securities Pvt. Ltd,Aryatara Investment & Securities,10,579.2,5792.0,2025-08-31T13:09:41.859147
2025-08-31,45592,2025083105011829,MKJC,Vision Securities Pvt. Ltd,Aryatara Investment & Securities,10,578.5,5785.0,2025-08-31T13:09:41.859359
2025-08-31,45591,2025083105011830,MKJC,Creative Securities Pvt Ltd,Aryatara Investment & Securities,980,578.0,566440.0,2025-08-31T13:09:41.859436
2025-08-31,45016,2025083105011997,MKJC,Creative Securities Pvt Ltd,Indira securities pvt. ltd,10,578.0,5780.0,2025-08-31T13:11:39.753674
2025-08-31,45002,2025083105011999,MKJC,Creative Securities Pvt Ltd,Imperial Securities Company Pvt. Ltd.,10,578.0,5780.0,2025-08-31T13:11:44.774961
2025-08-31,45001,2025083105012000,MKJC,Dakshinkali Investment & Securities Pvt. Ltd.,Imperial Securities Company Pvt. Ltd.,170,576.4,97988.0,2025-08-31T13:11:44.775265
2025-08-31,43734,2025083105012361,MKJC,Linch Stock Market Ltd.,Midas Stock Broking Company Private Limited,10,576.7,5767.0,2025-08-31T13:15:38.094648
2025-08-31,42565,2025083105012719,MKJC,ABC Securities Private Limited,Imperial Securities Company Pvt. Ltd.,350,579.9,202965.0,2025-08-31T13:19:23.001216
2025-08-31,42564,2025083105012720,MKJC,ABC Securities Private Limited,Sani Securities Company Ltd.,650,580.0,377000.0,2025-08-31T13:19:23.001458
2025-08-31,42246,2025083105012814,MKJC,Linch Stock Market Ltd.,Sani Securities Company Ltd.,190,580.0,110200.0,2025-08-31T13:20:27.791692
2025-08-31,39854,2025083105013543,MKJC,Capital Max Securities Ltd,Sani Securities Company Ltd.,23,580.0,13340.0,2025-08-31T13:27:44.099266
2025-08-31,39583,2025083105013610,MKJC,Naasa Securities Co. Ltd.,Naasa Securities Co. Ltd.,102,579.0,59058.0,2025-08-31T13:28:40.602717
2025-08-31,38996,2025083105013750,MKJC,Capital Max Securities Ltd,Thrive Brokerage House Pvt. Ltd,10,580.0,5800.0,2025-08-31T13:31:04.857637
2025-08-31,35172,2025083105014756,MKJC,Sri Hari Securities Pvt. Ltd.,Sajilo Broker Limited,100,580.0,58000.0,2025-08-31T13:43:49.065748
2025-08-31,34781,2025083105014877,MKJC,Sri Hari Securities Pvt. Ltd.,Midas Stock Broking Company Private Limited,100,580.0,58000.0,2025-08-31T13:45:13.481468
2025-08-31,34403,2025083105014996,MKJC,Trishakti Securities Public Limited,Midas Stock Broking Company Private Limited,60,580.0,34800.0,2025-08-31T13:46:23.825944
2025-08-31,34057,2025083105015117,MKJC,Sunrise Securities Limited,Sani Securities Company Ltd.,850,580.0,493000.0,2025-08-31T13:47:40.473357
2025-08-31,33904,2025083105015148,MKJC,Sunrise Securities Limited,Sani Securities Company Ltd.,20,580.0,11600.0,2025-08-31T13:48:17.559885
2025-08-31,33895,2025083105015151,MKJC,Indira securities pvt. ltd,Sani Securities Company Ltd.,50,580.0,29000.0,2025-08-31T13:48:20.511908
2025-08-31,32859,2025083105015449,MKJC,Dakshinkali Investment & Securities Pvt. Ltd.,Sani Securities Company Ltd.,80,580.0,46400.0,2025-08-31T13:52:01.017238
2025-08-31,32184,2025083105015634,MKJC,Cristal Kanchanjanga Securites Pvt. Ltd.,Midas Stock Broking Company Private Limited,10,580.0,5800.0,2025-08-31T13:54:11.115114
2025-08-31,31590,2025083105015809,MKJC,Cristal Kanchanjanga Securites Pvt. Ltd.,Sharepro Securities Private Limited,41,580.0,23780.0,2025-08-31T13:56:00.742495
2025-08-31,30019,2025083105016276,MKJC,Indira securities pvt. ltd,Online Securities Pvt. Ltd.,10,580.0,5800.0,2025-08-31T14:00:31.416381
2025-08-31,30013,2025083105016278,MKJC,Indira securities pvt. ltd,Sharepro Securities Private Limited,13,580.0,7540.0,2025-08-31T14:00:33.271154
2025-08-31,28947,2025083105016498,MKJC,Nagarik Stock Dealer ,Dipshikha Dhitopatra Karobar Co. Pvt Ltd.,1000,581.0,581000.0,2025-08-31T14:03:05.547129
2025-08-31,27830,2025083105016742,MKJC,Sundhara Securities Limited,Midas Stock Broking Company Private Limited,200,582.0,116400.0,2025-08-31T14:05:40.58812
2025-08-31,26626,2025083105017105,MKJC,Indira securities pvt. ltd,Indira securities pvt. ltd,10,582.0,5820.0,2025-08-31T14:08:42.746401
2025-08-31,26625,2025083105017106,MKJC,Indira securities pvt. ltd,Secured Securities Ltd.,45,583.0,26235.0,2025-08-31T14:08:42.746515
2025-08-31,26579,2025083105017132,MKJC,Indira securities pvt. ltd,Midas Stock Broking Company Private Limited,100,583.4,58340.0,2025-08-31T14:08:53.775304
2025-08-31,26578,2025083105017133,MKJC,Indira securities pvt. ltd,Naasa Securities Co. Ltd.,100,583.4,58340.0,2025-08-31T14:08:53.775365
2025-08-31,26577,2025083105017134,MKJC,Indira securities pvt. ltd,K.B.L. Securities Limited ,50,583.6,29180.0,2025-08-31T14:08:53.775391
2025-08-31,26576,2025083105017135,MKJC,Indira securities pvt. ltd,K.B.L. Securities Limited ,10,583.7,5837.0,2025-08-31T14:08:53.775415
2025-08-31,26456,2025083105017185,MKJC,Indira securities pvt. ltd,K.B.L. Securities Limited ,90,583.7,52533.0,2025-08-31T14:09:13.824399
2025-08-31,26455,2025083105017186,MKJC,Indira securities pvt. ltd,Capital Hub P. Ltd,100,583.8,58380.0,2025-08-31T14:09:13.82448
2025-08-31,26454,2025083105017187,MKJC,Indira securities pvt. ltd,K.B.L. Securities Limited ,50,583.8,29190.0,2025-08-31T14:09:13.824522
2025-08-31,26453,2025083105017188,MKJC,Indira securities pvt. ltd,Vision Securities Pvt. Ltd,10,584.0,5840.0,2025-08-31T14:09:13.824547
2025-08-31,25656,2025083105017422,MKJC,Indira securities pvt. ltd,ABC Securities Private Limited,10,582.0,5820.0,2025-08-31T14:11:33.211263
2025-08-31,25655,2025083105017423,MKJC,Indira securities pvt. ltd,S.P.S.A. Securities Limited,400,582.0,232800.0,2025-08-31T14:11:33.211422
2025-08-31,25654,2025083105017424,MKJC,Indira securities pvt. ltd,Thrive Brokerage House Pvt. Ltd,10,584.7,5847.0,2025-08-31T14:11:33.211503
2025-08-31,25361,2025083105017480,MKJC,Naasa Securities Co. Ltd.,Thrive Brokerage House Pvt. Ltd,10,584.7,5847.0,2025-08-31T14:12:08.955799
2025-08-31,24938,2025083105017589,MKJC,Nagarik Stock Dealer ,Agrawal Securities (PVT) Ltd.,200,583.0,116600.0,2025-08-31T14:13:17.68534
2025-08-31,24713,2025083105017625,MKJC,Nagarik Stock Dealer ,Naasa Securities Co. Ltd.,100,583.0,58300.0,2025-08-31T14:13:41.742724
2025-08-31,24545,2025083105017657,MKJC,Nagarik Stock Dealer ,Vision Securities Pvt. Ltd,55,584.5,32147.5,2025-08-31T14:14:13.836124
2025-08-31,23572,2025083105017914,MKJC,Aryatara Investment & Securities,Midas Stock Broking Company Private Limited,30,583.0,17490.0,2025-08-31T14:17:07.039206
2025-08-31,23553,2025083105017923,MKJC,Indira securities pvt. ltd,Kohinoor Investment & Securities Pvt. Ltd.,40,584.4,23376.0,2025-08-31T14:17:08.052392
2025-08-31,23144,2025083105018003,MKJC,Aryatara Investment & Securities,Naasa Securities Co. Ltd.,5,583.0,2915.0,2025-08-31T14:18:07.700614
2025-08-31,22989,2025083105018054,MKJC,Aryatara Investment & Securities,J.F. Securites (PVT) Ltd.,1,578.0,578.0,2025-08-31T14:18:29.947465
2025-08-31,22431,2025083105018204,MKJC,Aryatara Investment & Securities,Thrive Brokerage House Pvt. Ltd,10,582.0,5820.0,2025-08-31T14:19:52.867862
2025-08-31,22430,2025083105018205,MKJC,Aryatara Investment & Securities,Sani Securities Company Ltd.,10,582.0,5820.0,2025-08-31T14:19:52.868065
2025-08-31,22274,2025083105018246,MKJC,Hatemalo Financial Services Private Limited,Sani Securities Company Ltd.,198,582.0,115236.0,2025-08-31T14:20:19.342641
2025-08-31,22090,2025083105018312,MKJC,Indira securities pvt. ltd,K.B.L. Securities Limited ,210,583.9,122619.0,2025-08-31T14:20:57.663228
2025-08-31,21923,2025083105018378,MKJC,Indira securities pvt. ltd,K.B.L. Securities Limited ,90,583.9,52551.0,2025-08-31T14:21:25.73672
2025-08-31,21869,2025083105018387,MKJC,Indira securities pvt. ltd,Sani Securities Company Ltd.,10,584.0,5840.0,2025-08-31T14:21:35.765436
2025-08-31,21385,2025083105018489,MKJC,Imperial Securities Company Pvt. Ltd.,Midas Stock Broking Company Private Limited,100,582.5,58250.0,2025-08-31T14:23:00.194392
2025-08-31,21000,2025083105018599,MKJC,Hatemalo Financial Services Private Limited,Sani Securities Company Ltd.,12,582.0,6984.0,2025-08-31T14:23:57.742432
2025-08-31,20999,2025083105018600,MKJC,Sri Hari Securities Pvt. Ltd.,Sani Securities Company Ltd.,200,581.5,116300.0,2025-08-31T14:23:57.74263
2025-08-31,20998,2025083105018601,MKJC,Miyo Securities Pvt Ltd,Sani Securities Company Ltd.,10,581.4,5814.0,2025-08-31T14:23:57.742719
2025-08-31,20997,2025083105018602,MKJC,ABC Securities Private Limited,Sani Securities Company Ltd.,278,581.4,161629.2,2025-08-31T14:23:57.742791
2025-08-31,20473,2025083105018750,MKJC,ABC Securities Private Limited,Sani Securities Company Ltd.,22,581.4,12790.8,2025-08-31T14:25:25.783306
2025-08-31,20472,2025083105018751,MKJC,ABC Securities Private Limited,Sani Securities Company Ltd.,300,581.3,174390.0,2025-08-31T14:25:25.783666
2025-08-31,20471,2025083105018752,MKJC,Indira securities pvt. ltd,Sani Securities Company Ltd.,500,581.2,290600.0,2025-08-31T14:25:25.783872
2025-08-31,20256,2025083105018801,MKJC,Indira securities pvt. ltd,Midas Stock Broking Company Private Limited,40,580.0,23200.0,2025-08-31T14:25:54.634856
2025-08-31,20220,2025083105018807,MKJC,Indira securities pvt. ltd,Imperial Securities Company Pvt. Ltd.,60,580.0,34800.0,2025-08-31T14:25:57.944148
2025-08-31,20211,2025083105018813,MKJC,Indira securities pvt. ltd,Imperial Securities Company Pvt. Ltd.,90,580.0,52200.0,2025-08-31T14:25:58.539744
2025-08-31,20210,2025083105018814,MKJC,Indira securities pvt. ltd,Sani Securities Company Ltd.,75,581.0,43575.0,2025-08-31T14:25:58.53983
2025-08-31,20054,2025083105018848,MKJC,Indira securities pvt. ltd,Sharepro Securities Private Limited,90,580.0,52200.0,2025-08-31T14:26:18.606394
2025-08-31,20010,2025083105018862,MKJC,Nagarik Stock Dealer ,Sharepro Securities Private Limited,620,580.0,359600.0,2025-08-31T14:26:27.924511
2025-08-31,19905,2025083105018877,MKJC,Indira securities pvt. ltd,Sani Securities Company Ltd.,90,581.0,52290.0,2025-08-31T14:26:43.682069
2025-08-31,19786,2025083105018901,MKJC,Indira securities pvt. ltd,Vision Securities Pvt. Ltd,10,583.5,5835.0,2025-08-31T14:26:59.730466
2025-08-31,19242,2025083105019108,MKJC,Nagarik Stock Dealer ,Investment Management Nepal Pvt. Ltd.,191,580.0,110780.0,2025-08-31T14:28:09.772077
2025-08-31,19086,2025083105019123,MKJC,Nagarik Stock Dealer ,Investment Management Nepal Pvt. Ltd.,10,580.0,5800.0,2025-08-31T14:28:28.860616
2025-08-31,19085,2025083105019124,MKJC,Indira securities pvt. ltd,Vision Securities Pvt. Ltd,10,583.5,5835.0,2025-08-31T14:28:28.955056
2025-08-31,18801,2025083105019219,MKJC,Indira securities pvt. ltd,Neev Securities Pvt. Ltd.,10,583.4,5834.0,2025-08-31T14:29:18.084074
2025-08-31,18800,2025083105019220,MKJC,Indira securities pvt. ltd,Vision Securities Pvt. Ltd,10,583.5,5835.0,2025-08-31T14:29:18.084165
2025-08-31,18639,2025083105019262,MKJC,Nagarik Stock Dealer ,Sumeru Securities Pvt. Ltd.,100,580.0,58000.0,2025-08-31T14:29:34.564269
2025-08-31,18352,2025083105019368,MKJC,Sundhara Securities Limited,Vision Securities Pvt. Ltd,155,583.5,90442.5,2025-08-31T14:30:17.168531
2025-08-31,18351,2025083105019369,MKJC,Indira securities pvt. ltd,Thrive Brokerage House Pvt. Ltd,20,584.8,11696.0,2025-08-31T14:30:17.284839
2025-08-31,18194,2025083105019414,MKJC,Sundhara Securities Limited,Primo Securities (PVT) Ltd.,645,584.0,376680.0,2025-08-31T14:30:44.786583
2025-08-31,18027,2025083105019461,MKJC,Sundhara Securities Limited,Primo Securities (PVT) Ltd.,800,584.0,467200.0,2025-08-31T14:31:10.474216
2025-08-31,17763,2025083105019539,MKJC,Indira securities pvt. ltd,Primo Securities (PVT) Ltd.,50,584.0,29200.0,2025-08-31T14:31:38.496972
2025-08-31,17428,2025083105019642,MKJC,Nagarik Stock Dealer ,Online Securities Pvt. Ltd.,10,580.0,5800.0,2025-08-31T14:32:19.551738
2025-08-31,16910,2025083105019763,MKJC,Sundhara Securities Limited,Market Securities & Exchange (PVT) Ltd.,100,584.0,58400.0,2025-08-31T14:33:20.160368
2025-08-31,15503,2025083105020147,MKJC,Nagarik Stock Dealer ,Thrive Brokerage House Pvt. Ltd,69,584.8,40351.2,2025-08-31T14:36:36.091511
2025-08-31,14887,2025083105020328,MKJC,Sundhara Securities Limited,Secured Securities Ltd.,17,584.0,9928.0,2025-08-31T14:38:10.934296
2025-08-31,14608,2025083105020435,MKJC,Online Securities Pvt. Ltd.,Dipshikha Dhitopatra Karobar Co. Pvt Ltd.,100,584.0,58400.0,2025-08-31T14:38:40.471288
2025-08-31,14607,2025083105020436,MKJC,Online Securities Pvt. Ltd.,Imperial Securities Company Pvt. Ltd.,100,584.0,58400.0,2025-08-31T14:38:40.47152
2025-08-31,14606,2025083105020437,MKJC,Online Securities Pvt. Ltd.,Naasa Securities Co. Ltd.,313,585.0,183105.0,2025-08-31T14:38:40.471602
2025-08-31,14605,2025083105020438,MKJC,Online Securities Pvt. Ltd.,S.P.S.A. Securities Limited,200,585.0,117000.0,2025-08-31T14:38:40.471692
2025-08-31,14604,2025083105020439,MKJC,Online Securities Pvt. Ltd.,Imperial Securities Company Pvt. Ltd.,25,585.0,14625.0,2025-08-31T14:38:40.471772
2025-08-31,14603,2025083105020440,MKJC,Online Securities Pvt. Ltd.,SUN SECURITIES PVT LTD,50,585.0,29250.0,2025-08-31T14:38:40.471848
2025-08-31,14152,2025083105020549,MKJC,Capital Max Securities Ltd,Midas Stock Broking Company Private Limited,150,585.1,87765.0,2025-08-31T14:39:44.423903
2025-08-31,14151,2025083105020550,MKJC,Capital Max Securities Ltd,Thrive Brokerage House Pvt. Ltd,20,585.9,11718.0,2025-08-31T14:39:44.424246
2025-08-31,14150,2025083105020551,MKJC,Capital Max Securities Ltd,J.F. Securites (PVT) Ltd.,10,587.9,5879.0,2025-08-31T14:39:44.424485
2025-08-31,14069,2025083105020576,MKJC,Online Securities Pvt. Ltd.,Primo Securities (PVT) Ltd.,100,585.0,58500.0,2025-08-31T14:39:55.364601
2025-08-31,13942,2025083105020617,MKJC,Indira securities pvt. ltd,J.F. Securites (PVT) Ltd.,90,587.9,52911.0,2025-08-31T14:40:11.221037
2025-08-31,13941,2025083105020618,MKJC,Indira securities pvt. ltd,Trishakti Securities Public Limited,10,588.0,5880.0,2025-08-31T14:40:11.221412
2025-08-31,13468,2025083105020732,MKJC,Aryatara Investment & Securities,Sani Securities Company Ltd.,3,581.0,1743.0,2025-08-31T14:41:14.499388
2025-08-31,13440,2025083105020735,MKJC,Nagarik Stock Dealer ,Trishakti Securities Public Limited,590,588.0,346920.0,2025-08-31T14:41:18.165896
2025-08-31,13439,2025083105020736,MKJC,Nagarik Stock Dealer ,Sani Securities Company Ltd.,410,588.0,241080.0,2025-08-31T14:41:18.166305
2025-08-31,13048,2025083105020866,MKJC,Aryatara Investment & Securities,Primo Securities (PVT) Ltd.,5,584.0,2920.0,2025-08-31T14:42:00.958834
2025-08-31,12793,2025083105020953,MKJC,Online Securities Pvt. Ltd.,Elite Stock House Limited,112,585.0,65520.0,2025-08-31T14:42:30.857807
2025-08-31,12792,2025083105020954,MKJC,Nagarik Stock Dealer ,Elite Stock House Limited,888,585.0,519480.0,2025-08-31T14:42:30.858044
2025-08-31,12568,2025083105020999,MKJC,Indira securities pvt. ltd,Sani Securities Company Ltd.,10,588.0,5880.0,2025-08-31T14:43:00.699304
2025-08-31,12096,2025083105021102,MKJC,Aryatara Investment & Securities,Thrive Brokerage House Pvt. Ltd,1,584.8,584.8,2025-08-31T14:44:02.847713
2025-08-31,11497,2025083105021294,MKJC,Nagarik Stock Dealer ,Sumeru Securities Pvt. Ltd.,110,585.0,64350.0,2025-08-31T14:45:00.958098
2025-08-31,10995,2025083105021375,MKJC,Indira securities pvt. ltd,Premier Securities Company Ltd.,50,587.9,29395.0,2025-08-31T14:45:36.136508
2025-08-31,10994,2025083105021376,MKJC,Indira securities pvt. ltd,Sani Securities Company Ltd.,50,588.0,29400.0,2025-08-31T14:45:36.136612
2025-08-31,8142,2025083105022245,MKJC,Nagarik Stock Dealer ,Thrive Brokerage House Pvt. Ltd,20,587.7,11754.0,2025-08-31T14:50:52.109791
2025-08-31,8141,2025083105022246,MKJC,Nagarik Stock Dealer ,Ashutosh Brokerage & Securities (PVT) Ltd.,30,587.8,17634.0,2025-08-31T14:50:52.11003
2025-08-31,8140,2025083105022247,MKJC,Nagarik Stock Dealer ,SUN SECURITIES PVT LTD,100,587.9,58790.0,2025-08-31T14:50:52.110108
2025-08-31,8139,2025083105022248,MKJC,Nagarik Stock Dealer ,Sani Securities Company Ltd.,480,588.0,282240.0,2025-08-31T14:50:52.110183
2025-08-31,7818,2025083105022344,MKJC,Nagarik Stock Dealer ,Imperial Securities Company Pvt. Ltd.,15,586.9,8803.5,2025-08-31T14:51:24.273112
2025-08-31,7272,2025083105022507,MKJC,Indira securities pvt. ltd,Imperial Securities Company Pvt. Ltd.,200,586.8,117360.0,2025-08-31T14:52:10.233348
2025-08-31,7271,2025083105022508,MKJC,Indira securities pvt. ltd,Imperial Securities Company Pvt. Ltd.,885,586.9,519406.5,2025-08-31T14:52:10.233574
2025-08-31,7270,2025083105022509,MKJC,Indira securities pvt. ltd,Midas Stock Broking Company Private Limited,150,587.0,88050.0,2025-08-31T14:52:10.233673
2025-08-31,7269,2025083105022510,MKJC,Indira securities pvt. ltd,Sani Securities Company Ltd.,50,588.0,29400.0,2025-08-31T14:52:10.233755
2025-08-31,7268,2025083105022511,MKJC,Indira securities pvt. ltd,Deevyaa Securities & Stock House Pvt. Ltd,250,588.0,147000.0,2025-08-31T14:52:10.233834
2025-08-31,7267,2025083105022512,MKJC,Indira securities pvt. ltd,Aryatara Investment & Securities,300,588.0,176400.0,2025-08-31T14:52:10.233912
2025-08-31,7266,2025083105022513,MKJC,Indira securities pvt. ltd,SUN SECURITIES PVT LTD,50,588.8,29440.0,2025-08-31T14:52:10.233989
2025-08-31,7265,2025083105022514,MKJC,Indira securities pvt. ltd,Thrive Brokerage House Pvt. Ltd,20,588.9,11778.0,2025-08-31T14:52:10.234065
2025-08-31,7264,2025083105022515,MKJC,Indira securities pvt. ltd,Imperial Securities Company Pvt. Ltd.,300,588.9,176670.0,2025-08-31T14:52:10.23414
2025-08-31,7263,2025083105022516,MKJC,Indira securities pvt. ltd,Imperial Securities Company Pvt. Ltd.,1000,589.0,589000.0,2025-08-31T14:52:10.234222
2025-08-31,7262,2025083105022517,MKJC,Indira securities pvt. ltd,Kohinoor Investment & Securities Pvt. Ltd.,500,589.0,294500.0,2025-08-31T14:52:10.234299
2025-08-31,7261,2025083105022518,MKJC,Indira securities pvt. ltd,J.F. Securites (PVT) Ltd.,100,589.9,58990.0,2025-08-31T14:52:10.234378
2025-08-31,7260,2025083105022519,MKJC,Indira securities pvt. ltd,Trishakti Securities Public Limited,190,589.9,112081.0,2025-08-31T14:52:10.234455
2025-08-31,7259,2025083105022520,MKJC,Indira securities pvt. ltd,Indira securities pvt. ltd,3005,589.9,1772649.5,2025-08-31T14:52:10.234526
2025-08-31,7075,2025083105022556,MKJC,Indira securities pvt. ltd,Indira securities pvt. ltd,1995,589.9,1176850.5,2025-08-31T14:52:28.288951
2025-08-31,6510,2025083105022732,MKJC,Indira securities pvt. ltd,Premier Securities Company Ltd.,10,585.0,5850.0,2025-08-31T14:53:21.426664
2025-08-31,6509,2025083105022733,MKJC,Indira securities pvt. ltd,Midas Stock Broking Company Private Limited,100,589.9,58990.0,2025-08-31T14:53:21.426754
2025-08-31,6508,2025083105022734,MKJC,Indira securities pvt. ltd,Oxford Securities Pvt. Ltd.,10,590.0,5900.0,2025-08-31T14:53:21.426811
2025-08-31,1197,2025083105024242,MKJC,Linch Stock Market Ltd.,Capital Max Securities Ltd,10,588.7,5887.0,2025-08-31T14:59:21.128804
2025-08-31,762,2025083105024427,MKJC,Indira securities pvt. ltd,Capital Max Securities Ltd,80,588.7,47096.0,2025-08-31T14:59:32.514429
2025-08-31,761,2025083105024428,MKJC,Indira securities pvt. ltd,Imperial Securities Company Pvt. Ltd.,20,588.8,11776.0,2025-08-31T14:59:32.514471
2025-08-31,493,2025083105024511,MKJC,Neev Securities Pvt. Ltd.,Imperial Securities Company Pvt. Ltd.,180,588.8,105984.0,2025-08-31T14:59:44.762527
2025-08-31,492,2025083105024512,MKJC,Neev Securities Pvt. Ltd.,Naasa Securities Co. Ltd.,56,588.9,32978.4,2025-08-31T14:59:44.762722
2025-08-31,491,2025083105024513,MKJC,Neev Securities Pvt. Ltd.,Pragyan Securities (PVT) Ltd.,500,589.0,294500.0,2025-08-31T14:59:44.762808
2025-08-31,490,2025083105024514,MKJC,Neev Securities Pvt. Ltd.,Trishakti Securities Public Limited,48,589.0,28272.0,2025-08-31T14:59:44.762892
2025-08-31,489,2025083105024515,MKJC,Neev Securities Pvt. Ltd.,Deevyaa Securities & Stock House Pvt. Ltd,200,589.9,117980.0,2025-08-31T14:59:44.762977
2025-08-31,488,2025083105024516,MKJC,Neev Securities Pvt. Ltd.,Oxford Securities Pvt. Ltd.,679,590.0,400610.0,2025-08-31T14:59:44.763058
2025-08-31,487,2025083105024517,MKJC,Neev Securities Pvt. Ltd.,Oxford Securities Pvt. Ltd.,337,590.0,198830.0,2025-08-31T14:59:44.763145
2025-08-31,340,2025083105024554,MKJC,Linch Stock Market Ltd.,Oxford Securities Pvt. Ltd.,10,590.0,5900.0,2025-08-31T14:59:49.448515
2025-08-31,81,2025083105024650,MKJC,Indira securities pvt. ltd,Oxford Securities Pvt. Ltd.,10,590.0,5900.0,2025-08-31T14:59:58.597512
