Date,S.N.,Contract ID,Symbol,Buyer Broker,Seller Broker,volume,rate,amount,transaction_time
2025-08-31,96188,2025083101000841,NBL,Siprabi Securities Pvt. Ltd.,Cristal Kanchanjanga Securites Pvt. Ltd.,10,255.0,2550.0,2025-08-31T11:01:14.166421
2025-08-31,93391,2025083101003100,NBL,Investment Management Nepal Pvt. Ltd.,Kohinoor Investment & Securities Pvt. Ltd.,52,254.0,13208.0,2025-08-31T11:05:14.956689
2025-08-31,90366,2025083101005326,NBL,Premier Securities Company Ltd.,Kohinoor Investment & Securities Pvt. Ltd.,10,254.0,2540.0,2025-08-31T11:10:43.015894
2025-08-31,86212,2025083101008453,NBL,Naasa Securities Co. Ltd.,Imperial Securities Company Pvt. Ltd.,10,252.1,2521.0,2025-08-31T11:17:31.176902
2025-08-31,86128,2025083101008522,NBL,Naasa Securities Co. Ltd.,Naasa Securities Co. Ltd.,10,252.1,2521.0,2025-08-31T11:17:41.966964
2025-08-31,85461,2025083101008981,NBL,Sewa Securities Pvt. Ltd.,Naasa Securities Co. Ltd.,10,252.1,2521.0,2025-08-31T11:18:56.368982
2025-08-31,84814,2025083101009476,NBL,Bhrikuti Stock Broking Co. Pvt. Ltd.,Aryatara Investment & Securities,100,252.0,25200.0,2025-08-31T11:19:56.882215
2025-08-31,84813,2025083101009477,NBL,Dipshikha Dhitopatra Karobar Co. Pvt Ltd.,Aryatara Investment & Securities,100,252.0,25200.0,2025-08-31T11:19:56.882383
2025-08-31,84812,2025083101009478,NBL,Deevyaa Securities & Stock House Pvt. Ltd,Aryatara Investment & Securities,72,252.0,18144.0,2025-08-31T11:19:56.882509
2025-08-31,84084,2025083101009967,NBL,Online Securities Pvt. Ltd.,Kohinoor Investment & Securities Pvt. Ltd.,25,252.2,6305.0,2025-08-31T11:21:16.862273
2025-08-31,84083,2025083101009968,NBL,Deevyaa Securities & Stock House Pvt. Ltd,Kohinoor Investment & Securities Pvt. Ltd.,28,252.0,7056.0,2025-08-31T11:21:16.862349
2025-08-31,84082,2025083101009969,NBL,Midas Stock Broking Company Private Limited,Kohinoor Investment & Securities Pvt. Ltd.,1047,252.0,263844.0,2025-08-31T11:21:16.862394
2025-08-31,82392,2025083101011072,NBL,Naasa Securities Co. Ltd.,Naasa Securities Co. Ltd.,30,252.1,7563.0,2025-08-31T11:24:24.023403
2025-08-31,82391,2025083101011073,NBL,Midas Stock Broking Company Private Limited,Naasa Securities Co. Ltd.,10,252.0,2520.0,2025-08-31T11:24:24.023592
2025-08-31,82326,2025083101011100,NBL,Midas Stock Broking Company Private Limited,Online Securities Pvt. Ltd.,14,252.0,3528.0,2025-08-31T11:24:33.519276
2025-08-31,82320,2025083101011101,NBL,Sweta Securities Private Limited,Sewa Securities Pvt. Ltd.,27,252.5,6817.5,2025-08-31T11:24:33.833771
2025-08-31,82319,2025083101011102,NBL,Midas Stock Broking Company Private Limited,Aryatara Investment & Securities,600,252.0,151200.0,2025-08-31T11:24:33.941358
2025-08-31,82261,2025083101011132,NBL,Midas Stock Broking Company Private Limited,Premier Securities Company Ltd.,1000,252.0,252000.0,2025-08-31T11:24:43.933418
2025-08-31,82155,2025083101011191,NBL,Midas Stock Broking Company Private Limited,Pragyan Securities (PVT) Ltd.,136,252.0,34272.0,2025-08-31T11:24:54.660964
2025-08-31,81748,2025083101011445,NBL,Midas Stock Broking Company Private Limited,Shree Krishna Securities Ltd.,193,252.0,48636.0,2025-08-31T11:25:40.501588
2025-08-31,81747,2025083101011446,NBL,Naasa Securities Co. Ltd.,Shree Krishna Securities Ltd.,100,251.1,25110.0,2025-08-31T11:25:40.501823
2025-08-31,81453,2025083101011613,NBL,Naasa Securities Co. Ltd.,Cristal Kanchanjanga Securites Pvt. Ltd.,164,251.1,41180.4,2025-08-31T11:26:09.665603
2025-08-31,81389,2025083101011649,NBL,Naasa Securities Co. Ltd.,Sewa Securities Pvt. Ltd.,148,251.1,37162.8,2025-08-31T11:26:16.085419
2025-08-31,81328,2025083101011679,NBL,Secured Securities Ltd.,Sewa Securities Pvt. Ltd.,21,251.1,5273.1,2025-08-31T11:26:22.362069
2025-08-31,79928,2025083101012523,NBL,Trishakti Securities Public Limited,Sewa Securities Pvt. Ltd.,204,251.1,51224.4,2025-08-31T11:29:16.441607
2025-08-31,79765,2025083101012590,NBL,Trishakti Securities Public Limited,N.M.B. SECURITIES LIMITED,296,251.1,74325.6,2025-08-31T11:29:40.343459
2025-08-31,79764,2025083101012591,NBL,Investment Management Nepal Pvt. Ltd.,N.M.B. SECURITIES LIMITED,50,251.0,12550.0,2025-08-31T11:29:40.343582
2025-08-31,79763,2025083101012592,NBL,Primo Securities (PVT) Ltd.,N.M.B. SECURITIES LIMITED,19,251.0,4769.0,2025-08-31T11:29:40.343648
2025-08-31,79762,2025083101012593,NBL,Global IME Securities Limited,N.M.B. SECURITIES LIMITED,50,251.0,12550.0,2025-08-31T11:29:40.343729
2025-08-31,79761,2025083101012594,NBL,Sewa Securities Pvt. Ltd.,N.M.B. SECURITIES LIMITED,190,251.0,47690.0,2025-08-31T11:29:40.343787
2025-08-31,79760,2025083101012595,NBL,Premier Securities Company Ltd.,N.M.B. SECURITIES LIMITED,20,251.0,5020.0,2025-08-31T11:29:40.343845
2025-08-31,79759,2025083101012596,NBL,Infinity Securities Limited,N.M.B. SECURITIES LIMITED,1000,250.3,250300.0,2025-08-31T11:29:40.343907
2025-08-31,79758,2025083101012597,NBL,Dynamic Money Managers Securities Pvt. Ltd.,N.M.B. SECURITIES LIMITED,1375,250.3,344162.5,2025-08-31T11:29:40.343965
2025-08-31,79209,2025083101012909,NBL,Online Securities Pvt. Ltd.,Sani Securities Company Ltd.,348,251.0,87348.0,2025-08-31T11:30:49.443823
2025-08-31,76383,2025083101014582,NBL,Online Securities Pvt. Ltd.,Aryatara Investment & Securities,170,251.0,42670.0,2025-08-31T11:36:54.913611
2025-08-31,76052,2025083101014754,NBL,Online Securities Pvt. Ltd.,Secured Securities Ltd.,35,251.0,8785.0,2025-08-31T11:37:41.891191
2025-08-31,76049,2025083101014757,NBL,ABC Securities Private Limited,Vision Securities Pvt. Ltd,100,252.0,25200.0,2025-08-31T11:37:42.99047
2025-08-31,75989,2025083101014813,NBL,Online Securities Pvt. Ltd.,Bhrikuti Stock Broking Co. Pvt. Ltd.,58,251.0,14558.0,2025-08-31T11:37:45.533169
2025-08-31,75360,2025083101015193,NBL,Online Securities Pvt. Ltd.,Oxford Securities Pvt. Ltd.,1264,251.0,317264.0,2025-08-31T11:39:25.439891
2025-08-31,75359,2025083101015194,NBL,Aryatara Investment & Securities,Oxford Securities Pvt. Ltd.,39,251.0,9789.0,2025-08-31T11:39:25.440175
2025-08-31,75309,2025083101015208,NBL,Online Securities Pvt. Ltd.,KALASH STOCK MARKET PVT. LTD.,78,251.0,19578.0,2025-08-31T11:39:32.316013
2025-08-31,75308,2025083101015209,NBL,Aryatara Investment & Securities,KALASH STOCK MARKET PVT. LTD.,100,250.6,25060.0,2025-08-31T11:39:32.316077
2025-08-31,75307,2025083101015210,NBL,Online Securities Pvt. Ltd.,KALASH STOCK MARKET PVT. LTD.,250,250.5,62625.0,2025-08-31T11:39:32.316102
2025-08-31,75306,2025083101015211,NBL,Online Securities Pvt. Ltd.,KALASH STOCK MARKET PVT. LTD.,250,250.4,62600.0,2025-08-31T11:39:32.316129
2025-08-31,75305,2025083101015212,NBL,Dynamic Money Managers Securities Pvt. Ltd.,KALASH STOCK MARKET PVT. LTD.,625,250.3,156437.5,2025-08-31T11:39:32.316163
2025-08-31,75304,2025083101015213,NBL,Online Securities Pvt. Ltd.,KALASH STOCK MARKET PVT. LTD.,250,250.3,62575.0,2025-08-31T11:39:32.316188
2025-08-31,75303,2025083101015214,NBL,MILKY WAY SHARE BROKER COMPANY LTD ,KALASH STOCK MARKET PVT. LTD.,660,250.2,165132.0,2025-08-31T11:39:32.316211
2025-08-31,73958,2025083101016096,NBL,ABC Securities Private Limited,Naasa Securities Co. Ltd.,50,251.0,12550.0,2025-08-31T11:42:31.904347
2025-08-31,73957,2025083101016097,NBL,ABC Securities Private Limited,Agrawal Securities (PVT) Ltd.,350,251.0,87850.0,2025-08-31T11:42:31.904475
2025-08-31,73489,2025083101016369,NBL,Naasa Securities Co. Ltd.,Agrawal Securities (PVT) Ltd.,50,251.0,12550.0,2025-08-31T11:43:37.019838
2025-08-31,72793,2025083101016728,NBL,Imperial Securities Company Pvt. Ltd.,Agrawal Securities (PVT) Ltd.,48,251.0,12048.0,2025-08-31T11:45:36.488174
2025-08-31,72657,2025083101016789,NBL,Imperial Securities Company Pvt. Ltd.,J.F. Securites (PVT) Ltd.,300,251.0,75300.0,2025-08-31T11:45:56.418979
2025-08-31,72546,2025083101016837,NBL,Sumeru Securities Pvt. Ltd.,Primo Securities (PVT) Ltd.,60,252.7,15162.0,2025-08-31T11:46:21.317947
2025-08-31,72463,2025083101016885,NBL,Imperial Securities Company Pvt. Ltd.,Kumari Securities Private Limited,10,251.0,2510.0,2025-08-31T11:46:37.162954
2025-08-31,72074,2025083101017095,NBL,Nepal Stock House (PVT) Ltd.,Primo Securities (PVT) Ltd.,15,252.7,3790.5,2025-08-31T11:47:44.494791
2025-08-31,71266,2025083101017515,NBL,Imperial Securities Company Pvt. Ltd.,Oxford Securities Pvt. Ltd.,1627,251.0,408377.0,2025-08-31T11:50:04.731753
2025-08-31,70550,2025083101017869,NBL,Nepal Investment And Securities Trading Private Limited,Primo Securities (PVT) Ltd.,175,251.0,43925.0,2025-08-31T11:51:31.051248
2025-08-31,70194,2025083101018066,NBL,Sani Securities Company Ltd.,Naasa Securities Co. Ltd.,16,251.0,4016.0,2025-08-31T11:52:26.957496
2025-08-31,69436,2025083101018486,NBL,Sani Securities Company Ltd.,Imperial Securities Company Pvt. Ltd.,29,251.0,7279.0,2025-08-31T11:54:27.587433
2025-08-31,69435,2025083101018487,NBL,Sani Securities Company Ltd.,Imperial Securities Company Pvt. Ltd.,60,251.0,15060.0,2025-08-31T11:54:27.587686
2025-08-31,69434,2025083101018488,NBL,Creative Securities Pvt Ltd,Imperial Securities Company Pvt. Ltd.,500,251.0,125500.0,2025-08-31T11:54:27.587775
2025-08-31,69433,2025083101018489,NBL,Midas Stock Broking Company Private Limited,Imperial Securities Company Pvt. Ltd.,11,251.0,2761.0,2025-08-31T11:54:27.587849
2025-08-31,68543,2025083101018955,NBL,Midas Stock Broking Company Private Limited,Capital Max Securities Ltd,150,251.0,37650.0,2025-08-31T11:56:49.127218
2025-08-31,67585,2025083101019377,NBL,Aryatara Investment & Securities,ABC Securities Private Limited,500,251.5,125750.0,2025-08-31T11:59:27.504298
2025-08-31,67169,2025083101019628,NBL,Cristal Kanchanjanga Securites Pvt. Ltd.,ABC Securities Private Limited,146,251.5,36719.0,2025-08-31T12:00:30.004676
2025-08-31,66116,2025083101020317,NBL,Naasa Securities Co. Ltd.,Opal Securities Investment (PVT) Ltd.,600,251.7,151020.0,2025-08-31T12:02:37.322015
2025-08-31,65962,2025083101020378,NBL,Cristal Kanchanjanga Securites Pvt. Ltd.,Oxford Securities Pvt. Ltd.,354,251.8,89137.2,2025-08-31T12:02:57.848204
2025-08-31,65948,2025083101020383,NBL,SUN SECURITIES PVT LTD,Oxford Securities Pvt. Ltd.,50,251.8,12590.0,2025-08-31T12:03:02.111789
2025-08-31,65748,2025083101020475,NBL,Naasa Securities Co. Ltd.,Oxford Securities Pvt. Ltd.,400,251.8,100720.0,2025-08-31T12:03:34.227016
2025-08-31,65362,2025083101020695,NBL,Trishakti Securities Public Limited,Premier Securities Company Ltd.,500,251.5,125750.0,2025-08-31T12:04:36.95359
2025-08-31,65361,2025083101020696,NBL,SUN SECURITIES PVT LTD,Premier Securities Company Ltd.,50,251.5,12575.0,2025-08-31T12:04:36.953951
2025-08-31,65360,2025083101020697,NBL,Siprabi Securities Pvt. Ltd.,Premier Securities Company Ltd.,200,251.1,50220.0,2025-08-31T12:04:36.954211
2025-08-31,65359,2025083101020698,NBL,Midas Stock Broking Company Private Limited,Premier Securities Company Ltd.,339,251.0,85089.0,2025-08-31T12:04:36.95445
2025-08-31,65358,2025083101020699,NBL,Kohinoor Investment & Securities Pvt. Ltd.,Premier Securities Company Ltd.,75,251.0,18825.0,2025-08-31T12:04:36.954681
2025-08-31,65357,2025083101020700,NBL,Kumari Securities Private Limited,Premier Securities Company Ltd.,202,251.0,50702.0,2025-08-31T12:04:36.954904
2025-08-31,65356,2025083101020701,NBL,Linch Stock Market Ltd.,Premier Securities Company Ltd.,1000,251.0,251000.0,2025-08-31T12:04:36.955157
2025-08-31,65355,2025083101020702,NBL,Aryatara Investment & Securities,Premier Securities Company Ltd.,134,251.0,33634.0,2025-08-31T12:04:36.95539
2025-08-31,64914,2025083101020885,NBL,Aryatara Investment & Securities,Siprabi Securities Pvt. Ltd.,63,251.0,15813.0,2025-08-31T12:05:40.666904
2025-08-31,64346,2025083101021144,NBL,Aryatara Investment & Securities,Premier Securities Company Ltd.,103,251.0,25853.0,2025-08-31T12:07:17.032591
2025-08-31,64345,2025083101021145,NBL,Imperial Securities Company Pvt. Ltd.,Premier Securities Company Ltd.,10,251.0,2510.0,2025-08-31T12:07:17.032779
2025-08-31,64344,2025083101021146,NBL,Kohinoor Investment & Securities Pvt. Ltd.,Premier Securities Company Ltd.,100,251.0,25100.0,2025-08-31T12:07:17.032859
2025-08-31,64343,2025083101021147,NBL,Vision Securities Pvt. Ltd,Premier Securities Company Ltd.,100,250.6,25060.0,2025-08-31T12:07:17.032941
2025-08-31,64342,2025083101021148,NBL,Primo Securities (PVT) Ltd.,Premier Securities Company Ltd.,150,250.6,37590.0,2025-08-31T12:07:17.033056
2025-08-31,64341,2025083101021149,NBL,MILKY WAY SHARE BROKER COMPANY LTD ,Premier Securities Company Ltd.,37,250.6,9272.2,2025-08-31T12:07:17.033143
2025-08-31,62257,2025083101022062,NBL,Market Securities & Exchange (PVT) Ltd.,Oxford Securities Pvt. Ltd.,50,251.5,12575.0,2025-08-31T12:14:48.482016
2025-08-31,61792,2025083101022299,NBL,Sumeru Securities Pvt. Ltd.,Oxford Securities Pvt. Ltd.,10,251.5,2515.0,2025-08-31T12:16:27.431495
2025-08-31,61759,2025083101022309,NBL,Oxford Securities Pvt. Ltd.,Oxford Securities Pvt. Ltd.,100,251.5,25150.0,2025-08-31T12:16:35.862766
2025-08-31,60723,2025083101022753,NBL,Naasa Securities Co. Ltd.,Sundhara Securities Limited,30,251.0,7530.0,2025-08-31T12:20:52.00712
2025-08-31,60430,2025083101022894,NBL,Sweta Securities Private Limited,Sundhara Securities Limited,86,251.0,21586.0,2025-08-31T12:21:52.83025
2025-08-31,59963,2025083101023120,NBL,Sweta Securities Private Limited,Trisul Securities & Invt. Ltd.,114,251.0,28614.0,2025-08-31T12:23:22.721368
2025-08-31,59962,2025083101023121,NBL,Global IME Securities Limited,Trisul Securities & Invt. Ltd.,296,251.0,74296.0,2025-08-31T12:23:22.721629
2025-08-31,59861,2025083101023150,NBL,Global IME Securities Limited,Agrawal Securities (PVT) Ltd.,104,251.0,26104.0,2025-08-31T12:23:44.395829
2025-08-31,59860,2025083101023151,NBL,Trishakti Securities Public Limited,Agrawal Securities (PVT) Ltd.,46,251.0,11546.0,2025-08-31T12:23:44.396264
2025-08-31,59320,2025083101023398,NBL,Naasa Securities Co. Ltd.,Oxford Securities Pvt. Ltd.,20,251.5,5030.0,2025-08-31T12:25:52.087595
2025-08-31,57535,2025083101024231,NBL,S.P.S.A. Securities Limited,Oxford Securities Pvt. Ltd.,200,251.5,50300.0,2025-08-31T12:33:18.267531
2025-08-31,57500,2025083101024251,NBL,Imperial Securities Company Pvt. Ltd.,Kumari Securities Private Limited,100,251.1,25110.0,2025-08-31T12:33:28.428724
2025-08-31,57499,2025083101024252,NBL,Trishakti Securities Public Limited,Kumari Securities Private Limited,454,251.0,113954.0,2025-08-31T12:33:28.429164
2025-08-31,57498,2025083101024253,NBL,Trisul Securities & Invt. Ltd.,Kumari Securities Private Limited,500,251.0,125500.0,2025-08-31T12:33:28.429445
2025-08-31,57497,2025083101024254,NBL,Sani Securities Company Ltd.,Kumari Securities Private Limited,103,251.0,25853.0,2025-08-31T12:33:28.42971
2025-08-31,57496,2025083101024255,NBL,Imperial Securities Company Pvt. Ltd.,Kumari Securities Private Limited,50,251.0,12550.0,2025-08-31T12:33:28.430162
2025-08-31,57495,2025083101024256,NBL,Dipshikha Dhitopatra Karobar Co. Pvt Ltd.,Kumari Securities Private Limited,177,251.0,44427.0,2025-08-31T12:33:28.430438
2025-08-31,57256,2025083101024397,NBL,Dipshikha Dhitopatra Karobar Co. Pvt Ltd.,Kumari Securities Private Limited,123,251.0,30873.0,2025-08-31T12:34:22.161646
2025-08-31,57255,2025083101024398,NBL,Siprabi Securities Pvt. Ltd.,Kumari Securities Private Limited,50,250.7,12535.0,2025-08-31T12:34:22.161862
2025-08-31,57254,2025083101024399,NBL,Sani Securities Company Ltd.,Kumari Securities Private Limited,327,250.7,81978.9,2025-08-31T12:34:22.161952
2025-08-31,56320,2025083101024820,NBL,Market Securities & Exchange (PVT) Ltd.,Sumeru Securities Pvt. Ltd.,50,251.0,12550.0,2025-08-31T12:37:47.699974
2025-08-31,56262,2025083101024859,NBL,MILKY WAY SHARE BROKER COMPANY LTD ,Sumeru Securities Pvt. Ltd.,270,251.0,67770.0,2025-08-31T12:37:59.260764
2025-08-31,56124,2025083101024916,NBL,MILKY WAY SHARE BROKER COMPANY LTD ,Siprabi Securities Pvt. Ltd.,125,251.0,31375.0,2025-08-31T12:38:27.974401
2025-08-31,55893,2025083101025046,NBL,Sani Securities Company Ltd.,Sani Securities Company Ltd.,10,251.1,2511.0,2025-08-31T12:39:17.077675
2025-08-31,55890,2025083101025047,NBL,Market Securities & Exchange (PVT) Ltd.,Sani Securities Company Ltd.,40,251.1,10044.0,2025-08-31T12:39:18.499482
2025-08-31,55572,2025083101025210,NBL,Trisul Securities & Invt. Ltd.,Oxford Securities Pvt. Ltd.,100,251.5,25150.0,2025-08-31T12:40:26.313876
2025-08-31,55016,2025083101025477,NBL,Market Securities & Exchange (PVT) Ltd.,BHOLE GANESH SECURITIES LTD,10,251.1,2511.0,2025-08-31T12:42:30.025936
2025-08-31,55015,2025083101025478,NBL,MILKY WAY SHARE BROKER COMPANY LTD ,BHOLE GANESH SECURITIES LTD,205,251.0,51455.0,2025-08-31T12:42:30.025979
2025-08-31,55014,2025083101025479,NBL,Nagarik Stock Dealer ,BHOLE GANESH SECURITIES LTD,400,250.8,100320.0,2025-08-31T12:42:30.026005
2025-08-31,55013,2025083101025480,NBL,Property Wiard Limited,BHOLE GANESH SECURITIES LTD,100,250.8,25080.0,2025-08-31T12:42:30.026048
2025-08-31,55012,2025083101025481,NBL,Sani Securities Company Ltd.,BHOLE GANESH SECURITIES LTD,285,250.7,71449.5,2025-08-31T12:42:30.026076
2025-08-31,54914,2025083101025528,NBL,Market Securities & Exchange (PVT) Ltd.,Oxford Securities Pvt. Ltd.,30,251.5,7545.0,2025-08-31T12:42:55.62967
2025-08-31,54007,2025083101025881,NBL,Naasa Securities Co. Ltd.,Oxford Securities Pvt. Ltd.,15,251.5,3772.5,2025-08-31T12:45:26.046596
2025-08-31,53379,2025083101026103,NBL,Naasa Securities Co. Ltd.,Oxford Securities Pvt. Ltd.,108,251.5,27162.0,2025-08-31T12:47:11.120076
2025-08-31,53111,2025083101026240,NBL,Naasa Securities Co. Ltd.,Oxford Securities Pvt. Ltd.,21,251.5,5281.5,2025-08-31T12:47:53.376723
2025-08-31,50811,2025083101027156,NBL,Naasa Securities Co. Ltd.,Oxford Securities Pvt. Ltd.,22,251.5,5533.0,2025-08-31T12:54:56.994324
2025-08-31,49490,2025083101027684,NBL,Opal Securities Investment (PVT) Ltd.,Property Wiard Limited,500,251.0,125500.0,2025-08-31T12:58:55.069527
2025-08-31,48810,2025083101027943,NBL,Opal Securities Investment (PVT) Ltd.,J.F. Securites (PVT) Ltd.,150,251.0,37650.0,2025-08-31T13:00:54.260249
2025-08-31,47628,2025083101028398,NBL,Sharepro Securities Private Limited,J.F. Securites (PVT) Ltd.,150,251.0,37650.0,2025-08-31T13:04:25.848986
2025-08-31,45885,2025083101029039,NBL,Dipshikha Dhitopatra Karobar Co. Pvt Ltd.,Infinity Securities Limited,50,250.9,12545.0,2025-08-31T13:08:46.121106
2025-08-31,45766,2025083101029088,NBL,Sani Securities Company Ltd.,Infinity Securities Limited,350,250.7,87745.0,2025-08-31T13:09:06.179058
2025-08-31,45676,2025083101029120,NBL,Sani Securities Company Ltd.,K.B.L. Securities Limited ,38,250.7,9526.6,2025-08-31T13:09:23.702343
2025-08-31,45675,2025083101029121,NBL,Online Securities Pvt. Ltd.,K.B.L. Securities Limited ,10,250.7,2507.0,2025-08-31T13:09:23.702393
2025-08-31,45674,2025083101029122,NBL,MILKY WAY SHARE BROKER COMPANY LTD ,K.B.L. Securities Limited ,32,250.6,8019.2,2025-08-31T13:09:23.702431
2025-08-31,45621,2025083101029146,NBL,Market Securities & Exchange (PVT) Ltd.,Oxford Securities Pvt. Ltd.,30,251.5,7545.0,2025-08-31T13:09:37.606142
2025-08-31,45423,2025083101029217,NBL,Market Securities & Exchange (PVT) Ltd.,Oxford Securities Pvt. Ltd.,40,250.9,10036.0,2025-08-31T13:10:13.771313
2025-08-31,44933,2025083101029373,NBL,Agrawal Securities (PVT) Ltd.,Oxford Securities Pvt. Ltd.,10,250.9,2509.0,2025-08-31T13:11:55.682922
2025-08-31,44932,2025083101029374,NBL,Agrawal Securities (PVT) Ltd.,Oxford Securities Pvt. Ltd.,45,250.9,11290.5,2025-08-31T13:11:55.683438
2025-08-31,44248,2025083101029652,NBL,Sumeru Securities Pvt. Ltd.,Midas Stock Broking Company Private Limited,23,250.9,5770.7,2025-08-31T13:13:51.607788
2025-08-31,44029,2025083101029712,NBL,Trishakti Securities Public Limited,Midas Stock Broking Company Private Limited,93,250.9,23333.7,2025-08-31T13:14:35.694423
2025-08-31,43856,2025083101029763,NBL,Agrawal Securities (PVT) Ltd.,Bhrikuti Stock Broking Co. Pvt. Ltd.,500,251.4,125700.0,2025-08-31T13:15:10.158279
2025-08-31,43542,2025083101029883,NBL,Trishakti Securities Public Limited,Naasa Securities Co. Ltd.,97,250.8,24327.6,2025-08-31T13:16:15.496991
2025-08-31,43541,2025083101029884,NBL,Kohinoor Investment & Securities Pvt. Ltd.,Naasa Securities Co. Ltd.,40,250.7,10028.0,2025-08-31T13:16:15.497246
2025-08-31,43540,2025083101029885,NBL,Dipshikha Dhitopatra Karobar Co. Pvt Ltd.,Naasa Securities Co. Ltd.,200,250.7,50140.0,2025-08-31T13:16:15.497356
2025-08-31,43539,2025083101029886,NBL,MILKY WAY SHARE BROKER COMPANY LTD ,Naasa Securities Co. Ltd.,51,250.6,12780.6,2025-08-31T13:16:15.497517
2025-08-31,43342,2025083101029977,NBL,MILKY WAY SHARE BROKER COMPANY LTD ,N.M.B. SECURITIES LIMITED,880,250.6,220528.0,2025-08-31T13:16:54.32336
2025-08-31,43341,2025083101029978,NBL,Sani Securities Company Ltd.,N.M.B. SECURITIES LIMITED,50,250.6,12530.0,2025-08-31T13:16:54.323427
2025-08-31,43340,2025083101029979,NBL,Aryatara Investment & Securities,N.M.B. SECURITIES LIMITED,10,250.6,2506.0,2025-08-31T13:16:54.323452
2025-08-31,43339,2025083101029980,NBL,Sani Securities Company Ltd.,N.M.B. SECURITIES LIMITED,30,250.5,7515.0,2025-08-31T13:16:54.32348
2025-08-31,43338,2025083101029981,NBL,Capital Max Securities Ltd,N.M.B. SECURITIES LIMITED,60,250.5,15030.0,2025-08-31T13:16:54.323519
2025-08-31,43337,2025083101029982,NBL,Aryatara Investment & Securities,N.M.B. SECURITIES LIMITED,20,250.5,5010.0,2025-08-31T13:16:54.323546
2025-08-31,43336,2025083101029983,NBL,Thrive Brokerage House Pvt. Ltd,N.M.B. SECURITIES LIMITED,300,250.5,75150.0,2025-08-31T13:16:54.323591
2025-08-31,43335,2025083101029984,NBL,Nepal Stock House (PVT) Ltd.,N.M.B. SECURITIES LIMITED,100,250.5,25050.0,2025-08-31T13:16:54.323669
2025-08-31,43334,2025083101029985,NBL,Midas Stock Broking Company Private Limited,N.M.B. SECURITIES LIMITED,320,250.5,80160.0,2025-08-31T13:16:54.323701
2025-08-31,43333,2025083101029986,NBL,Imperial Securities Company Pvt. Ltd.,N.M.B. SECURITIES LIMITED,30,250.3,7509.0,2025-08-31T13:16:54.323724
2025-08-31,43145,2025083101030058,NBL,Aryatara Investment & Securities,Sani Securities Company Ltd.,40,250.5,10020.0,2025-08-31T13:17:25.038962
2025-08-31,42953,2025083101030114,NBL,Aryatara Investment & Securities,Sani Securities Company Ltd.,46,250.5,11523.0,2025-08-31T13:18:04.566502
2025-08-31,42927,2025083101030129,NBL,Aryatara Investment & Securities,Sani Securities Company Ltd.,10,250.5,2505.0,2025-08-31T13:18:10.633789
2025-08-31,42227,2025083101030396,NBL,Primo Securities (PVT) Ltd.,Arun Securities (PVT) Ltd.,58,251.0,14558.0,2025-08-31T13:20:32.709114
2025-08-31,41551,2025083101030621,NBL,Primo Securities (PVT) Ltd.,Siprabi Securities Pvt. Ltd.,10,251.0,2510.0,2025-08-31T13:22:49.589307
2025-08-31,40971,2025083101030882,NBL,Naasa Securities Co. Ltd.,Bhrikuti Stock Broking Co. Pvt. Ltd.,95,251.4,23883.0,2025-08-31T13:24:22.414651
2025-08-31,40935,2025083101030896,NBL,Primo Securities (PVT) Ltd.,Kohinoor Investment & Securities Pvt. Ltd.,32,251.0,8032.0,2025-08-31T13:24:29.067883
2025-08-31,40934,2025083101030897,NBL,Vision Securities Pvt. Ltd,Kohinoor Investment & Securities Pvt. Ltd.,10,251.0,2510.0,2025-08-31T13:24:29.068377
2025-08-31,40933,2025083101030898,NBL,Vision Securities Pvt. Ltd,Kohinoor Investment & Securities Pvt. Ltd.,200,250.5,50100.0,2025-08-31T13:24:29.068822
2025-08-31,40932,2025083101030899,NBL,BHOLE GANESH SECURITIES LTD,Kohinoor Investment & Securities Pvt. Ltd.,22,250.5,5511.0,2025-08-31T13:24:29.069182
2025-08-31,40931,2025083101030900,NBL,Imperial Securities Company Pvt. Ltd.,Kohinoor Investment & Securities Pvt. Ltd.,70,250.3,17521.0,2025-08-31T13:24:29.069502
2025-08-31,40930,2025083101030901,NBL,Trishakti Securities Public Limited,Kohinoor Investment & Securities Pvt. Ltd.,10,250.3,2503.0,2025-08-31T13:24:29.06982
2025-08-31,40929,2025083101030902,NBL,MILKY WAY SHARE BROKER COMPANY LTD ,Kohinoor Investment & Securities Pvt. Ltd.,241,250.2,60298.2,2025-08-31T13:24:29.07017
2025-08-31,39621,2025083101031409,NBL,Vision Securities Pvt. Ltd,Bhrikuti Stock Broking Co. Pvt. Ltd.,20,251.4,5028.0,2025-08-31T13:28:28.406066
2025-08-31,39565,2025083101031426,NBL,Market Securities & Exchange (PVT) Ltd.,Bhrikuti Stock Broking Co. Pvt. Ltd.,50,251.4,12570.0,2025-08-31T13:28:47.066635
2025-08-31,39466,2025083101031457,NBL,Thrive Brokerage House Pvt. Ltd,Bhrikuti Stock Broking Co. Pvt. Ltd.,30,251.4,7542.0,2025-08-31T13:29:13.25149
2025-08-31,38771,2025083101031722,NBL,Thrive Brokerage House Pvt. Ltd,Imperial Securities Company Pvt. Ltd.,200,251.3,50260.0,2025-08-31T13:31:52.813168
2025-08-31,38611,2025083101031809,NBL,Online Securities Pvt. Ltd.,KALASH STOCK MARKET PVT. LTD.,12,251.0,3012.0,2025-08-31T13:32:22.202168
2025-08-31,38610,2025083101031810,NBL,Linch Stock Market Ltd.,KALASH STOCK MARKET PVT. LTD.,38,251.0,9538.0,2025-08-31T13:32:22.20245
2025-08-31,38438,2025083101031872,NBL,Dipshikha Dhitopatra Karobar Co. Pvt Ltd.,Nepal Investment And Securities Trading Private Limited,10,251.3,2513.0,2025-08-31T13:33:03.26841
2025-08-31,38437,2025083101031873,NBL,Dipshikha Dhitopatra Karobar Co. Pvt Ltd.,Bhrikuti Stock Broking Co. Pvt. Ltd.,90,251.4,22626.0,2025-08-31T13:33:03.268942
2025-08-31,37971,2025083101032021,NBL,Linch Stock Market Ltd.,Naasa Securities Co. Ltd.,212,251.0,53212.0,2025-08-31T13:34:36.271183
2025-08-31,37970,2025083101032022,NBL,Nepal Stock House (PVT) Ltd.,Naasa Securities Co. Ltd.,198,251.0,49698.0,2025-08-31T13:34:36.271747
2025-08-31,37504,2025083101032192,NBL,Naasa Securities Co. Ltd.,MILKY WAY SHARE BROKER COMPANY LTD ,1,250.0,250.0,2025-08-31T13:36:19.300379
2025-08-31,36540,2025083101032585,NBL,Trishakti Securities Public Limited,Vision Securities Pvt. Ltd,150,250.6,37590.0,2025-08-31T13:39:23.158291
2025-08-31,36539,2025083101032586,NBL,Vision Securities Pvt. Ltd,Vision Securities Pvt. Ltd,90,250.6,22554.0,2025-08-31T13:39:23.158615
2025-08-31,36538,2025083101032587,NBL,Aryatara Investment & Securities,Vision Securities Pvt. Ltd,24,250.5,6012.0,2025-08-31T13:39:23.158747
2025-08-31,36537,2025083101032588,NBL,Online Securities Pvt. Ltd.,Vision Securities Pvt. Ltd,500,250.5,125250.0,2025-08-31T13:39:23.158869
2025-08-31,36536,2025083101032589,NBL,Siprabi Securities Pvt. Ltd.,Vision Securities Pvt. Ltd,236,250.5,59118.0,2025-08-31T13:39:23.158988
2025-08-31,35134,2025083101033116,NBL,Aryatara Investment & Securities,Nagarik Stock Dealer ,10,251.0,2510.0,2025-08-31T13:43:57.040476
2025-08-31,34937,2025083101033189,NBL,Agrawal Securities (PVT) Ltd.,Imperial Securities Company Pvt. Ltd.,20,250.6,5012.0,2025-08-31T13:44:49.702134
2025-08-31,34535,2025083101033334,NBL,Neev Securities Pvt. Ltd.,Nagarik Stock Dealer ,125,251.0,31375.0,2025-08-31T13:45:49.178377
2025-08-31,34485,2025083101033353,NBL,Siprabi Securities Pvt. Ltd.,Nagarik Stock Dealer ,50,251.0,12550.0,2025-08-31T13:45:58.948292
2025-08-31,33982,2025083101033515,NBL,Sri Hari Securities Pvt. Ltd.,Midas Stock Broking Company Private Limited,100,250.8,25080.0,2025-08-31T13:47:57.221514
2025-08-31,33685,2025083101033648,NBL,Siprabi Securities Pvt. Ltd.,Midas Stock Broking Company Private Limited,16,250.8,4012.8,2025-08-31T13:49:08.061161
2025-08-31,33103,2025083101033839,NBL,Siprabi Securities Pvt. Ltd.,Agrawal Securities (PVT) Ltd.,20,250.8,5016.0,2025-08-31T13:51:00.236575
2025-08-31,33063,2025083101033854,NBL,Siprabi Securities Pvt. Ltd.,Sani Securities Company Ltd.,14,250.8,3511.2,2025-08-31T13:51:14.279463
2025-08-31,33062,2025083101033855,NBL,Agrawal Securities (PVT) Ltd.,Sani Securities Company Ltd.,10,250.6,2506.0,2025-08-31T13:51:14.279983
2025-08-31,33061,2025083101033856,NBL,Siprabi Securities Pvt. Ltd.,Sani Securities Company Ltd.,16,250.5,4008.0,2025-08-31T13:51:14.28038
2025-08-31,32935,2025083101033920,NBL,Online Securities Pvt. Ltd.,Nagarik Stock Dealer ,10,251.0,2510.0,2025-08-31T13:51:43.841498
2025-08-31,32560,2025083101034103,NBL,Kalika Securities Pvt. Ltd.,Nagarik Stock Dealer ,21,251.0,5271.0,2025-08-31T13:53:05.039402
2025-08-31,31364,2025083101034543,NBL,Siprabi Securities Pvt. Ltd.,Dipshikha Dhitopatra Karobar Co. Pvt Ltd.,48,250.5,12024.0,2025-08-31T13:56:55.066672
2025-08-31,31363,2025083101034544,NBL,Pragyan Securities (PVT) Ltd.,Dipshikha Dhitopatra Karobar Co. Pvt Ltd.,86,250.5,21543.0,2025-08-31T13:56:55.067268
2025-08-31,31362,2025083101034545,NBL,Siprabi Securities Pvt. Ltd.,Dipshikha Dhitopatra Karobar Co. Pvt Ltd.,16,250.5,4008.0,2025-08-31T13:56:55.067661
2025-08-31,30785,2025083101034744,NBL,Bhrikuti Stock Broking Co. Pvt. Ltd.,Dynamic Money Managers Securities Pvt. Ltd.,10,250.4,2504.0,2025-08-31T13:58:44.982056
2025-08-31,30317,2025083101034868,NBL,Bhrikuti Stock Broking Co. Pvt. Ltd.,Primo Securities (PVT) Ltd.,190,250.4,47576.0,2025-08-31T14:00:01.427227
2025-08-31,30316,2025083101034869,NBL,Midas Stock Broking Company Private Limited,Primo Securities (PVT) Ltd.,400,250.4,100160.0,2025-08-31T14:00:01.427805
2025-08-31,29767,2025083101035189,NBL,Naasa Securities Co. Ltd.,Nagarik Stock Dealer ,20,251.0,5020.0,2025-08-31T14:01:33.113286
2025-08-31,29598,2025083101035258,NBL,Primo Securities (PVT) Ltd.,Linch Stock Market Ltd.,50,250.4,12520.0,2025-08-31T14:02:00.930841
2025-08-31,29333,2025083101035354,NBL,Miyo Securities Pvt Ltd,Nagarik Stock Dealer ,544,251.0,136544.0,2025-08-31T14:02:41.492141
2025-08-31,29332,2025083101035355,NBL,Miyo Securities Pvt Ltd,Creative Securities Pvt Ltd,100,251.0,25100.0,2025-08-31T14:02:41.492663
2025-08-31,29331,2025083101035356,NBL,Miyo Securities Pvt Ltd,Trishakti Securities Public Limited,19,251.0,4769.0,2025-08-31T14:02:41.493078
2025-08-31,28515,2025083101035881,NBL,Dakshinkali Investment & Securities Pvt. Ltd.,Sumeru Securities Pvt. Ltd.,15,251.0,3765.0,2025-08-31T14:04:01.55316
2025-08-31,28514,2025083101035882,NBL,Kumari Securities Private Limited,Sumeru Securities Pvt. Ltd.,100,251.0,25100.0,2025-08-31T14:04:01.553483
2025-08-31,28513,2025083101035883,NBL,Agrawal Securities (PVT) Ltd.,Sumeru Securities Pvt. Ltd.,10,251.0,2510.0,2025-08-31T14:04:01.553621
2025-08-31,28319,2025083101036022,NBL,Agrawal Securities (PVT) Ltd.,South Asian Bulls Pvt. Ltd.,90,251.0,22590.0,2025-08-31T14:04:21.216141
2025-08-31,28318,2025083101036023,NBL,Primo Securities (PVT) Ltd.,South Asian Bulls Pvt. Ltd.,105,250.4,26292.0,2025-08-31T14:04:21.216265
2025-08-31,28065,2025083101036108,NBL,Primo Securities (PVT) Ltd.,Nagarik Stock Dealer ,45,250.4,11268.0,2025-08-31T14:04:57.120045
2025-08-31,28064,2025083101036109,NBL,Naasa Securities Co. Ltd.,Nagarik Stock Dealer ,19,250.4,4757.6,2025-08-31T14:04:57.120624
2025-08-31,28063,2025083101036110,NBL,Bhrikuti Stock Broking Co. Pvt. Ltd.,Nagarik Stock Dealer ,33,250.4,8263.2,2025-08-31T14:04:57.121038
2025-08-31,27968,2025083101036141,NBL,Naasa Securities Co. Ltd.,Nagarik Stock Dealer ,406,250.5,101703.0,2025-08-31T14:05:12.164475
2025-08-31,27967,2025083101036142,NBL,Himalayan Brokerage Company Limited,Nagarik Stock Dealer ,194,250.3,48558.2,2025-08-31T14:05:12.165057
2025-08-31,27732,2025083101036224,NBL,Himalayan Brokerage Company Limited,Nagarik Stock Dealer ,406,250.3,101621.8,2025-08-31T14:05:59.30059
2025-08-31,27624,2025083101036271,NBL,MILKY WAY SHARE BROKER COMPANY LTD ,Sweta Securities Private Limited,99,250.2,24769.8,2025-08-31T14:06:26.561884
2025-08-31,27623,2025083101036272,NBL,Aryatara Investment & Securities,Sweta Securities Private Limited,1000,250.2,250200.0,2025-08-31T14:06:26.562213
2025-08-31,27622,2025083101036273,NBL,Online Securities Pvt. Ltd.,Sweta Securities Private Limited,100,250.2,25020.0,2025-08-31T14:06:26.56235
2025-08-31,27621,2025083101036274,NBL,Vision Securities Pvt. Ltd,Sweta Securities Private Limited,15,250.2,3753.0,2025-08-31T14:06:26.562483
2025-08-31,27620,2025083101036275,NBL,Elite Stock House Limited,Sweta Securities Private Limited,50,250.2,12510.0,2025-08-31T14:06:26.562619
2025-08-31,27619,2025083101036276,NBL,South Asian Bulls Pvt. Ltd.,Sweta Securities Private Limited,10,250.2,2502.0,2025-08-31T14:06:26.562743
2025-08-31,27618,2025083101036277,NBL,Online Securities Pvt. Ltd.,Sweta Securities Private Limited,50,250.2,12510.0,2025-08-31T14:06:26.562873
2025-08-31,27617,2025083101036278,NBL,Naasa Securities Co. Ltd.,Sweta Securities Private Limited,676,250.1,169067.6,2025-08-31T14:06:26.563
2025-08-31,27405,2025083101036394,NBL,Vision Securities Pvt. Ltd,Nagarik Stock Dealer ,100,250.3,25030.0,2025-08-31T14:06:46.46926
2025-08-31,27219,2025083101036443,NBL,Naasa Securities Co. Ltd.,Imperial Securities Company Pvt. Ltd.,24,250.1,6002.4,2025-08-31T14:07:14.093926
2025-08-31,27218,2025083101036444,NBL,Bhrikuti Stock Broking Co. Pvt. Ltd.,Imperial Securities Company Pvt. Ltd.,100,250.1,25010.0,2025-08-31T14:07:14.094367
2025-08-31,27217,2025083101036445,NBL,Trisul Securities & Invt. Ltd.,Imperial Securities Company Pvt. Ltd.,500,250.1,125050.0,2025-08-31T14:07:14.094551
2025-08-31,27216,2025083101036446,NBL,Aryatara Investment & Securities,Imperial Securities Company Pvt. Ltd.,200,250.1,50020.0,2025-08-31T14:07:14.094733
2025-08-31,27215,2025083101036447,NBL,ABC Securities Private Limited,Imperial Securities Company Pvt. Ltd.,100,250.1,25010.0,2025-08-31T14:07:14.094934
2025-08-31,27214,2025083101036448,NBL,Linch Stock Market Ltd.,Imperial Securities Company Pvt. Ltd.,1000,250.1,250100.0,2025-08-31T14:07:14.09513
2025-08-31,27213,2025083101036449,NBL,Online Securities Pvt. Ltd.,Imperial Securities Company Pvt. Ltd.,500,250.1,125050.0,2025-08-31T14:07:14.095273
2025-08-31,27212,2025083101036450,NBL,Thrive Brokerage House Pvt. Ltd,Imperial Securities Company Pvt. Ltd.,128,250.1,32012.8,2025-08-31T14:07:14.095397
2025-08-31,27211,2025083101036451,NBL,Sani Securities Company Ltd.,Imperial Securities Company Pvt. Ltd.,20,250.0,5000.0,2025-08-31T14:07:14.095537
2025-08-31,27210,2025083101036452,NBL,Investment Management Nepal Pvt. Ltd.,Imperial Securities Company Pvt. Ltd.,50,250.0,12500.0,2025-08-31T14:07:14.095689
2025-08-31,27209,2025083101036453,NBL,Investment Management Nepal Pvt. Ltd.,Imperial Securities Company Pvt. Ltd.,20,250.0,5000.0,2025-08-31T14:07:14.095817
2025-08-31,27208,2025083101036454,NBL,Creative Securities Pvt Ltd,Imperial Securities Company Pvt. Ltd.,100,250.0,25000.0,2025-08-31T14:07:14.095958
2025-08-31,27207,2025083101036455,NBL,Dipshikha Dhitopatra Karobar Co. Pvt Ltd.,Imperial Securities Company Pvt. Ltd.,400,250.0,100000.0,2025-08-31T14:07:14.096089
2025-08-31,27206,2025083101036456,NBL,ABC Securities Private Limited,Imperial Securities Company Pvt. Ltd.,140,250.0,35000.0,2025-08-31T14:07:14.096228
2025-08-31,27205,2025083101036457,NBL,Siprabi Securities Pvt. Ltd.,Imperial Securities Company Pvt. Ltd.,204,250.0,51000.0,2025-08-31T14:07:14.096362
2025-08-31,27204,2025083101036458,NBL,Thrive Brokerage House Pvt. Ltd,Imperial Securities Company Pvt. Ltd.,300,250.0,75000.0,2025-08-31T14:07:14.096512
2025-08-31,27203,2025083101036459,NBL,Vision Securities Pvt. Ltd,Imperial Securities Company Pvt. Ltd.,200,250.0,50000.0,2025-08-31T14:07:14.096636
2025-08-31,27202,2025083101036460,NBL,Linch Stock Market Ltd.,Imperial Securities Company Pvt. Ltd.,100,250.0,25000.0,2025-08-31T14:07:14.096764
2025-08-31,27201,2025083101036461,NBL,Imperial Securities Company Pvt. Ltd.,Imperial Securities Company Pvt. Ltd.,10,250.0,2500.0,2025-08-31T14:07:14.096886
2025-08-31,27200,2025083101036462,NBL,Shree Krishna Securities Ltd.,Imperial Securities Company Pvt. Ltd.,122,250.0,30500.0,2025-08-31T14:07:14.097012
2025-08-31,27199,2025083101036463,NBL,Opal Securities Investment (PVT) Ltd.,Imperial Securities Company Pvt. Ltd.,782,250.0,195500.0,2025-08-31T14:07:14.097135
2025-08-31,27091,2025083101036494,NBL,Opal Securities Investment (PVT) Ltd.,Nagarik Stock Dealer ,218,250.0,54500.0,2025-08-31T14:07:32.637064
2025-08-31,27090,2025083101036495,NBL,Sumeru Securities Pvt. Ltd.,Nagarik Stock Dealer ,129,250.0,32250.0,2025-08-31T14:07:32.637554
2025-08-31,26583,2025083101036653,NBL,Sumeru Securities Pvt. Ltd.,ABC Securities Private Limited,40,250.0,10000.0,2025-08-31T14:08:52.875387
2025-08-31,26519,2025083101036669,NBL,Sumeru Securities Pvt. Ltd.,Online Securities Pvt. Ltd.,200,250.0,50000.0,2025-08-31T14:08:59.711445
2025-08-31,23255,2025083101037943,NBL,ABC Securities Private Limited,Naasa Securities Co. Ltd.,10,250.9,2509.0,2025-08-31T14:17:57.808207
2025-08-31,22281,2025083101038278,NBL,Siprabi Securities Pvt. Ltd.,Miyo Securities Pvt Ltd,90,250.6,22554.0,2025-08-31T14:20:17.060712
2025-08-31,22198,2025083101038309,NBL,Siprabi Securities Pvt. Ltd.,South Asian Bulls Pvt. Ltd.,10,250.6,2506.0,2025-08-31T14:20:40.178666
2025-08-31,22197,2025083101038310,NBL,Kalika Securities Pvt. Ltd.,South Asian Bulls Pvt. Ltd.,300,250.5,75150.0,2025-08-31T14:20:40.178986
2025-08-31,22109,2025083101038330,NBL,Himalayan Brokerage Company Limited,Dipshikha Dhitopatra Karobar Co. Pvt Ltd.,250,250.2,62550.0,2025-08-31T14:20:53.07183
2025-08-31,21641,2025083101038488,NBL,Market Securities & Exchange (PVT) Ltd.,South Asian Bulls Pvt. Ltd.,30,250.5,7515.0,2025-08-31T14:22:26.010008
2025-08-31,21424,2025083101038605,NBL,Naasa Securities Co. Ltd.,Miyo Securities Pvt Ltd,10,250.6,2506.0,2025-08-31T14:22:51.209342
2025-08-31,21423,2025083101038606,NBL,Naasa Securities Co. Ltd.,Naasa Securities Co. Ltd.,10,250.9,2509.0,2025-08-31T14:22:51.209893
2025-08-31,20915,2025083101038733,NBL,Oxford Securities Pvt. Ltd.,Imperial Securities Company Pvt. Ltd.,6,249.0,1494.0,2025-08-31T14:24:09.827193
2025-08-31,20708,2025083101038784,NBL,Naasa Securities Co. Ltd.,Miyo Securities Pvt Ltd,250,250.7,62675.0,2025-08-31T14:24:38.044604
2025-08-31,20552,2025083101038835,NBL,Naasa Securities Co. Ltd.,Miyo Securities Pvt Ltd,150,250.7,37605.0,2025-08-31T14:25:11.164771
2025-08-31,20551,2025083101038836,NBL,Siprabi Securities Pvt. Ltd.,Miyo Securities Pvt Ltd,10,250.6,2506.0,2025-08-31T14:25:11.165362
2025-08-31,20550,2025083101038837,NBL,Malla & Malla Stock Broking Company Pvt. Limited,Miyo Securities Pvt Ltd,20,250.5,5010.0,2025-08-31T14:25:11.165739
2025-08-31,20549,2025083101038838,NBL,Himalayan Brokerage Company Limited,Miyo Securities Pvt Ltd,250,250.2,62550.0,2025-08-31T14:25:11.166112
2025-08-31,20548,2025083101038839,NBL,Capital Max Securities Ltd,Miyo Securities Pvt Ltd,500,250.1,125050.0,2025-08-31T14:25:11.166469
2025-08-31,20547,2025083101038840,NBL,Online Securities Pvt. Ltd.,Miyo Securities Pvt Ltd,40,250.1,10004.0,2025-08-31T14:25:11.166913
2025-08-31,20546,2025083101038841,NBL,Imperial Securities Company Pvt. Ltd.,Miyo Securities Pvt Ltd,510,250.1,127551.0,2025-08-31T14:25:11.16741
2025-08-31,19175,2025083101039279,NBL,Agrawal Securities (PVT) Ltd.,Shree Krishna Securities Ltd.,150,250.2,37530.0,2025-08-31T14:28:16.749297
2025-08-31,19174,2025083101039280,NBL,Imperial Securities Company Pvt. Ltd.,Shree Krishna Securities Ltd.,355,250.1,88785.5,2025-08-31T14:28:16.749853
2025-08-31,18772,2025083101039410,NBL,Agrawal Securities (PVT) Ltd.,Bhrikuti Stock Broking Co. Pvt. Ltd.,500,250.7,125350.0,2025-08-31T14:29:20.836267
2025-08-31,18411,2025083101039528,NBL,Market Securities & Exchange (PVT) Ltd.,Swarna Laxmi Securities Pvt. Ltd.,20,250.6,5012.0,2025-08-31T14:30:05.377224
2025-08-31,18286,2025083101039554,NBL,Vision Securities Pvt. Ltd,Imperial Securities Company Pvt. Ltd.,174,250.4,43569.6,2025-08-31T14:30:31.072897
2025-08-31,17928,2025083101039631,NBL,S.P.S.A. Securities Limited,Swarna Laxmi Securities Pvt. Ltd.,130,250.6,32578.0,2025-08-31T14:31:21.963834
2025-08-31,17888,2025083101039657,NBL,Vision Securities Pvt. Ltd,Bhrikuti Stock Broking Co. Pvt. Ltd.,715,250.4,179036.0,2025-08-31T14:31:25.377382
2025-08-31,17559,2025083101039775,NBL,Shree Krishna Securities Ltd.,Thrive Brokerage House Pvt. Ltd,30,250.6,7518.0,2025-08-31T14:32:04.774289
2025-08-31,17008,2025083101039961,NBL,Naasa Securities Co. Ltd.,Thrive Brokerage House Pvt. Ltd,70,250.6,17542.0,2025-08-31T14:33:08.45868
2025-08-31,16884,2025083101039990,NBL,Naasa Securities Co. Ltd.,Sundhara Securities Limited,111,250.6,27816.6,2025-08-31T14:33:25.19143
2025-08-31,16528,2025083101040089,NBL,Naasa Securities Co. Ltd.,Sundhara Securities Limited,92,250.6,23055.2,2025-08-31T14:34:09.42389
2025-08-31,16477,2025083101040100,NBL,N.I.M.B. Stock Markets Limited,Thrive Brokerage House Pvt. Ltd,23,250.8,5768.4,2025-08-31T14:34:15.953489
2025-08-31,16173,2025083101040237,NBL,Naasa Securities Co. Ltd.,Thrive Brokerage House Pvt. Ltd,77,250.8,19311.6,2025-08-31T14:35:01.177671
2025-08-31,15822,2025083101040389,NBL,Naasa Securities Co. Ltd.,South Asian Bulls Pvt. Ltd.,60,250.8,15048.0,2025-08-31T14:35:48.850061
2025-08-31,15718,2025083101040427,NBL,Imperial Securities Company Pvt. Ltd.,Midas Stock Broking Company Private Limited,1,250.0,250.0,2025-08-31T14:36:05.276689
2025-08-31,15422,2025083101040540,NBL,Naasa Securities Co. Ltd.,Naasa Securities Co. Ltd.,460,250.9,115414.0,2025-08-31T14:36:48.604693
2025-08-31,15421,2025083101040541,NBL,Naasa Securities Co. Ltd.,Nepal Investment And Securities Trading Private Limited,30,250.9,7527.0,2025-08-31T14:36:48.605039
2025-08-31,15165,2025083101040613,NBL,Ashutosh Brokerage & Securities (PVT) Ltd.,Nepal Investment And Securities Trading Private Limited,30,250.9,7527.0,2025-08-31T14:37:29.564877
2025-08-31,14897,2025083101040698,NBL,Sri Hari Securities Pvt. Ltd.,KALASH STOCK MARKET PVT. LTD.,10,250.8,2508.0,2025-08-31T14:38:09.225674
2025-08-31,14885,2025083101040699,NBL,Deevyaa Securities & Stock House Pvt. Ltd,KALASH STOCK MARKET PVT. LTD.,90,250.7,22563.0,2025-08-31T14:38:11.34086
2025-08-31,14884,2025083101040700,NBL,Deevyaa Securities & Stock House Pvt. Ltd,Nepal Investment And Securities Trading Private Limited,10,250.9,2509.0,2025-08-31T14:38:11.341474
2025-08-31,14325,2025083101040873,NBL,Naasa Securities Co. Ltd.,Nepal Investment And Securities Trading Private Limited,90,250.9,22581.0,2025-08-31T14:39:21.112514
2025-08-31,14062,2025083101040951,NBL,Dynamic Money Managers Securities Pvt. Ltd.,Deevyaa Securities & Stock House Pvt. Ltd,11,250.7,2757.7,2025-08-31T14:39:56.813219
2025-08-31,13786,2025083101041046,NBL,Bhrikuti Stock Broking Co. Pvt. Ltd.,Nepal Investment And Securities Trading Private Limited,120,250.9,30108.0,2025-08-31T14:40:33.598793
2025-08-31,12767,2025083101041406,NBL,Imperial Securities Company Pvt. Ltd.,Nepal Investment And Securities Trading Private Limited,70,250.9,17563.0,2025-08-31T14:42:34.010196
2025-08-31,12766,2025083101041407,NBL,Imperial Securities Company Pvt. Ltd.,Thrive Brokerage House Pvt. Ltd,100,250.9,25090.0,2025-08-31T14:42:34.010495
2025-08-31,12765,2025083101041408,NBL,Imperial Securities Company Pvt. Ltd.,Naasa Securities Co. Ltd.,171,251.0,42921.0,2025-08-31T14:42:34.010653
2025-08-31,12764,2025083101041409,NBL,Imperial Securities Company Pvt. Ltd.,N.I.M.B. Stock Markets Limited,500,251.0,125500.0,2025-08-31T14:42:34.010792
2025-08-31,12763,2025083101041410,NBL,Imperial Securities Company Pvt. Ltd.,Trisul Securities & Invt. Ltd.,408,251.0,102408.0,2025-08-31T14:42:34.01093
2025-08-31,12686,2025083101041447,NBL,Dynamic Money Managers Securities Pvt. Ltd.,Siprabi Securities Pvt. Ltd.,89,250.7,22312.3,2025-08-31T14:42:47.09436
2025-08-31,12685,2025083101041448,NBL,Imperial Securities Company Pvt. Ltd.,Siprabi Securities Pvt. Ltd.,311,250.7,77967.7,2025-08-31T14:42:47.094722
2025-08-31,12684,2025083101041449,NBL,Kohinoor Investment & Securities Pvt. Ltd.,Siprabi Securities Pvt. Ltd.,50,250.7,12535.0,2025-08-31T14:42:47.094856
2025-08-31,12538,2025083101041532,NBL,Sweta Securities Private Limited,Investment Management Nepal Pvt. Ltd.,925,250.8,231990.0,2025-08-31T14:43:04.793535
2025-08-31,12095,2025083101041710,NBL,J.F. Securites (PVT) Ltd.,Investment Management Nepal Pvt. Ltd.,100,250.8,25080.0,2025-08-31T14:44:02.848069
2025-08-31,11870,2025083101041782,NBL,Trishakti Securities Public Limited,Thrive Brokerage House Pvt. Ltd,500,250.7,125350.0,2025-08-31T14:44:29.713474
2025-08-31,11869,2025083101041783,NBL,Kumari Securities Private Limited,Thrive Brokerage House Pvt. Ltd,44,250.7,11030.8,2025-08-31T14:44:29.713781
2025-08-31,11829,2025083101041786,NBL,J.F. Securites (PVT) Ltd.,Thrive Brokerage House Pvt. Ltd,10,250.6,2506.0,2025-08-31T14:44:33.736267
2025-08-31,10739,2025083101042084,NBL,Miyo Securities Pvt Ltd,Investment Management Nepal Pvt. Ltd.,475,250.8,119130.0,2025-08-31T14:45:58.958523
2025-08-31,10738,2025083101042085,NBL,Miyo Securities Pvt Ltd,Sumeru Securities Pvt. Ltd.,500,250.8,125400.0,2025-08-31T14:45:58.958833
2025-08-31,10737,2025083101042086,NBL,Miyo Securities Pvt Ltd,Trisul Securities & Invt. Ltd.,25,251.0,6275.0,2025-08-31T14:45:58.958964
2025-08-31,10609,2025083101042119,NBL,J.F. Securites (PVT) Ltd.,Imperial Securities Company Pvt. Ltd.,58,250.6,14534.8,2025-08-31T14:46:12.151443
2025-08-31,10262,2025083101042261,NBL,Sani Securities Company Ltd.,Trisul Securities & Invt. Ltd.,317,251.0,79567.0,2025-08-31T14:46:55.188624
2025-08-31,10261,2025083101042262,NBL,Sani Securities Company Ltd.,KALASH STOCK MARKET PVT. LTD.,15,251.0,3765.0,2025-08-31T14:46:55.189224
2025-08-31,9891,2025083101042394,NBL,Sani Securities Company Ltd.,Sumeru Securities Pvt. Ltd.,464,251.0,116464.0,2025-08-31T14:47:42.900345
2025-08-31,9246,2025083101042616,NBL,Vision Securities Pvt. Ltd,Sumeru Securities Pvt. Ltd.,111,251.0,27861.0,2025-08-31T14:48:58.649351
2025-08-31,9229,2025083101042630,NBL,Capital Max Securities Ltd,Sumeru Securities Pvt. Ltd.,1000,251.0,251000.0,2025-08-31T14:49:00.647095
2025-08-31,9177,2025083101042647,NBL,Primo Securities (PVT) Ltd.,Shree Krishna Securities Ltd.,20,250.8,5016.0,2025-08-31T14:49:06.120257
2025-08-31,9176,2025083101042648,NBL,Aryatara Investment & Securities,Shree Krishna Securities Ltd.,30,250.7,7521.0,2025-08-31T14:49:06.120576
2025-08-31,9175,2025083101042649,NBL,Aryatara Investment & Securities,Shree Krishna Securities Ltd.,531,250.5,133015.5,2025-08-31T14:49:06.120722
2025-08-31,8474,2025083101042942,NBL,Nepal Stock House (PVT) Ltd.,Sumeru Securities Pvt. Ltd.,100,251.0,25100.0,2025-08-31T14:50:16.832451
2025-08-31,7046,2025083101043420,NBL,Asian Securities Private Ltd.,Secured Securities Ltd.,50,250.8,12540.0,2025-08-31T14:52:31.277219
2025-08-31,7005,2025083101043444,NBL,Aryatara Investment & Securities,Kohinoor Investment & Securities Pvt. Ltd.,969,250.5,242734.5,2025-08-31T14:52:36.899764
2025-08-31,7004,2025083101043445,NBL,Trisul Securities & Invt. Ltd.,Kohinoor Investment & Securities Pvt. Ltd.,500,250.5,125250.0,2025-08-31T14:52:36.90006
2025-08-31,7003,2025083101043446,NBL,Online Securities Pvt. Ltd.,Kohinoor Investment & Securities Pvt. Ltd.,500,250.5,125250.0,2025-08-31T14:52:36.900202
2025-08-31,7002,2025083101043447,NBL,Vision Securities Pvt. Ltd,Kohinoor Investment & Securities Pvt. Ltd.,100,250.5,25050.0,2025-08-31T14:52:36.900345
2025-08-31,7001,2025083101043448,NBL,Naasa Securities Co. Ltd.,Kohinoor Investment & Securities Pvt. Ltd.,600,250.2,150120.0,2025-08-31T14:52:36.900496
2025-08-31,7000,2025083101043449,NBL,Kalika Securities Pvt. Ltd.,Kohinoor Investment & Securities Pvt. Ltd.,500,250.2,125100.0,2025-08-31T14:52:36.900639
2025-08-31,6999,2025083101043450,NBL,Agrawal Securities (PVT) Ltd.,Kohinoor Investment & Securities Pvt. Ltd.,500,250.1,125050.0,2025-08-31T14:52:36.900763
2025-08-31,6998,2025083101043451,NBL,Capital Max Securities Ltd,Kohinoor Investment & Securities Pvt. Ltd.,500,250.1,125050.0,2025-08-31T14:52:36.900912
2025-08-31,6997,2025083101043452,NBL,Linch Stock Market Ltd.,Kohinoor Investment & Securities Pvt. Ltd.,200,250.1,50020.0,2025-08-31T14:52:36.901045
2025-08-31,6996,2025083101043453,NBL,Sumeru Securities Pvt. Ltd.,Kohinoor Investment & Securities Pvt. Ltd.,831,250.0,207750.0,2025-08-31T14:52:36.901176
2025-08-31,6995,2025083101043454,NBL,Dynamic Money Managers Securities Pvt. Ltd.,Kohinoor Investment & Securities Pvt. Ltd.,500,250.0,125000.0,2025-08-31T14:52:36.90132
2025-08-31,6994,2025083101043455,NBL,Naasa Securities Co. Ltd.,Kohinoor Investment & Securities Pvt. Ltd.,10,250.0,2500.0,2025-08-31T14:52:36.901502
2025-08-31,6993,2025083101043456,NBL,Secured Securities Ltd.,Kohinoor Investment & Securities Pvt. Ltd.,770,250.0,192500.0,2025-08-31T14:52:36.901622
2025-08-31,6992,2025083101043457,NBL,Asian Securities Private Ltd.,Kohinoor Investment & Securities Pvt. Ltd.,520,250.0,130000.0,2025-08-31T14:52:36.901783
2025-08-31,6637,2025083101043580,NBL,Asian Securities Private Ltd.,KALASH STOCK MARKET PVT. LTD.,50,250.0,12500.0,2025-08-31T14:53:08.347876
2025-08-31,6500,2025083101043626,NBL,Asian Securities Private Ltd.,Secured Securities Ltd.,180,250.0,45000.0,2025-08-31T14:53:22.80734
2025-08-31,6499,2025083101043627,NBL,Aryatara Investment & Securities,Secured Securities Ltd.,50,250.0,12500.0,2025-08-31T14:53:22.807608
2025-08-31,6498,2025083101043628,NBL,Market Securities & Exchange (PVT) Ltd.,Secured Securities Ltd.,30,250.0,7500.0,2025-08-31T14:53:22.807736
2025-08-31,6497,2025083101043629,NBL,Online Securities Pvt. Ltd.,Secured Securities Ltd.,70,250.0,17500.0,2025-08-31T14:53:22.807854
2025-08-31,6119,2025083101043742,NBL,Pragyan Securities (PVT) Ltd.,Secured Securities Ltd.,10,250.8,2508.0,2025-08-31T14:53:57.370931
2025-08-31,5968,2025083101043778,NBL,Pragyan Securities (PVT) Ltd.,Agrawal Securities (PVT) Ltd.,20,250.8,5016.0,2025-08-31T14:54:12.57312
2025-08-31,5584,2025083101043901,NBL,Opal Securities Investment (PVT) Ltd.,Imperial Securities Company Pvt. Ltd.,10,250.9,2509.0,2025-08-31T14:54:50.317337
2025-08-31,5276,2025083101044000,NBL,Agrawal Securities (PVT) Ltd.,Imperial Securities Company Pvt. Ltd.,100,250.9,25090.0,2025-08-31T14:55:19.307429
2025-08-31,4929,2025083101044103,NBL,Pragyan Securities (PVT) Ltd.,Sri Hari Securities Pvt. Ltd.,370,250.8,92796.0,2025-08-31T14:55:46.266052
2025-08-31,4928,2025083101044104,NBL,Aryatara Investment & Securities,Sri Hari Securities Pvt. Ltd.,320,250.1,80032.0,2025-08-31T14:55:46.266156
2025-08-31,4927,2025083101044105,NBL,Naasa Securities Co. Ltd.,Sri Hari Securities Pvt. Ltd.,500,250.1,125050.0,2025-08-31T14:55:46.266209
2025-08-31,4926,2025083101044106,NBL,Online Securities Pvt. Ltd.,Sri Hari Securities Pvt. Ltd.,10,250.0,2500.0,2025-08-31T14:55:46.266235
2025-08-31,4925,2025083101044107,NBL,J.F. Securites (PVT) Ltd.,Sri Hari Securities Pvt. Ltd.,50,250.0,12500.0,2025-08-31T14:55:46.26626
2025-08-31,4924,2025083101044108,NBL,Nepal Stock House (PVT) Ltd.,Sri Hari Securities Pvt. Ltd.,20,250.0,5000.0,2025-08-31T14:55:46.266282
2025-08-31,4923,2025083101044109,NBL,Deevyaa Securities & Stock House Pvt. Ltd,Sri Hari Securities Pvt. Ltd.,500,250.0,125000.0,2025-08-31T14:55:46.266306
2025-08-31,4922,2025083101044110,NBL,Naasa Securities Co. Ltd.,Sri Hari Securities Pvt. Ltd.,10,250.0,2500.0,2025-08-31T14:55:46.266331
2025-08-31,4921,2025083101044111,NBL,Ashutosh Brokerage & Securities (PVT) Ltd.,Sri Hari Securities Pvt. Ltd.,220,250.0,55000.0,2025-08-31T14:55:46.266354
2025-08-31,3559,2025083101044716,NBL,Sani Securities Company Ltd.,Secured Securities Ltd.,100,250.1,25010.0,2025-08-31T14:57:09.387252
2025-08-31,3558,2025083101044717,NBL,Opal Securities Investment (PVT) Ltd.,Secured Securities Ltd.,10,250.1,2501.0,2025-08-31T14:57:09.387761
2025-08-31,3557,2025083101044718,NBL,Ashutosh Brokerage & Securities (PVT) Ltd.,Secured Securities Ltd.,780,250.0,195000.0,2025-08-31T14:57:09.388118
2025-08-31,3556,2025083101044719,NBL,Naasa Securities Co. Ltd.,Secured Securities Ltd.,94,250.0,23500.0,2025-08-31T14:57:09.388534
2025-08-31,3555,2025083101044720,NBL,Linch Stock Market Ltd.,Secured Securities Ltd.,100,250.0,25000.0,2025-08-31T14:57:09.389
2025-08-31,3554,2025083101044721,NBL,Kohinoor Investment & Securities Pvt. Ltd.,Secured Securities Ltd.,500,250.0,125000.0,2025-08-31T14:57:09.389367
2025-08-31,3553,2025083101044722,NBL,Arun Securities (PVT) Ltd.,Secured Securities Ltd.,200,250.0,50000.0,2025-08-31T14:57:09.389703
2025-08-31,3552,2025083101044723,NBL,Premier Securities Company Ltd.,Secured Securities Ltd.,416,250.0,104000.0,2025-08-31T14:57:09.390153
2025-08-31,2657,2025083101044999,NBL,Opal Securities Investment (PVT) Ltd.,Nepal Stock House (PVT) Ltd.,14,250.1,3501.4,2025-08-31T14:58:02.163933
2025-08-31,2656,2025083101045000,NBL,Himalayan Brokerage Company Limited,Nepal Stock House (PVT) Ltd.,300,250.1,75030.0,2025-08-31T14:58:02.164173
2025-08-31,2407,2025083101045076,NBL,Vision Securities Pvt. Ltd,Nepal Stock House (PVT) Ltd.,50,250.1,12505.0,2025-08-31T14:58:17.463831
2025-08-31,2380,2025083101045085,NBL,Premier Securities Company Ltd.,KALASH STOCK MARKET PVT. LTD.,50,250.0,12500.0,2025-08-31T14:58:19.528656
2025-08-31,2327,2025083101045108,NBL,Asian Securities Private Ltd.,Nepal Stock House (PVT) Ltd.,136,250.1,34013.6,2025-08-31T14:58:22.845828
2025-08-31,2075,2025083101045209,NBL,Asian Securities Private Ltd.,Sundhara Securities Limited,114,250.1,28511.4,2025-08-31T14:58:34.639132
2025-08-31,2074,2025083101045210,NBL,Naasa Securities Co. Ltd.,Sundhara Securities Limited,136,250.1,34013.6,2025-08-31T14:58:34.639604
2025-08-31,1480,2025083101045367,NBL,Naasa Securities Co. Ltd.,Sani Securities Company Ltd.,164,250.1,41016.4,2025-08-31T14:59:09.84465
2025-08-31,1479,2025083101045368,NBL,Naasa Securities Co. Ltd.,Sani Securities Company Ltd.,247,250.1,61774.7,2025-08-31T14:59:09.844922
2025-08-31,1331,2025083101045422,NBL,Naasa Securities Co. Ltd.,Oxford Securities Pvt. Ltd.,100,250.8,25080.0,2025-08-31T14:59:15.045511
2025-08-31,769,2025083101045563,NBL,Sani Securities Company Ltd.,Oxford Securities Pvt. Ltd.,50,250.8,12540.0,2025-08-31T14:59:32.303475
2025-08-31,593,2025083101045604,NBL,Sani Securities Company Ltd.,Oxford Securities Pvt. Ltd.,20,250.8,5016.0,2025-08-31T14:59:40.456117
2025-08-31,114,2025083101045733,NBL,Premier Securities Company Ltd.,Cristal Kanchanjanga Securites Pvt. Ltd.,500,250.8,125400.0,2025-08-31T14:59:57.427209
