Date,S.N.,contract_id,symbol,buyer_broker,seller_broker,volume,price,amount,transaction_time
2025-08-31,96347,2025083105000061,NIFRA,KALASH STOCK MARKET PVT. LTD.,Naasa Securities Co. Ltd.,54,278.6,15044.4,2025-08-31T11:01:01.184064
2025-08-31,96080,2025083105000089,NIFRA,KALASH STOCK MARKET PVT. LTD.,Oxford Securities Pvt. Ltd.,54,278.6,15044.4,2025-08-31T11:01:22.251567
2025-08-31,95568,2025083105000133,NIFRA,South Asian Bulls Pvt. Ltd.,Vision Securities Pvt. Ltd,40,280.5,11220.0,2025-08-31T11:01:52.588703
2025-08-31,95042,2025083105000210,NIFRA,Online Securities Pvt. Ltd.,Naasa Securities Co. Ltd.,20,281.0,5620.0,2025-08-31T11:02:40.389615
2025-08-31,94621,2025083105000301,NIFRA,Imperial Securities Company Pvt. Ltd.,Opal Securities Investment (PVT) Ltd.,54,279.1,15071.4,2025-08-31T11:03:32.687329
2025-08-31,93338,2025083105000444,NIFRA,Imperial Securities Company Pvt. Ltd.,Dakshinkali Investment & Securities Pvt. Ltd.,16,279.1,4465.6,2025-08-31T11:05:20.390662
2025-08-31,93337,2025083105000445,NIFRA,Aryatara Investment & Securities,Dakshinkali Investment & Securities Pvt. Ltd.,150,279.1,41865.0,2025-08-31T11:05:20.390745
2025-08-31,93336,2025083105000446,NIFRA,Bhrikuti Stock Broking Co. Pvt. Ltd.,Dakshinkali Investment & Securities Pvt. Ltd.,200,279.0,55800.0,2025-08-31T11:05:20.390786
2025-08-31,92968,2025083105000523,NIFRA,Naasa Securities Co. Ltd.,Dakshinkali Investment & Securities Pvt. Ltd.,54,279.0,15066.0,2025-08-31T11:06:03.696333
2025-08-31,92602,2025083105000579,NIFRA,Nabil Stock Dealer Ltd.,Dakshinkali Investment & Securities Pvt. Ltd.,128,279.8,35814.4,2025-08-31T11:06:42.365055
2025-08-31,92601,2025083105000580,NIFRA,Nabil Stock Dealer Ltd.,Aryatara Investment & Securities,30,279.9,8397.0,2025-08-31T11:06:42.365148
2025-08-31,92600,2025083105000581,NIFRA,Nabil Stock Dealer Ltd.,Vision Securities Pvt. Ltd,54,280.0,15120.0,2025-08-31T11:06:42.365211
2025-08-31,92599,2025083105000582,NIFRA,Nabil Stock Dealer Ltd.,Midas Stock Broking Company Private Limited,54,280.0,15120.0,2025-08-31T11:06:42.365254
2025-08-31,92598,2025083105000583,NIFRA,Nabil Stock Dealer Ltd.,Secured Securities Ltd.,734,280.0,205520.0,2025-08-31T11:06:42.365291
2025-08-31,92401,2025083105000613,NIFRA,Naasa Securities Co. Ltd.,Online Securities Pvt. Ltd.,96,279.0,26784.0,2025-08-31T11:07:06.114301
2025-08-31,92400,2025083105000614,NIFRA,Imperial Securities Company Pvt. Ltd.,Online Securities Pvt. Ltd.,54,279.0,15066.0,2025-08-31T11:07:06.114467
2025-08-31,92351,2025083105000616,NIFRA,Imperial Securities Company Pvt. Ltd.,Property Wiard Limited,10,279.0,2790.0,2025-08-31T11:07:12.190797
2025-08-31,92344,2025083105000617,NIFRA,Vision Securities Pvt. Ltd,Secured Securities Ltd.,375,280.0,105000.0,2025-08-31T11:07:13.199998
2025-08-31,92200,2025083105000677,NIFRA,Online Securities Pvt. Ltd.,Secured Securities Ltd.,357,280.0,99960.0,2025-08-31T11:07:34.485989
2025-08-31,91425,2025083105000795,NIFRA,Imperial Securities Company Pvt. Ltd.,Dipshikha Dhitopatra Karobar Co. Pvt Ltd.,10,279.1,2791.0,2025-08-31T11:08:43.433578
2025-08-31,91424,2025083105000796,NIFRA,Imperial Securities Company Pvt. Ltd.,Dipshikha Dhitopatra Karobar Co. Pvt Ltd.,36,279.0,10044.0,2025-08-31T11:08:43.433616
2025-08-31,91241,2025083105000823,NIFRA,Capital Max Securities Ltd,Himalayan Securities Limited,32,279.3,8937.6,2025-08-31T11:09:00.27836
2025-08-31,90989,2025083105000871,NIFRA,Capital Max Securities Ltd,Naasa Securities Co. Ltd.,18,279.3,5027.4,2025-08-31T11:09:27.327653
2025-08-31,90988,2025083105000872,NIFRA,Nepal Stock House (PVT) Ltd.,Naasa Securities Co. Ltd.,12,279.0,3348.0,2025-08-31T11:09:27.327768
2025-08-31,90568,2025083105000922,NIFRA,Nepal Stock House (PVT) Ltd.,Imperial Securities Company Pvt. Ltd.,54,279.0,15066.0,2025-08-31T11:10:12.931088
2025-08-31,89794,2025083105001042,NIFRA,Dakshinkali Investment & Securities Pvt. Ltd.,Secured Securities Ltd.,500,280.0,140000.0,2025-08-31T11:11:33.201829
2025-08-31,89792,2025083105001043,NIFRA,Nepal Stock House (PVT) Ltd.,Aryatara Investment & Securities,10,279.0,2790.0,2025-08-31T11:11:33.731438
2025-08-31,89380,2025083105001107,NIFRA,Sharepro Securities Private Limited,Sani Securities Company Ltd.,54,279.2,15076.8,2025-08-31T11:12:19.907099
2025-08-31,88984,2025083105001169,NIFRA,Kohinoor Investment & Securities Pvt. Ltd.,Sani Securities Company Ltd.,6,284.0,1704.0,2025-08-31T11:12:58.415921
2025-08-31,88670,2025083105001197,NIFRA,Ashutosh Brokerage & Securities (PVT) Ltd.,Thrive Brokerage House Pvt. Ltd,54,279.3,15082.2,2025-08-31T11:13:18.528876
2025-08-31,88395,2025083105001237,NIFRA,Vision Securities Pvt. Ltd,Secured Securities Ltd.,125,280.0,35000.0,2025-08-31T11:13:47.029758
2025-08-31,88231,2025083105001253,NIFRA,Aryatara Investment & Securities,Secured Securities Ltd.,177,280.0,49560.0,2025-08-31T11:14:03.18117
2025-08-31,88178,2025083105001262,NIFRA,Oxford Securities Pvt. Ltd.,Naasa Securities Co. Ltd.,64,279.5,17888.0,2025-08-31T11:14:08.894884
2025-08-31,88166,2025083105001263,NIFRA,Linch Stock Market Ltd.,Secured Securities Ltd.,200,280.0,56000.0,2025-08-31T11:14:10.820852
2025-08-31,87886,2025083105001304,NIFRA,Imperial Securities Company Pvt. Ltd.,Secured Securities Ltd.,532,280.0,148960.0,2025-08-31T11:14:44.376665
2025-08-31,87885,2025083105001305,NIFRA,Imperial Securities Company Pvt. Ltd.,Kohinoor Investment & Securities Pvt. Ltd.,54,280.0,15120.0,2025-08-31T11:14:44.376787
2025-08-31,87884,2025083105001306,NIFRA,Imperial Securities Company Pvt. Ltd.,MILKY WAY SHARE BROKER COMPANY LTD ,914,280.0,255920.0,2025-08-31T11:14:44.376852
2025-08-31,87662,2025083105001331,NIFRA,Sani Securities Company Ltd.,Deevyaa Securities & Stock House Pvt. Ltd,10,279.6,2796.0,2025-08-31T11:15:02.729052
2025-08-31,87558,2025083105001339,NIFRA,Oxford Securities Pvt. Ltd.,MILKY WAY SHARE BROKER COMPANY LTD ,81,280.0,22680.0,2025-08-31T11:15:09.298561
2025-08-31,87557,2025083105001340,NIFRA,Oxford Securities Pvt. Ltd.,Midas Stock Broking Company Private Limited,54,280.0,15120.0,2025-08-31T11:15:09.298703
2025-08-31,87406,2025083105001348,NIFRA,Investment Management Nepal Pvt. Ltd.,Trisul Securities & Invt. Ltd.,54,279.7,15103.8,2025-08-31T11:15:20.746762
2025-08-31,87322,2025083105001364,NIFRA,Asian Securities Private Ltd.,Secured Securities Ltd.,204,280.0,57120.0,2025-08-31T11:15:28.735139
2025-08-31,87321,2025083105001365,NIFRA,Asian Securities Private Ltd.,Malla & Malla Stock Broking Company Pvt. Limited,50,280.0,14000.0,2025-08-31T11:15:28.735268
2025-08-31,87320,2025083105001366,NIFRA,Asian Securities Private Ltd.,Siprabi Securities Pvt. Ltd.,54,280.0,15120.0,2025-08-31T11:15:28.735343
2025-08-31,87319,2025083105001367,NIFRA,Asian Securities Private Ltd.,Kohinoor Investment & Securities Pvt. Ltd.,100,280.0,28000.0,2025-08-31T11:15:28.735391
2025-08-31,87318,2025083105001368,NIFRA,Asian Securities Private Ltd.,Midas Stock Broking Company Private Limited,64,280.0,17920.0,2025-08-31T11:15:28.735438
2025-08-31,87303,2025083105001370,NIFRA,Asian Securities Private Ltd.,Vision Securities Pvt. Ltd,12,280.0,3360.0,2025-08-31T11:15:30.898082
2025-08-31,86922,2025083105001421,NIFRA,Dynamic Money Managers Securities Pvt. Ltd.,Arun Securities (PVT) Ltd.,18,280.0,5040.0,2025-08-31T11:16:07.997758
2025-08-31,86921,2025083105001422,NIFRA,Investment Management Nepal Pvt. Ltd.,Arun Securities (PVT) Ltd.,36,279.7,10069.2,2025-08-31T11:16:07.997886
2025-08-31,86831,2025083105001432,NIFRA,Sundhara Securities Limited,Bhrikuti Stock Broking Co. Pvt. Ltd.,10,280.0,2800.0,2025-08-31T11:16:16.75496
2025-08-31,86824,2025083105001436,NIFRA,Oxford Securities Pvt. Ltd.,Bhrikuti Stock Broking Co. Pvt. Ltd.,44,280.0,12320.0,2025-08-31T11:16:18.045454
2025-08-31,85874,2025083105001581,NIFRA,Naasa Securities Co. Ltd.,Bhrikuti Stock Broking Co. Pvt. Ltd.,43,280.0,12040.0,2025-08-31T11:18:05.806961
2025-08-31,85305,2025083105001691,NIFRA,Naasa Securities Co. Ltd.,SHUBHAKAMANA SECURITIES PVT. LTD,20,280.0,5600.0,2025-08-31T11:19:15.546141
2025-08-31,85034,2025083105001719,NIFRA,Naasa Securities Co. Ltd.,J.F. Securites (PVT) Ltd.,19,280.0,5320.0,2025-08-31T11:19:44.594174
2025-08-31,85033,2025083105001720,NIFRA,Oxford Securities Pvt. Ltd.,J.F. Securites (PVT) Ltd.,27,280.0,7560.0,2025-08-31T11:19:44.594221
2025-08-31,85032,2025083105001721,NIFRA,Bhrikuti Stock Broking Co. Pvt. Ltd.,J.F. Securites (PVT) Ltd.,1000,280.0,280000.0,2025-08-31T11:19:44.59425
2025-08-31,85031,2025083105001722,NIFRA,Online Securities Pvt. Ltd.,J.F. Securites (PVT) Ltd.,34,279.9,9516.6,2025-08-31T11:19:44.59429
2025-08-31,84802,2025083105001738,NIFRA,Online Securities Pvt. Ltd.,SUN SECURITIES PVT LTD,64,279.9,17913.6,2025-08-31T11:19:58.724136
2025-08-31,84035,2025083105001884,NIFRA,Investment Management Nepal Pvt. Ltd.,Dipshikha Dhitopatra Karobar Co. Pvt Ltd.,200,279.7,55940.0,2025-08-31T11:21:21.231091
2025-08-31,83822,2025083105001927,NIFRA,Investment Management Nepal Pvt. Ltd.,Trisul Securities & Invt. Ltd.,500,279.7,139850.0,2025-08-31T11:21:46.266823
2025-08-31,83211,2025083105002034,NIFRA,Online Securities Pvt. Ltd.,Primo Securities (PVT) Ltd.,2,279.9,559.8,2025-08-31T11:22:41.402079
2025-08-31,82713,2025083105002127,NIFRA,Sweta Securities Private Limited,Sweta Securities Private Limited,3,274.4,823.2,2025-08-31T11:23:42.581028
2025-08-31,82473,2025083105002164,NIFRA,MILKY WAY SHARE BROKER COMPANY LTD ,Aryatara Investment & Securities,10,279.9,2799.0,2025-08-31T11:24:16.361572
2025-08-31,82407,2025083105002177,NIFRA,Trishakti Securities Public Limited,Dipshikha Dhitopatra Karobar Co. Pvt Ltd.,4,275.0,1100.0,2025-08-31T11:24:22.803738
2025-08-31,82235,2025083105002225,NIFRA,Midas Stock Broking Company Private Limited,Sani Securities Company Ltd.,16,280.0,4480.0,2025-08-31T11:24:47.979942
2025-08-31,82142,2025083105002247,NIFRA,Investment Management Nepal Pvt. Ltd.,J.F. Securites (PVT) Ltd.,54,279.7,15103.8,2025-08-31T11:24:55.140262
2025-08-31,82135,2025083105002251,NIFRA,Investment Management Nepal Pvt. Ltd.,Ashutosh Brokerage & Securities (PVT) Ltd.,600,279.7,167820.0,2025-08-31T11:24:56.376201
2025-08-31,81482,2025083105002387,NIFRA,Investment Management Nepal Pvt. Ltd.,Sundhara Securities Limited,56,279.7,15663.2,2025-08-31T11:26:04.837652
2025-08-31,81481,2025083105002388,NIFRA,Sani Securities Company Ltd.,Sundhara Securities Limited,414,279.6,115754.4,2025-08-31T11:26:04.837804
2025-08-31,81396,2025083105002412,NIFRA,Sani Securities Company Ltd.,Thrive Brokerage House Pvt. Ltd,54,279.6,15098.4,2025-08-31T11:26:15.530467
2025-08-31,81069,2025083105002501,NIFRA,Sani Securities Company Ltd.,Trisul Securities & Invt. Ltd.,22,279.6,6151.2,2025-08-31T11:26:52.469208
2025-08-31,81068,2025083105002502,NIFRA,Bhrikuti Stock Broking Co. Pvt. Ltd.,Trisul Securities & Invt. Ltd.,32,279.5,8944.0,2025-08-31T11:26:52.469395
2025-08-31,80075,2025083105002677,NIFRA,SHUBHAKAMANA SECURITIES PVT. LTD,Nepal Stock House (PVT) Ltd.,10,279.6,2796.0,2025-08-31T11:28:55.093282
2025-08-31,80074,2025083105002678,NIFRA,SHUBHAKAMANA SECURITIES PVT. LTD,Nepal Stock House (PVT) Ltd.,10,279.6,2796.0,2025-08-31T11:28:55.093614
2025-08-31,79750,2025083105002758,NIFRA,Naasa Securities Co. Ltd.,Sani Securities Company Ltd.,64,279.8,17907.2,2025-08-31T11:29:41.63777
2025-08-31,79443,2025083105002802,NIFRA,Naasa Securities Co. Ltd.,Linch Stock Market Ltd.,36,279.8,10072.8,2025-08-31T11:30:14.290739
2025-08-31,79442,2025083105002803,NIFRA,Bhrikuti Stock Broking Co. Pvt. Ltd.,Linch Stock Market Ltd.,468,279.5,130806.0,2025-08-31T11:30:14.290948
2025-08-31,79441,2025083105002804,NIFRA,Naasa Securities Co. Ltd.,Linch Stock Market Ltd.,200,279.5,55900.0,2025-08-31T11:30:14.291013
2025-08-31,79440,2025083105002805,NIFRA,Ashutosh Brokerage & Securities (PVT) Ltd.,Linch Stock Market Ltd.,446,279.3,124567.8,2025-08-31T11:30:14.291091
2025-08-31,79439,2025083105002806,NIFRA,Asian Securities Private Ltd.,Linch Stock Market Ltd.,1516,279.3,423418.8,2025-08-31T11:30:14.291156
2025-08-31,79438,2025083105002807,NIFRA,Sharepro Securities Private Limited,Linch Stock Market Ltd.,3853,279.2,1075757.6,2025-08-31T11:30:14.291219
2025-08-31,79369,2025083105002818,NIFRA,Neev Securities Pvt. Ltd.,Sani Securities Company Ltd.,100,280.0,28000.0,2025-08-31T11:30:24.249413
2025-08-31,78977,2025083105002906,NIFRA,Nepal Stock House (PVT) Ltd.,Sani Securities Company Ltd.,11,280.0,3080.0,2025-08-31T11:31:17.067347
2025-08-31,78976,2025083105002907,NIFRA,Nepal Stock House (PVT) Ltd.,Aryatara Investment & Securities,30,280.0,8400.0,2025-08-31T11:31:17.06774
2025-08-31,78975,2025083105002908,NIFRA,Nepal Stock House (PVT) Ltd.,Asian Securities Private Ltd.,264,280.0,73920.0,2025-08-31T11:31:17.067968
2025-08-31,78974,2025083105002909,NIFRA,Nepal Stock House (PVT) Ltd.,Bhrikuti Stock Broking Co. Pvt. Ltd.,119,280.0,33320.0,2025-08-31T11:31:17.068154
2025-08-31,78905,2025083105002921,NIFRA,Naasa Securities Co. Ltd.,Bhrikuti Stock Broking Co. Pvt. Ltd.,15,280.0,4200.0,2025-08-31T11:31:23.946477
2025-08-31,78652,2025083105002988,NIFRA,Sharepro Securities Private Limited,Aryatara Investment & Securities,54,279.2,15076.8,2025-08-31T11:32:04.816156
2025-08-31,78162,2025083105003072,NIFRA,Sharepro Securities Private Limited,Sagarmatha Securities Private Limited,64,279.2,17868.8,2025-08-31T11:33:06.122058
2025-08-31,78138,2025083105003080,NIFRA,Sharepro Securities Private Limited,J.F. Securites (PVT) Ltd.,54,279.2,15076.8,2025-08-31T11:33:10.571705
2025-08-31,78109,2025083105003094,NIFRA,Sharepro Securities Private Limited,Dipshikha Dhitopatra Karobar Co. Pvt Ltd.,54,279.2,15076.8,2025-08-31T11:33:12.705481
2025-08-31,77937,2025083105003136,NIFRA,Sharepro Securities Private Limited,Deevyaa Securities & Stock House Pvt. Ltd,54,279.2,15076.8,2025-08-31T11:33:38.69132
2025-08-31,77891,2025083105003151,NIFRA,Cristal Kanchanjanga Securites Pvt. Ltd.,Bhrikuti Stock Broking Co. Pvt. Ltd.,578,280.0,161840.0,2025-08-31T11:33:45.719359
2025-08-31,77890,2025083105003152,NIFRA,Cristal Kanchanjanga Securites Pvt. Ltd.,Sri Hari Securities Pvt. Ltd.,54,280.0,15120.0,2025-08-31T11:33:45.719561
2025-08-31,77889,2025083105003153,NIFRA,Cristal Kanchanjanga Securites Pvt. Ltd.,Aryatara Investment & Securities,14,280.0,3920.0,2025-08-31T11:33:45.719913
2025-08-31,77888,2025083105003154,NIFRA,Cristal Kanchanjanga Securites Pvt. Ltd.,Naasa Securities Co. Ltd.,32,280.0,8960.0,2025-08-31T11:33:45.720114
2025-08-31,77887,2025083105003155,NIFRA,Cristal Kanchanjanga Securites Pvt. Ltd.,ABC Securities Private Limited,108,280.0,30240.0,2025-08-31T11:33:45.72031
2025-08-31,77886,2025083105003156,NIFRA,Cristal Kanchanjanga Securites Pvt. Ltd.,Miyo Securities Pvt Ltd,64,280.0,17920.0,2025-08-31T11:33:45.720522
2025-08-31,77885,2025083105003157,NIFRA,Cristal Kanchanjanga Securites Pvt. Ltd.,Trademow Securities Private Limited,150,280.0,42000.0,2025-08-31T11:33:45.720721
2025-08-31,77846,2025083105003167,NIFRA,Sharepro Securities Private Limited,Nepal Stock House (PVT) Ltd.,65,279.2,18148.0,2025-08-31T11:33:51.31246
2025-08-31,77461,2025083105003237,NIFRA,Primo Securities (PVT) Ltd.,Secured Securities Ltd.,54,279.3,15082.2,2025-08-31T11:34:46.815088
2025-08-31,77289,2025083105003256,NIFRA,Primo Securities (PVT) Ltd.,Deevyaa Securities & Stock House Pvt. Ltd,46,279.3,12847.8,2025-08-31T11:35:04.156519
2025-08-31,77288,2025083105003257,NIFRA,Sharepro Securities Private Limited,Deevyaa Securities & Stock House Pvt. Ltd,18,279.2,5025.6,2025-08-31T11:35:04.15658
2025-08-31,77198,2025083105003282,NIFRA,Sharepro Securities Private Limited,Ashutosh Brokerage & Securities (PVT) Ltd.,97,279.2,27082.4,2025-08-31T11:35:14.310794
2025-08-31,77163,2025083105003302,NIFRA,Sharepro Securities Private Limited,Kumari Securities Private Limited,400,279.2,111680.0,2025-08-31T11:35:19.711402
2025-08-31,76940,2025083105003368,NIFRA,Sharepro Securities Private Limited,ABC Securities Private Limited,54,279.2,15076.8,2025-08-31T11:35:44.19691
2025-08-31,76427,2025083105003467,NIFRA,Trishakti Securities Public Limited,Sundhara Securities Limited,4,274.0,1096.0,2025-08-31T11:36:43.589055
2025-08-31,76356,2025083105003489,NIFRA,Sharepro Securities Private Limited,Agrawal Securities (PVT) Ltd.,64,279.2,17868.8,2025-08-31T11:36:58.164114
2025-08-31,76242,2025083105003512,NIFRA,Sharepro Securities Private Limited,Trademow Securities Private Limited,115,279.2,32108.0,2025-08-31T11:37:14.321359
2025-08-31,76241,2025083105003513,NIFRA,Online Securities Pvt. Ltd.,Trademow Securities Private Limited,200,279.2,55840.0,2025-08-31T11:37:14.321563
2025-08-31,76240,2025083105003514,NIFRA,Imperial Securities Company Pvt. Ltd.,Trademow Securities Private Limited,50,279.0,13950.0,2025-08-31T11:37:14.321636
2025-08-31,76239,2025083105003515,NIFRA,Online Securities Pvt. Ltd.,Trademow Securities Private Limited,55,279.0,15345.0,2025-08-31T11:37:14.321698
2025-08-31,76238,2025083105003516,NIFRA,Nepal Investment And Securities Trading Private Limited,Trademow Securities Private Limited,231,279.0,64449.0,2025-08-31T11:37:14.321765
2025-08-31,76237,2025083105003517,NIFRA,Dipshikha Dhitopatra Karobar Co. Pvt Ltd.,Trademow Securities Private Limited,500,279.0,139500.0,2025-08-31T11:37:14.32183
2025-08-31,76236,2025083105003518,NIFRA,Creative Securities Pvt Ltd,Trademow Securities Private Limited,100,279.0,27900.0,2025-08-31T11:37:14.321896
2025-08-31,76235,2025083105003519,NIFRA,Malla & Malla Stock Broking Company Pvt. Limited,Trademow Securities Private Limited,370,279.0,103230.0,2025-08-31T11:37:14.32196
2025-08-31,76234,2025083105003520,NIFRA,Online Securities Pvt. Ltd.,Trademow Securities Private Limited,150,279.0,41850.0,2025-08-31T11:37:14.322029
2025-08-31,75898,2025083105003574,NIFRA,Trishakti Securities Public Limited,Malla & Malla Stock Broking Company Pvt. Limited,2,273.7,547.4,2025-08-31T11:37:58.17848
2025-08-31,75678,2025083105003624,NIFRA,Premier Securities Company Ltd.,Vision Securities Pvt. Ltd,10,278.6,2786.0,2025-08-31T11:38:25.029884
2025-08-31,75667,2025083105003626,NIFRA,Asian Securities Private Ltd.,Bhrikuti Stock Broking Co. Pvt. Ltd.,54,278.3,15028.2,2025-08-31T11:38:27.888597
2025-08-31,75569,2025083105003656,NIFRA,Asian Securities Private Ltd.,Bhrikuti Stock Broking Co. Pvt. Ltd.,54,278.3,15028.2,2025-08-31T11:38:47.98114
2025-08-31,75458,2025083105003683,NIFRA,Trishakti Securities Public Limited,Neev Securities Pvt. Ltd.,2,274.0,548.0,2025-08-31T11:39:09.529513
2025-08-31,75381,2025083105003708,NIFRA,Sweta Securities Private Limited,Vision Securities Pvt. Ltd,50,278.6,13930.0,2025-08-31T11:39:21.482435
2025-08-31,74725,2025083105003840,NIFRA,Asian Securities Private Ltd.,Aryatara Investment & Securities,156,278.4,43430.4,2025-08-31T11:40:50.709669
2025-08-31,74723,2025083105003841,NIFRA,Asian Securities Private Ltd.,Kalika Securities Pvt. Ltd.,54,278.4,15033.6,2025-08-31T11:40:51.137163
2025-08-31,74689,2025083105003850,NIFRA,Trishakti Securities Public Limited,Sundhara Securities Limited,4,275.0,1100.0,2025-08-31T11:40:58.282604
2025-08-31,74618,2025083105003862,NIFRA,Asian Securities Private Ltd.,ABC Securities Private Limited,30,278.4,8352.0,2025-08-31T11:41:11.338114
2025-08-31,74156,2025083105003952,NIFRA,Asian Securities Private Ltd.,Imperial Securities Company Pvt. Ltd.,64,278.4,17817.6,2025-08-31T11:42:08.474994
2025-08-31,73908,2025083105004001,NIFRA,Asian Securities Private Ltd.,Naasa Securities Co. Ltd.,54,278.4,15033.6,2025-08-31T11:42:39.23039
2025-08-31,73337,2025083105004138,NIFRA,Asian Securities Private Ltd.,KALASH STOCK MARKET PVT. LTD.,92,278.4,25612.8,2025-08-31T11:44:02.146555
2025-08-31,73336,2025083105004139,NIFRA,Linch Stock Market Ltd.,KALASH STOCK MARKET PVT. LTD.,50,278.4,13920.0,2025-08-31T11:44:02.146952
2025-08-31,73335,2025083105004140,NIFRA,Investment Management Nepal Pvt. Ltd.,KALASH STOCK MARKET PVT. LTD.,858,278.2,238695.6,2025-08-31T11:44:02.147213
2025-08-31,73154,2025083105004191,NIFRA,Investment Management Nepal Pvt. Ltd.,Deevyaa Securities & Stock House Pvt. Ltd,54,278.2,15022.8,2025-08-31T11:44:36.439694
2025-08-31,73048,2025083105004233,NIFRA,Investment Management Nepal Pvt. Ltd.,Linch Stock Market Ltd.,10,278.2,2782.0,2025-08-31T11:44:47.160046
2025-08-31,72875,2025083105004293,NIFRA,Investment Management Nepal Pvt. Ltd.,J.F. Securites (PVT) Ltd.,54,278.2,15022.8,2025-08-31T11:45:21.233083
2025-08-31,72743,2025083105004343,NIFRA,Investment Management Nepal Pvt. Ltd.,Neev Securities Pvt. Ltd.,54,278.2,15022.8,2025-08-31T11:45:43.639488
2025-08-31,72654,2025083105004363,NIFRA,Investment Management Nepal Pvt. Ltd.,Naasa Securities Co. Ltd.,54,278.4,15033.6,2025-08-31T11:45:57.493486
2025-08-31,72653,2025083105004364,NIFRA,Investment Management Nepal Pvt. Ltd.,Sani Securities Company Ltd.,200,278.4,55680.0,2025-08-31T11:45:57.493727
2025-08-31,72647,2025083105004368,NIFRA,Investment Management Nepal Pvt. Ltd.,Nepal Investment And Securities Trading Private Limited,54,278.4,15033.6,2025-08-31T11:45:59.335495
2025-08-31,72639,2025083105004372,NIFRA,Investment Management Nepal Pvt. Ltd.,Creative Securities Pvt Ltd,64,278.4,17817.6,2025-08-31T11:46:00.838726
2025-08-31,72634,2025083105004374,NIFRA,Investment Management Nepal Pvt. Ltd.,Sweta Securities Private Limited,43,278.4,11971.2,2025-08-31T11:46:02.286949
2025-08-31,72571,2025083105004392,NIFRA,Investment Management Nepal Pvt. Ltd.,Imperial Securities Company Pvt. Ltd.,55,278.4,15312.0,2025-08-31T11:46:16.769433
2025-08-31,72473,2025083105004415,NIFRA,Oxford Securities Pvt. Ltd.,Trishakti Securities Public Limited,50,278.3,13915.0,2025-08-31T11:46:35.267099
2025-08-31,72390,2025083105004435,NIFRA,Market Securities & Exchange (PVT) Ltd.,Trademow Securities Private Limited,20,279.0,5580.0,2025-08-31T11:46:45.177678
2025-08-31,72213,2025083105004496,NIFRA,Oxford Securities Pvt. Ltd.,Neev Securities Pvt. Ltd.,54,278.3,15028.2,2025-08-31T11:47:20.114868
2025-08-31,72186,2025083105004504,NIFRA,Naasa Securities Co. Ltd.,Trademow Securities Private Limited,15,279.0,4185.0,2025-08-31T11:47:28.031424
2025-08-31,71995,2025083105004553,NIFRA,Trishakti Securities Public Limited,Imperial Securities Company Pvt. Ltd.,1,275.0,275.0,2025-08-31T11:47:51.934093
2025-08-31,71753,2025083105004615,NIFRA,Sani Securities Company Ltd.,Neev Securities Pvt. Ltd.,64,278.4,17817.6,2025-08-31T11:48:34.630393
2025-08-31,71576,2025083105004669,NIFRA,Sani Securities Company Ltd.,Cristal Kanchanjanga Securites Pvt. Ltd.,53,278.4,14755.2,2025-08-31T11:49:10.613448
2025-08-31,71565,2025083105004673,NIFRA,Naasa Securities Co. Ltd.,Trademow Securities Private Limited,18,279.0,5022.0,2025-08-31T11:49:12.265115
2025-08-31,71070,2025083105004826,NIFRA,ABC Securities Private Limited,Cristal Kanchanjanga Securites Pvt. Ltd.,20,278.5,5570.0,2025-08-31T11:50:40.958425
2025-08-31,71069,2025083105004827,NIFRA,Naasa Securities Co. Ltd.,Cristal Kanchanjanga Securites Pvt. Ltd.,34,278.5,9469.0,2025-08-31T11:50:40.958493
2025-08-31,70865,2025083105004931,NIFRA,Naasa Securities Co. Ltd.,Naasa Securities Co. Ltd.,66,278.5,18381.0,2025-08-31T11:51:04.329464
2025-08-31,70409,2025083105004996,NIFRA,Cristal Kanchanjanga Securites Pvt. Ltd.,Naasa Securities Co. Ltd.,354,278.5,98589.0,2025-08-31T11:51:45.237278
2025-08-31,70269,2025083105005019,NIFRA,Sani Securities Company Ltd.,Miyo Securities Pvt Ltd,30,278.4,8352.0,2025-08-31T11:52:08.755175
2025-08-31,69954,2025083105005089,NIFRA,Naasa Securities Co. Ltd.,Trademow Securities Private Limited,462,279.0,128898.0,2025-08-31T11:53:05.866219
2025-08-31,69953,2025083105005090,NIFRA,Naasa Securities Co. Ltd.,Neev Securities Pvt. Ltd.,50,279.0,13950.0,2025-08-31T11:53:05.866651
2025-08-31,69952,2025083105005091,NIFRA,Naasa Securities Co. Ltd.,Miyo Securities Pvt Ltd,44,279.2,12284.8,2025-08-31T11:53:05.866914
2025-08-31,69951,2025083105005092,NIFRA,Naasa Securities Co. Ltd.,Naasa Securities Co. Ltd.,10,279.5,2795.0,2025-08-31T11:53:05.867185
2025-08-31,69950,2025083105005093,NIFRA,Naasa Securities Co. Ltd.,Naasa Securities Co. Ltd.,10,279.8,2798.0,2025-08-31T11:53:05.867462
2025-08-31,69949,2025083105005094,NIFRA,Naasa Securities Co. Ltd.,Online Securities Pvt. Ltd.,350,279.8,97930.0,2025-08-31T11:53:05.867731
2025-08-31,69948,2025083105005095,NIFRA,Naasa Securities Co. Ltd.,Primo Securities (PVT) Ltd.,74,279.9,20712.6,2025-08-31T11:53:05.867994
2025-08-31,69751,2025083105005153,NIFRA,Dakshinkali Investment & Securities Pvt. Ltd.,Trisul Securities & Invt. Ltd.,64,278.5,17824.0,2025-08-31T11:53:49.356453
2025-08-31,69668,2025083105005181,NIFRA,Dakshinkali Investment & Securities Pvt. Ltd.,Online Securities Pvt. Ltd.,54,278.5,15039.0,2025-08-31T11:54:04.934992
2025-08-31,69543,2025083105005192,NIFRA,Kalika Securities Pvt. Ltd.,Imperial Securities Company Pvt. Ltd.,5,274.0,1370.0,2025-08-31T11:54:10.511199
2025-08-31,69439,2025083105005217,NIFRA,Dakshinkali Investment & Securities Pvt. Ltd.,Premier Securities Company Ltd.,54,278.5,15039.0,2025-08-31T11:54:26.596349
2025-08-31,69322,2025083105005247,NIFRA,Online Securities Pvt. Ltd.,Naasa Securities Co. Ltd.,64,279.9,17913.6,2025-08-31T11:54:51.061669
2025-08-31,69321,2025083105005248,NIFRA,Online Securities Pvt. Ltd.,Imperial Securities Company Pvt. Ltd.,10,280.0,2800.0,2025-08-31T11:54:51.06189
2025-08-31,69320,2025083105005249,NIFRA,Online Securities Pvt. Ltd.,Naasa Securities Co. Ltd.,21,280.0,5880.0,2025-08-31T11:54:51.061978
2025-08-31,69319,2025083105005250,NIFRA,Online Securities Pvt. Ltd.,Premier Securities Company Ltd.,43,280.0,12040.0,2025-08-31T11:54:51.062063
2025-08-31,69271,2025083105005263,NIFRA,Dakshinkali Investment & Securities Pvt. Ltd.,South Asian Bulls Pvt. Ltd.,64,278.5,17824.0,2025-08-31T11:54:58.880801
2025-08-31,69079,2025083105005301,NIFRA,Dakshinkali Investment & Securities Pvt. Ltd.,Naasa Securities Co. Ltd.,64,278.5,17824.0,2025-08-31T11:55:31.519278
2025-08-31,69078,2025083105005302,NIFRA,ABC Securities Private Limited,Naasa Securities Co. Ltd.,10,278.5,2785.0,2025-08-31T11:55:31.519702
2025-08-31,69077,2025083105005303,NIFRA,Cristal Kanchanjanga Securites Pvt. Ltd.,Naasa Securities Co. Ltd.,106,278.5,29521.0,2025-08-31T11:55:31.519963
2025-08-31,68813,2025083105005387,NIFRA,ABC Securities Private Limited,Midas Stock Broking Company Private Limited,54,278.6,15044.4,2025-08-31T11:56:19.255188
2025-08-31,68404,2025083105005490,NIFRA,South Asian Bulls Pvt. Ltd.,Siprabi Securities Pvt. Ltd.,30,279.0,8370.0,2025-08-31T11:57:12.36156
2025-08-31,68000,2025083105005613,NIFRA,Secured Securities Ltd.,Siprabi Securities Pvt. Ltd.,132,279.0,36828.0,2025-08-31T11:58:09.064558
2025-08-31,67999,2025083105005614,NIFRA,Secured Securities Ltd.,Secured Securities Ltd.,1000,279.0,279000.0,2025-08-31T11:58:09.065013
2025-08-31,67980,2025083105005623,NIFRA,Secured Securities Ltd.,Dynamic Money Managers Securities Pvt. Ltd.,88,279.0,24552.0,2025-08-31T11:58:12.335713
2025-08-31,67640,2025083105005752,NIFRA,Secured Securities Ltd.,Agrawal Securities (PVT) Ltd.,54,279.0,15066.0,2025-08-31T11:59:17.016281
2025-08-31,67618,2025083105005761,NIFRA,Secured Securities Ltd.,Dynamic Money Managers Securities Pvt. Ltd.,33,279.0,9207.0,2025-08-31T11:59:22.735362
2025-08-31,67385,2025083105005814,NIFRA,Secured Securities Ltd.,Dynamic Money Managers Securities Pvt. Ltd.,10,279.0,2790.0,2025-08-31T11:59:57.18735
2025-08-31,67192,2025083105005865,NIFRA,Secured Securities Ltd.,Kohinoor Investment & Securities Pvt. Ltd.,18,279.0,5022.0,2025-08-31T12:00:26.390023
2025-08-31,67050,2025083105005889,NIFRA,Secured Securities Ltd.,Nepal Stock House (PVT) Ltd.,14,279.0,3906.0,2025-08-31T12:00:38.665355
2025-08-31,66965,2025083105005895,NIFRA,Online Securities Pvt. Ltd.,Premier Securities Company Ltd.,362,280.0,101360.0,2025-08-31T12:00:45.897708
2025-08-31,66964,2025083105005896,NIFRA,Online Securities Pvt. Ltd.,Naasa Securities Co. Ltd.,38,280.0,10640.0,2025-08-31T12:00:45.898155
2025-08-31,66837,2025083105005925,NIFRA,Secured Securities Ltd.,Dynamic Money Managers Securities Pvt. Ltd.,59,279.0,16461.0,2025-08-31T12:00:59.155972
2025-08-31,66342,2025083105006027,NIFRA,Sundhara Securities Limited,Dynamic Money Managers Securities Pvt. Ltd.,29,279.2,8096.8,2025-08-31T12:02:02.800159
2025-08-31,65965,2025083105006166,NIFRA,Sundhara Securities Limited,Asian Securities Private Ltd.,64,279.2,17868.8,2025-08-31T12:02:57.476254
2025-08-31,65705,2025083105006264,NIFRA,Sundhara Securities Limited,Sani Securities Company Ltd.,30,279.3,8379.0,2025-08-31T12:03:40.924747
2025-08-31,65704,2025083105006265,NIFRA,Sani Securities Company Ltd.,Sani Securities Company Ltd.,200,279.2,55840.0,2025-08-31T12:03:40.925213
2025-08-31,65703,2025083105006266,NIFRA,Online Securities Pvt. Ltd.,Sani Securities Company Ltd.,250,279.2,69800.0,2025-08-31T12:03:40.925547
2025-08-31,65604,2025083105006291,NIFRA,Secured Securities Ltd.,Sani Securities Company Ltd.,220,279.2,61424.0,2025-08-31T12:03:56.43138
2025-08-31,65603,2025083105006292,NIFRA,Secured Securities Ltd.,Naasa Securities Co. Ltd.,20,280.0,5600.0,2025-08-31T12:03:56.43159
2025-08-31,65602,2025083105006293,NIFRA,Secured Securities Ltd.,Naasa Securities Co. Ltd.,50,280.0,14000.0,2025-08-31T12:03:56.431686
2025-08-31,65601,2025083105006294,NIFRA,Secured Securities Ltd.,Kohinoor Investment & Securities Pvt. Ltd.,101,280.0,28280.0,2025-08-31T12:03:56.43178
2025-08-31,65600,2025083105006295,NIFRA,Secured Securities Ltd.,Neev Securities Pvt. Ltd.,100,280.0,28000.0,2025-08-31T12:03:56.431885
2025-08-31,65599,2025083105006296,NIFRA,Secured Securities Ltd.,Online Securities Pvt. Ltd.,100,280.0,28000.0,2025-08-31T12:03:56.431988
2025-08-31,65598,2025083105006297,NIFRA,Secured Securities Ltd.,Premier Securities Company Ltd.,54,280.0,15120.0,2025-08-31T12:03:56.432105
2025-08-31,65597,2025083105006298,NIFRA,Secured Securities Ltd.,Naasa Securities Co. Ltd.,54,280.0,15120.0,2025-08-31T12:03:56.432196
2025-08-31,65505,2025083105006318,NIFRA,Secured Securities Ltd.,Neev Securities Pvt. Ltd.,50,280.0,14000.0,2025-08-31T12:04:11.575985
2025-08-31,65483,2025083105006328,NIFRA,Capital Max Securities Ltd,Naasa Securities Co. Ltd.,10,280.5,2805.0,2025-08-31T12:04:15.327438
2025-08-31,65482,2025083105006329,NIFRA,Capital Max Securities Ltd,Naasa Securities Co. Ltd.,10,280.5,2805.0,2025-08-31T12:04:15.327871
2025-08-31,65066,2025083105006411,NIFRA,Secured Securities Ltd.,Online Securities Pvt. Ltd.,76,280.0,21280.0,2025-08-31T12:05:19.222112
2025-08-31,65065,2025083105006412,NIFRA,Imperial Securities Company Pvt. Ltd.,Online Securities Pvt. Ltd.,10,280.0,2800.0,2025-08-31T12:05:19.222387
2025-08-31,65064,2025083105006413,NIFRA,Secured Securities Ltd.,Online Securities Pvt. Ltd.,186,279.0,51894.0,2025-08-31T12:05:19.22249
2025-08-31,64403,2025083105006598,NIFRA,Sundhara Securities Limited,Naasa Securities Co. Ltd.,30,279.2,8376.0,2025-08-31T12:07:07.279067
2025-08-31,64402,2025083105006599,NIFRA,ABC Securities Private Limited,Naasa Securities Co. Ltd.,24,279.1,6698.4,2025-08-31T12:07:07.279583
2025-08-31,63936,2025083105006704,NIFRA,ABC Securities Private Limited,Secured Securities Ltd.,976,279.1,272401.6,2025-08-31T12:08:37.819393
2025-08-31,63935,2025083105006705,NIFRA,Secured Securities Ltd.,Secured Securities Ltd.,24,279.0,6696.0,2025-08-31T12:08:37.819705
2025-08-31,63746,2025083105006747,NIFRA,Miyo Securities Pvt Ltd,Vision Securities Pvt. Ltd,10,280.0,2800.0,2025-08-31T12:09:13.957097
2025-08-31,63612,2025083105006779,NIFRA,Capital Max Securities Ltd,Premier Securities Company Ltd.,19,279.1,5302.9,2025-08-31T12:09:44.849273
2025-08-31,63611,2025083105006780,NIFRA,Secured Securities Ltd.,Premier Securities Company Ltd.,35,279.0,9765.0,2025-08-31T12:09:44.849523
2025-08-31,63534,2025083105006793,NIFRA,Secured Securities Ltd.,Midas Stock Broking Company Private Limited,54,279.0,15066.0,2025-08-31T12:10:04.600768
2025-08-31,63365,2025083105006830,NIFRA,Secured Securities Ltd.,Online Securities Pvt. Ltd.,64,279.0,17856.0,2025-08-31T12:10:40.154613
2025-08-31,62991,2025083105006968,NIFRA,Secured Securities Ltd.,Neev Securities Pvt. Ltd.,100,279.0,27900.0,2025-08-31T12:11:51.100655
2025-08-31,62745,2025083105007054,NIFRA,Cristal Kanchanjanga Securites Pvt. Ltd.,Arun Securities (PVT) Ltd.,8,275.0,2200.0,2025-08-31T12:12:39.468258
2025-08-31,62565,2025083105007088,NIFRA,Market Securities & Exchange (PVT) Ltd.,Naasa Securities Co. Ltd.,10,279.1,2791.0,2025-08-31T12:13:23.555686
2025-08-31,61843,2025083105007290,NIFRA,Market Securities & Exchange (PVT) Ltd.,Shree Krishna Securities Ltd.,20,279.1,5582.0,2025-08-31T12:16:10.992337
2025-08-31,61777,2025083105007319,NIFRA,Market Securities & Exchange (PVT) Ltd.,Kohinoor Investment & Securities Pvt. Ltd.,64,279.1,17862.4,2025-08-31T12:16:32.316444
2025-08-31,61755,2025083105007330,NIFRA,Sundhara Securities Limited,Dipshikha Dhitopatra Karobar Co. Pvt Ltd.,250,279.1,69775.0,2025-08-31T12:16:36.085921
2025-08-31,61607,2025083105007375,NIFRA,Sundhara Securities Limited,Vision Securities Pvt. Ltd,185,279.1,51633.5,2025-08-31T12:17:10.91485
2025-08-31,61402,2025083105007451,NIFRA,Sundhara Securities Limited,Secured Securities Ltd.,54,279.1,15071.4,2025-08-31T12:18:04.80345
2025-08-31,61274,2025083105007488,NIFRA,Sundhara Securities Limited,Sri Hari Securities Pvt. Ltd.,11,279.1,3070.1,2025-08-31T12:18:34.229824
2025-08-31,61273,2025083105007489,NIFRA,Naasa Securities Co. Ltd.,Sri Hari Securities Pvt. Ltd.,32,279.1,8931.2,2025-08-31T12:18:34.230073
2025-08-31,61125,2025083105007535,NIFRA,Naasa Securities Co. Ltd.,Linch Stock Market Ltd.,50,279.1,13955.0,2025-08-31T12:19:10.435102
2025-08-31,60886,2025083105007643,NIFRA,Naasa Securities Co. Ltd.,Nepal Investment And Securities Trading Private Limited,64,279.1,17862.4,2025-08-31T12:20:08.442221
2025-08-31,60714,2025083105007687,NIFRA,Naasa Securities Co. Ltd.,Bhrikuti Stock Broking Co. Pvt. Ltd.,54,279.1,15071.4,2025-08-31T12:20:54.517579
2025-08-31,60409,2025083105007771,NIFRA,Cristal Kanchanjanga Securites Pvt. Ltd.,Sani Securities Company Ltd.,2,278.0,556.0,2025-08-31T12:21:58.830359
2025-08-31,60389,2025083105007782,NIFRA,Premier Securities Company Ltd.,Vision Securities Pvt. Ltd,10,280.0,2800.0,2025-08-31T12:22:03.68097
2025-08-31,60177,2025083105007829,NIFRA,Naasa Securities Co. Ltd.,Kalika Securities Pvt. Ltd.,25,279.1,6977.5,2025-08-31T12:22:43.029493
2025-08-31,60176,2025083105007830,NIFRA,Kumari Securities Private Limited,Kalika Securities Pvt. Ltd.,39,279.1,10884.9,2025-08-31T12:22:43.029984
2025-08-31,60010,2025083105007881,NIFRA,Vision Securities Pvt. Ltd,Vision Securities Pvt. Ltd,34,280.0,9520.0,2025-08-31T12:23:12.217771
2025-08-31,60009,2025083105007882,NIFRA,Vision Securities Pvt. Ltd,Midas Stock Broking Company Private Limited,64,280.0,17920.0,2025-08-31T12:23:12.218257
2025-08-31,59387,2025083105008087,NIFRA,Sundhara Securities Limited,Online Securities Pvt. Ltd.,30,279.2,8376.0,2025-08-31T12:25:36.782554
2025-08-31,59386,2025083105008088,NIFRA,Kumari Securities Private Limited,Online Securities Pvt. Ltd.,34,279.1,9489.4,2025-08-31T12:25:36.782882
2025-08-31,59081,2025083105008168,NIFRA,Kumari Securities Private Limited,Trisul Securities & Invt. Ltd.,50,279.1,13955.0,2025-08-31T12:26:57.454345
2025-08-31,59080,2025083105008169,NIFRA,Kumari Securities Private Limited,Oxford Securities Pvt. Ltd.,14,279.1,3907.4,2025-08-31T12:26:58.274613
2025-08-31,58987,2025083105008210,NIFRA,Kumari Securities Private Limited,Bhrikuti Stock Broking Co. Pvt. Ltd.,54,279.1,15071.4,2025-08-31T12:27:22.259136
2025-08-31,58937,2025083105008230,NIFRA,Kumari Securities Private Limited,Nepal Investment And Securities Trading Private Limited,64,279.1,17862.4,2025-08-31T12:27:34.384127
2025-08-31,58877,2025083105008247,NIFRA,Naasa Securities Co. Ltd.,Vision Securities Pvt. Ltd,156,279.9,43664.4,2025-08-31T12:27:54.108782
2025-08-31,58846,2025083105008258,NIFRA,Trishakti Securities Public Limited,Vision Securities Pvt. Ltd,10,279.9,2799.0,2025-08-31T12:28:04.946463
2025-08-31,58786,2025083105008278,NIFRA,Aryatara Investment & Securities,Vision Securities Pvt. Ltd,300,279.9,83970.0,2025-08-31T12:28:18.890862
2025-08-31,58778,2025083105008282,NIFRA,Trishakti Securities Public Limited,Vision Securities Pvt. Ltd,10,279.9,2799.0,2025-08-31T12:28:21.039368
2025-08-31,58574,2025083105008346,NIFRA,Imperial Securities Company Pvt. Ltd.,Thrive Brokerage House Pvt. Ltd,64,279.4,17881.6,2025-08-31T12:29:08.525183
2025-08-31,58196,2025083105008457,NIFRA,Imperial Securities Company Pvt. Ltd.,Naasa Securities Co. Ltd.,194,279.4,54203.6,2025-08-31T12:30:34.771438
2025-08-31,57607,2025083105008581,NIFRA,Imperial Securities Company Pvt. Ltd.,Naasa Securities Co. Ltd.,500,279.6,139800.0,2025-08-31T12:32:54.729354
2025-08-31,57593,2025083105008585,NIFRA,Naasa Securities Co. Ltd.,Vision Securities Pvt. Ltd,176,279.9,49262.4,2025-08-31T12:32:58.978528
2025-08-31,57560,2025083105008598,NIFRA,Imperial Securities Company Pvt. Ltd.,Naasa Securities Co. Ltd.,242,279.6,67663.2,2025-08-31T12:33:08.131722
2025-08-31,57386,2025083105008625,NIFRA,Sri Hari Securities Pvt. Ltd.,Naasa Securities Co. Ltd.,30,279.6,8388.0,2025-08-31T12:33:49.463382
2025-08-31,57276,2025083105008647,NIFRA,Aryatara Investment & Securities,Naasa Securities Co. Ltd.,20,279.5,5590.0,2025-08-31T12:34:18.660982
2025-08-31,57231,2025083105008667,NIFRA,Sundhara Securities Limited,Naasa Securities Co. Ltd.,30,279.2,8376.0,2025-08-31T12:34:29.90374
2025-08-31,57230,2025083105008668,NIFRA,Naasa Securities Co. Ltd.,Naasa Securities Co. Ltd.,100,279.2,27920.0,2025-08-31T12:34:29.903997
2025-08-31,57229,2025083105008669,NIFRA,Sundhara Securities Limited,Naasa Securities Co. Ltd.,78,279.2,21777.6,2025-08-31T12:34:29.904107
2025-08-31,56888,2025083105008753,NIFRA,Imperial Securities Company Pvt. Ltd.,Online Securities Pvt. Ltd.,30,279.3,8379.0,2025-08-31T12:35:43.823029
2025-08-31,56878,2025083105008758,NIFRA,Sani Securities Company Ltd.,Asian Securities Private Ltd.,64,279.7,17900.8,2025-08-31T12:35:48.444328
2025-08-31,56877,2025083105008759,NIFRA,Sani Securities Company Ltd.,Sani Securities Company Ltd.,36,279.8,10072.8,2025-08-31T12:35:48.444671
2025-08-31,56626,2025083105008823,NIFRA,Kohinoor Investment & Securities Pvt. Ltd.,Kohinoor Investment & Securities Pvt. Ltd.,54,279.4,15087.6,2025-08-31T12:36:46.6569
2025-08-31,56404,2025083105008868,NIFRA,Kohinoor Investment & Securities Pvt. Ltd.,Sumeru Securities Pvt. Ltd.,100,279.4,27940.0,2025-08-31T12:37:35.64584
2025-08-31,56100,2025083105008954,NIFRA,Kohinoor Investment & Securities Pvt. Ltd.,ABC Securities Private Limited,64,279.4,17881.6,2025-08-31T12:38:33.329631
2025-08-31,56064,2025083105008956,NIFRA,Kohinoor Investment & Securities Pvt. Ltd.,Nepal Investment And Securities Trading Private Limited,38,279.4,10617.2,2025-08-31T12:38:40.274914
2025-08-31,55982,2025083105008984,NIFRA,Kohinoor Investment & Securities Pvt. Ltd.,Bhrikuti Stock Broking Co. Pvt. Ltd.,44,279.4,12293.6,2025-08-31T12:38:55.993233
2025-08-31,55892,2025083105009001,NIFRA,Imperial Securities Company Pvt. Ltd.,Bhrikuti Stock Broking Co. Pvt. Ltd.,10,279.4,2794.0,2025-08-31T12:39:17.587282
2025-08-31,55862,2025083105009008,NIFRA,Imperial Securities Company Pvt. Ltd.,Market Securities & Exchange (PVT) Ltd.,44,279.4,12293.6,2025-08-31T12:39:26.536543
2025-08-31,55644,2025083105009058,NIFRA,Imperial Securities Company Pvt. Ltd.,Vision Securities Pvt. Ltd,446,279.4,124612.4,2025-08-31T12:40:11.481729
2025-08-31,55643,2025083105009059,NIFRA,Imperial Securities Company Pvt. Ltd.,Vision Securities Pvt. Ltd,1554,279.3,434032.2,2025-08-31T12:40:11.482071
2025-08-31,55410,2025083105009106,NIFRA,Kumari Securities Private Limited,Market Securities & Exchange (PVT) Ltd.,20,279.1,5582.0,2025-08-31T12:41:06.129098
2025-08-31,55357,2025083105009124,NIFRA,Imperial Securities Company Pvt. Ltd.,Investment Management Nepal Pvt. Ltd.,500,279.3,139650.0,2025-08-31T12:41:17.557878
2025-08-31,55297,2025083105009138,NIFRA,Oxford Securities Pvt. Ltd.,Secured Securities Ltd.,150,279.2,41880.0,2025-08-31T12:41:31.211555
2025-08-31,55175,2025083105009173,NIFRA,Oxford Securities Pvt. Ltd.,BHOLE GANESH SECURITIES LTD,46,279.2,12843.2,2025-08-31T12:41:59.946819
2025-08-31,55174,2025083105009174,NIFRA,Imperial Securities Company Pvt. Ltd.,BHOLE GANESH SECURITIES LTD,416,279.2,116147.2,2025-08-31T12:41:59.946923
2025-08-31,55173,2025083105009175,NIFRA,Kumari Securities Private Limited,BHOLE GANESH SECURITIES LTD,1238,279.1,345525.8,2025-08-31T12:41:59.947086
2025-08-31,55112,2025083105009193,NIFRA,Kumari Securities Private Limited,Naasa Securities Co. Ltd.,64,279.1,17862.4,2025-08-31T12:42:14.859413
2025-08-31,55069,2025083105009195,NIFRA,Kumari Securities Private Limited,Opal Securities Investment (PVT) Ltd.,54,279.1,15071.4,2025-08-31T12:42:20.37512
2025-08-31,54985,2025083105009217,NIFRA,Kumari Securities Private Limited,Online Securities Pvt. Ltd.,54,279.1,15071.4,2025-08-31T12:42:35.597648
2025-08-31,54942,2025083105009231,NIFRA,Kumari Securities Private Limited,ABC Securities Private Limited,58,279.1,16187.8,2025-08-31T12:42:48.194596
2025-08-31,54745,2025083105009291,NIFRA,Kumari Securities Private Limited,Dipshikha Dhitopatra Karobar Co. Pvt Ltd.,60,279.1,16746.0,2025-08-31T12:43:23.213279
2025-08-31,54683,2025083105009297,NIFRA,Kumari Securities Private Limited,Sani Securities Company Ltd.,64,279.1,17862.4,2025-08-31T12:43:36.63742
2025-08-31,54546,2025083105009327,NIFRA,Kumari Securities Private Limited,Sani Securities Company Ltd.,214,279.1,59727.4,2025-08-31T12:43:52.773375
2025-08-31,54498,2025083105009341,NIFRA,Kumari Securities Private Limited,Kohinoor Investment & Securities Pvt. Ltd.,54,279.1,15071.4,2025-08-31T12:43:59.676618
2025-08-31,54465,2025083105009348,NIFRA,Kumari Securities Private Limited,Online Securities Pvt. Ltd.,2000,279.1,558200.0,2025-08-31T12:44:04.754418
2025-08-31,54153,2025083105009435,NIFRA,Kumari Securities Private Limited,Siprabi Securities Pvt. Ltd.,75,279.1,20932.5,2025-08-31T12:44:59.829713
2025-08-31,53939,2025083105009497,NIFRA,Kumari Securities Private Limited,Online Securities Pvt. Ltd.,1490,279.1,415859.0,2025-08-31T12:45:38.130017
2025-08-31,53872,2025083105009512,NIFRA,Secured Securities Ltd.,Miyo Securities Pvt Ltd,54,279.0,15066.0,2025-08-31T12:45:48.830379
2025-08-31,53859,2025083105009514,NIFRA,Trishakti Securities Public Limited,Sewa Securities Pvt. Ltd.,9,273.5,2461.5,2025-08-31T12:45:51.386528
2025-08-31,53718,2025083105009551,NIFRA,Secured Securities Ltd.,Kohinoor Investment & Securities Pvt. Ltd.,3075,279.0,857925.0,2025-08-31T12:46:17.280361
2025-08-31,53717,2025083105009552,NIFRA,Aryatara Investment & Securities,Kohinoor Investment & Securities Pvt. Ltd.,50,279.0,13950.0,2025-08-31T12:46:17.280697
2025-08-31,53716,2025083105009553,NIFRA,K.B.L. Securities Limited ,Kohinoor Investment & Securities Pvt. Ltd.,1000,279.0,279000.0,2025-08-31T12:46:17.280827
2025-08-31,53715,2025083105009554,NIFRA,J.F. Securites (PVT) Ltd.,Kohinoor Investment & Securities Pvt. Ltd.,350,279.0,97650.0,2025-08-31T12:46:17.28097
2025-08-31,53714,2025083105009555,NIFRA,Naasa Securities Co. Ltd.,Kohinoor Investment & Securities Pvt. Ltd.,121,279.0,33759.0,2025-08-31T12:46:17.281093
2025-08-31,53713,2025083105009556,NIFRA,Dipshikha Dhitopatra Karobar Co. Pvt Ltd.,Kohinoor Investment & Securities Pvt. Ltd.,1000,279.0,279000.0,2025-08-31T12:46:17.281203
2025-08-31,53712,2025083105009557,NIFRA,ABC Securities Private Limited,Kohinoor Investment & Securities Pvt. Ltd.,200,279.0,55800.0,2025-08-31T12:46:17.281325
2025-08-31,53711,2025083105009558,NIFRA,ABC Securities Private Limited,Kohinoor Investment & Securities Pvt. Ltd.,204,279.0,56916.0,2025-08-31T12:46:17.281451
2025-08-31,53593,2025083105009585,NIFRA,ABC Securities Private Limited,Kohinoor Investment & Securities Pvt. Ltd.,796,279.0,222084.0,2025-08-31T12:46:38.371075
2025-08-31,53466,2025083105009610,NIFRA,Premier Securities Company Ltd.,Oxford Securities Pvt. Ltd.,54,279.0,15066.0,2025-08-31T12:46:58.044442
2025-08-31,53394,2025083105009621,NIFRA,Naasa Securities Co. Ltd.,Sani Securities Company Ltd.,90,278.7,25083.0,2025-08-31T12:47:10.246832
2025-08-31,53393,2025083105009622,NIFRA,ABC Securities Private Limited,Sani Securities Company Ltd.,72,278.6,20059.2,2025-08-31T12:47:10.247404
2025-08-31,53283,2025083105009639,NIFRA,ABC Securities Private Limited,Sani Securities Company Ltd.,32,278.6,8915.2,2025-08-31T12:47:18.449435
2025-08-31,53036,2025083105009709,NIFRA,ABC Securities Private Limited,Aakashbhairab Securities Ltd.,342,278.6,95281.2,2025-08-31T12:48:10.216477
2025-08-31,53035,2025083105009710,NIFRA,Naasa Securities Co. Ltd.,Aakashbhairab Securities Ltd.,770,278.6,214522.0,2025-08-31T12:48:10.217112
2025-08-31,53034,2025083105009711,NIFRA,Kalika Securities Pvt. Ltd.,Aakashbhairab Securities Ltd.,100,278.6,27860.0,2025-08-31T12:48:10.217476
2025-08-31,53033,2025083105009712,NIFRA,Online Securities Pvt. Ltd.,Aakashbhairab Securities Ltd.,150,278.6,41790.0,2025-08-31T12:48:10.21779
2025-08-31,53032,2025083105009713,NIFRA,Sweta Securities Private Limited,Aakashbhairab Securities Ltd.,25,278.6,6965.0,2025-08-31T12:48:10.218128
2025-08-31,53031,2025083105009714,NIFRA,Aryatara Investment & Securities,Aakashbhairab Securities Ltd.,100,278.5,27850.0,2025-08-31T12:48:10.218493
2025-08-31,53030,2025083105009715,NIFRA,Dipshikha Dhitopatra Karobar Co. Pvt Ltd.,Aakashbhairab Securities Ltd.,100,278.5,27850.0,2025-08-31T12:48:10.218847
2025-08-31,53018,2025083105009722,NIFRA,Sani Securities Company Ltd.,Imperial Securities Company Pvt. Ltd.,53,278.4,14755.2,2025-08-31T12:48:12.402188
2025-08-31,53017,2025083105009723,NIFRA,Opal Securities Investment (PVT) Ltd.,Imperial Securities Company Pvt. Ltd.,217,278.4,60412.8,2025-08-31T12:48:12.40225
2025-08-31,52615,2025083105009831,NIFRA,Opal Securities Investment (PVT) Ltd.,Online Securities Pvt. Ltd.,54,278.4,15033.6,2025-08-31T12:49:22.453741
2025-08-31,52585,2025083105009834,NIFRA,Opal Securities Investment (PVT) Ltd.,South Asian Bulls Pvt. Ltd.,29,278.4,8073.6,2025-08-31T12:49:26.035303
2025-08-31,52584,2025083105009835,NIFRA,Dipshikha Dhitopatra Karobar Co. Pvt Ltd.,South Asian Bulls Pvt. Ltd.,200,278.4,55680.0,2025-08-31T12:49:26.035368
2025-08-31,52583,2025083105009836,NIFRA,Imperial Securities Company Pvt. Ltd.,South Asian Bulls Pvt. Ltd.,500,278.4,139200.0,2025-08-31T12:49:26.035396
2025-08-31,52582,2025083105009837,NIFRA,Online Securities Pvt. Ltd.,South Asian Bulls Pvt. Ltd.,250,278.2,69550.0,2025-08-31T12:49:26.035423
2025-08-31,52581,2025083105009838,NIFRA,Kohinoor Investment & Securities Pvt. Ltd.,South Asian Bulls Pvt. Ltd.,200,278.2,55640.0,2025-08-31T12:49:26.035445
2025-08-31,52580,2025083105009839,NIFRA,Imperial Securities Company Pvt. Ltd.,South Asian Bulls Pvt. Ltd.,500,278.2,139100.0,2025-08-31T12:49:26.035468
2025-08-31,52579,2025083105009840,NIFRA,Sweta Securities Private Limited,South Asian Bulls Pvt. Ltd.,15,278.1,4171.5,2025-08-31T12:49:26.035498
2025-08-31,52578,2025083105009841,NIFRA,Capital Max Securities Ltd,South Asian Bulls Pvt. Ltd.,19,278.1,5283.9,2025-08-31T12:49:26.035527
2025-08-31,52577,2025083105009842,NIFRA,Kumari Securities Private Limited,South Asian Bulls Pvt. Ltd.,500,278.1,139050.0,2025-08-31T12:49:26.035583
2025-08-31,52576,2025083105009843,NIFRA,Naasa Securities Co. Ltd.,South Asian Bulls Pvt. Ltd.,322,278.1,89548.2,2025-08-31T12:49:26.035642
2025-08-31,52575,2025083105009844,NIFRA,Sani Securities Company Ltd.,South Asian Bulls Pvt. Ltd.,100,278.1,27810.0,2025-08-31T12:49:26.035665
2025-08-31,52574,2025083105009845,NIFRA,Dipshikha Dhitopatra Karobar Co. Pvt Ltd.,South Asian Bulls Pvt. Ltd.,200,278.1,55620.0,2025-08-31T12:49:26.035689
2025-08-31,52573,2025083105009846,NIFRA,Bhrikuti Stock Broking Co. Pvt. Ltd.,South Asian Bulls Pvt. Ltd.,800,278.0,222400.0,2025-08-31T12:49:26.035719
2025-08-31,52572,2025083105009847,NIFRA,Sani Securities Company Ltd.,South Asian Bulls Pvt. Ltd.,30,278.0,8340.0,2025-08-31T12:49:26.03575
2025-08-31,52571,2025083105009848,NIFRA,Swarna Laxmi Securities Pvt. Ltd.,South Asian Bulls Pvt. Ltd.,500,278.0,139000.0,2025-08-31T12:49:26.035773
2025-08-31,52570,2025083105009849,NIFRA,Naasa Securities Co. Ltd.,South Asian Bulls Pvt. Ltd.,90,278.0,25020.0,2025-08-31T12:49:26.035802
2025-08-31,52569,2025083105009850,NIFRA,Linch Stock Market Ltd.,South Asian Bulls Pvt. Ltd.,410,278.0,113980.0,2025-08-31T12:49:26.035826
2025-08-31,52568,2025083105009851,NIFRA,Oxford Securities Pvt. Ltd.,South Asian Bulls Pvt. Ltd.,335,278.0,93130.0,2025-08-31T12:49:26.03585
2025-08-31,52563,2025083105009853,NIFRA,Premier Securities Company Ltd.,Aakashbhairab Securities Ltd.,10,278.5,2785.0,2025-08-31T12:49:28.77276
2025-08-31,52548,2025083105009864,NIFRA,Oxford Securities Pvt. Ltd.,Sani Securities Company Ltd.,32,278.0,8896.0,2025-08-31T12:49:30.468922
2025-08-31,52179,2025083105009968,NIFRA,Oxford Securities Pvt. Ltd.,Sani Securities Company Ltd.,47,278.0,13066.0,2025-08-31T12:50:21.980154
2025-08-31,52136,2025083105009978,NIFRA,Oxford Securities Pvt. Ltd.,Trishakti Securities Public Limited,86,278.0,23908.0,2025-08-31T12:50:33.149539
2025-08-31,52135,2025083105009979,NIFRA,Imperial Securities Company Pvt. Ltd.,Trishakti Securities Public Limited,414,278.0,115092.0,2025-08-31T12:50:33.150036
2025-08-31,52008,2025083105010013,NIFRA,KALASH STOCK MARKET PVT. LTD.,Aakashbhairab Securities Ltd.,200,278.5,55700.0,2025-08-31T12:51:03.692454
2025-08-31,51892,2025083105010044,NIFRA,Imperial Securities Company Pvt. Ltd.,Miyo Securities Pvt Ltd,54,278.0,15012.0,2025-08-31T12:51:25.224983
2025-08-31,51806,2025083105010067,NIFRA,Imperial Securities Company Pvt. Ltd.,Siprabi Securities Pvt. Ltd.,10,278.0,2780.0,2025-08-31T12:51:42.866978
2025-08-31,51675,2025083105010109,NIFRA,Imperial Securities Company Pvt. Ltd.,Asian Securities Private Ltd.,54,278.0,15012.0,2025-08-31T12:52:10.735399
2025-08-31,51576,2025083105010134,NIFRA,Imperial Securities Company Pvt. Ltd.,Vision Securities Pvt. Ltd,54,278.0,15012.0,2025-08-31T12:52:30.175917
2025-08-31,51525,2025083105010142,NIFRA,Trishakti Securities Public Limited,Aakashbhairab Securities Ltd.,203,278.5,56535.5,2025-08-31T12:52:42.134617
2025-08-31,51524,2025083105010143,NIFRA,Trishakti Securities Public Limited,Naasa Securities Co. Ltd.,54,278.5,15039.0,2025-08-31T12:52:42.134674
2025-08-31,51523,2025083105010144,NIFRA,Trishakti Securities Public Limited,Vision Securities Pvt. Ltd,500,278.9,139450.0,2025-08-31T12:52:42.134699
2025-08-31,51522,2025083105010145,NIFRA,Trishakti Securities Public Limited,Agrawal Securities (PVT) Ltd.,30,279.0,8370.0,2025-08-31T12:52:42.134725
2025-08-31,51521,2025083105010146,NIFRA,Trishakti Securities Public Limited,Kohinoor Investment & Securities Pvt. Ltd.,203,279.0,56637.0,2025-08-31T12:52:42.134747
2025-08-31,51241,2025083105010248,NIFRA,Imperial Securities Company Pvt. Ltd.,Aryatara Investment & Securities,235,278.0,65330.0,2025-08-31T12:53:32.535662
2025-08-31,51218,2025083105010250,NIFRA,Imperial Securities Company Pvt. Ltd.,Online Securities Pvt. Ltd.,54,278.0,15012.0,2025-08-31T12:53:34.865189
2025-08-31,51162,2025083105010257,NIFRA,Imperial Securities Company Pvt. Ltd.,Imperial Securities Company Pvt. Ltd.,54,278.0,15012.0,2025-08-31T12:53:48.149454
2025-08-31,50997,2025083105010295,NIFRA,Imperial Securities Company Pvt. Ltd.,Trishakti Securities Public Limited,54,278.0,15012.0,2025-08-31T12:54:24.73614
2025-08-31,50091,2025083105010577,NIFRA,Oxford Securities Pvt. Ltd.,South Asian Bulls Pvt. Ltd.,30,278.1,8343.0,2025-08-31T12:57:09.824567
2025-08-31,50090,2025083105010578,NIFRA,ABC Securities Private Limited,South Asian Bulls Pvt. Ltd.,10,278.1,2781.0,2025-08-31T12:57:09.825075
2025-08-31,50089,2025083105010579,NIFRA,Imperial Securities Company Pvt. Ltd.,South Asian Bulls Pvt. Ltd.,14,278.0,3892.0,2025-08-31T12:57:09.825426
2025-08-31,49597,2025083105010670,NIFRA,Premier Securities Company Ltd.,Asian Securities Private Ltd.,10,278.5,2785.0,2025-08-31T12:58:43.580619
2025-08-31,49480,2025083105010688,NIFRA,Aryatara Investment & Securities,J.F. Securites (PVT) Ltd.,50,278.0,13900.0,2025-08-31T12:58:56.568274
2025-08-31,49479,2025083105010689,NIFRA,Dipshikha Dhitopatra Karobar Co. Pvt Ltd.,J.F. Securites (PVT) Ltd.,10,278.0,2780.0,2025-08-31T12:58:56.568377
2025-08-31,49382,2025083105010702,NIFRA,Oxford Securities Pvt. Ltd.,Online Securities Pvt. Ltd.,24,278.0,6672.0,2025-08-31T12:59:17.682232
2025-08-31,49253,2025083105010726,NIFRA,Oxford Securities Pvt. Ltd.,Imperial Securities Company Pvt. Ltd.,54,278.0,15012.0,2025-08-31T12:59:42.131052
2025-08-31,49129,2025083105010760,NIFRA,Oxford Securities Pvt. Ltd.,Online Securities Pvt. Ltd.,64,278.0,17792.0,2025-08-31T13:00:00.245226
2025-08-31,48642,2025083105010880,NIFRA,Sundhara Securities Limited,Nepal Investment And Securities Trading Private Limited,20,278.2,5564.0,2025-08-31T13:01:25.496977
2025-08-31,48641,2025083105010881,NIFRA,Secured Securities Ltd.,Nepal Investment And Securities Trading Private Limited,34,278.1,9455.4,2025-08-31T13:01:25.497262
2025-08-31,47951,2025083105011101,NIFRA,Siprabi Securities Pvt. Ltd.,Naasa Securities Co. Ltd.,20,278.8,5576.0,2025-08-31T13:03:28.306797
2025-08-31,47886,2025083105011138,NIFRA,Oxford Securities Pvt. Ltd.,Kalika Securities Pvt. Ltd.,54,278.5,15039.0,2025-08-31T13:03:35.968094
2025-08-31,47655,2025083105011233,NIFRA,Imperial Securities Company Pvt. Ltd.,Naasa Securities Co. Ltd.,17,278.8,4739.6,2025-08-31T13:04:18.491842
2025-08-31,47070,2025083105011459,NIFRA,Oxford Securities Pvt. Ltd.,Secured Securities Ltd.,45,278.5,12532.5,2025-08-31T13:05:41.494478
2025-08-31,46991,2025083105011486,NIFRA,Asian Securities Private Ltd.,Kohinoor Investment & Securities Pvt. Ltd.,892,278.2,248154.4,2025-08-31T13:05:54.227803
2025-08-31,46990,2025083105011487,NIFRA,ABC Securities Private Limited,Kohinoor Investment & Securities Pvt. Ltd.,10,278.2,2782.0,2025-08-31T13:05:54.227886
2025-08-31,46989,2025083105011488,NIFRA,Imperial Securities Company Pvt. Ltd.,Kohinoor Investment & Securities Pvt. Ltd.,500,278.2,139100.0,2025-08-31T13:05:54.227913
2025-08-31,46988,2025083105011489,NIFRA,Secured Securities Ltd.,Kohinoor Investment & Securities Pvt. Ltd.,4966,278.1,1381044.6,2025-08-31T13:05:54.227939
2025-08-31,46987,2025083105011490,NIFRA,Oxford Securities Pvt. Ltd.,Kohinoor Investment & Securities Pvt. Ltd.,1648,278.0,458144.0,2025-08-31T13:05:54.227962
2025-08-31,46986,2025083105011491,NIFRA,Oxford Securities Pvt. Ltd.,Kohinoor Investment & Securities Pvt. Ltd.,1790,278.0,497620.0,2025-08-31T13:05:54.227985
2025-08-31,46985,2025083105011492,NIFRA,Creative Securities Pvt Ltd,Kohinoor Investment & Securities Pvt. Ltd.,194,278.0,53932.0,2025-08-31T13:05:54.228007
2025-08-31,46858,2025083105011522,NIFRA,ABC Securities Private Limited,Sundhara Securities Limited,200,278.0,55600.0,2025-08-31T13:06:08.597208
2025-08-31,46857,2025083105011523,NIFRA,Opal Securities Investment (PVT) Ltd.,Sundhara Securities Limited,31,278.0,8618.0,2025-08-31T13:06:08.597483
2025-08-31,46790,2025083105011529,NIFRA,Cristal Kanchanjanga Securites Pvt. Ltd.,Sundhara Securities Limited,30,278.0,8340.0,2025-08-31T13:06:20.152707
2025-08-31,46745,2025083105011533,NIFRA,Aryatara Investment & Securities,Sundhara Securities Limited,22,278.0,6116.0,2025-08-31T13:06:22.410408
2025-08-31,46650,2025083105011546,NIFRA,Opal Securities Investment (PVT) Ltd.,Naasa Securities Co. Ltd.,250,277.5,69375.0,2025-08-31T13:06:42.482218
2025-08-31,46649,2025083105011547,NIFRA,South Asian Bulls Pvt. Ltd.,Naasa Securities Co. Ltd.,150,277.4,41610.0,2025-08-31T13:06:42.482743
2025-08-31,46646,2025083105011548,NIFRA,South Asian Bulls Pvt. Ltd.,Imperial Securities Company Pvt. Ltd.,50,277.4,13870.0,2025-08-31T13:06:42.865678
2025-08-31,46645,2025083105011549,NIFRA,Imperial Securities Company Pvt. Ltd.,Imperial Securities Company Pvt. Ltd.,14,277.4,3883.6,2025-08-31T13:06:42.865817
2025-08-31,46592,2025083105011560,NIFRA,Imperial Securities Company Pvt. Ltd.,Online Securities Pvt. Ltd.,10,277.4,2774.0,2025-08-31T13:06:53.330301
2025-08-31,45680,2025083105011796,NIFRA,ABC Securities Private Limited,Naasa Securities Co. Ltd.,10,277.5,2775.0,2025-08-31T13:09:21.506856
2025-08-31,45679,2025083105011797,NIFRA,Imperial Securities Company Pvt. Ltd.,Naasa Securities Co. Ltd.,312,277.4,86548.8,2025-08-31T13:09:21.507441
2025-08-31,45612,2025083105011812,NIFRA,Imperial Securities Company Pvt. Ltd.,Aakashbhairab Securities Ltd.,164,277.4,45493.6,2025-08-31T13:09:39.522602
2025-08-31,45611,2025083105011813,NIFRA,Naasa Securities Co. Ltd.,Aakashbhairab Securities Ltd.,1524,277.3,422605.2,2025-08-31T13:09:39.522921
2025-08-31,45610,2025083105011814,NIFRA,Online Securities Pvt. Ltd.,Aakashbhairab Securities Ltd.,200,277.2,55440.0,2025-08-31T13:09:39.523053
2025-08-31,45609,2025083105011815,NIFRA,Imperial Securities Company Pvt. Ltd.,Aakashbhairab Securities Ltd.,500,277.2,138600.0,2025-08-31T13:09:39.523168
2025-08-31,45608,2025083105011816,NIFRA,ABC Securities Private Limited,Aakashbhairab Securities Ltd.,15,277.2,4158.0,2025-08-31T13:09:39.52328
2025-08-31,45607,2025083105011817,NIFRA,Sharepro Securities Private Limited,Aakashbhairab Securities Ltd.,5000,277.1,1385500.0,2025-08-31T13:09:39.523399
2025-08-31,45606,2025083105011818,NIFRA,Malla & Malla Stock Broking Company Pvt. Limited,Aakashbhairab Securities Ltd.,500,277.0,138500.0,2025-08-31T13:09:39.52355
2025-08-31,45605,2025083105011819,NIFRA,Capital Max Securities Ltd,Aakashbhairab Securities Ltd.,25,277.0,6925.0,2025-08-31T13:09:39.523667
2025-08-31,45604,2025083105011820,NIFRA,Bhrikuti Stock Broking Co. Pvt. Ltd.,Aakashbhairab Securities Ltd.,1500,277.0,415500.0,2025-08-31T13:09:39.523788
2025-08-31,45603,2025083105011821,NIFRA,J.F. Securites (PVT) Ltd.,Aakashbhairab Securities Ltd.,500,277.0,138500.0,2025-08-31T13:09:39.5239
2025-08-31,45602,2025083105011822,NIFRA,KALASH STOCK MARKET PVT. LTD.,Aakashbhairab Securities Ltd.,100,277.0,27700.0,2025-08-31T13:09:39.524025
2025-08-31,45601,2025083105011823,NIFRA,Online Securities Pvt. Ltd.,Aakashbhairab Securities Ltd.,500,277.0,138500.0,2025-08-31T13:09:39.524136
2025-08-31,45600,2025083105011824,NIFRA,ABC Securities Private Limited,Aakashbhairab Securities Ltd.,15,277.0,4155.0,2025-08-31T13:09:39.524247
2025-08-31,45599,2025083105011825,NIFRA,Dakshinkali Investment & Securities Pvt. Ltd.,Aakashbhairab Securities Ltd.,200,277.0,55400.0,2025-08-31T13:09:39.524363
2025-08-31,45598,2025083105011826,NIFRA,Thrive Brokerage House Pvt. Ltd,Aakashbhairab Securities Ltd.,200,277.0,55400.0,2025-08-31T13:09:39.524472
2025-08-31,45597,2025083105011827,NIFRA,Cristal Kanchanjanga Securites Pvt. Ltd.,Aakashbhairab Securities Ltd.,57,277.0,15789.0,2025-08-31T13:09:39.524584
2025-08-31,45576,2025083105011835,NIFRA,Cristal Kanchanjanga Securites Pvt. Ltd.,Online Securities Pvt. Ltd.,64,277.0,17728.0,2025-08-31T13:09:43.989212
2025-08-31,45364,2025083105011899,NIFRA,Cristal Kanchanjanga Securites Pvt. Ltd.,Trisul Securities & Invt. Ltd.,50,277.0,13850.0,2025-08-31T13:10:26.847601
2025-08-31,45209,2025083105011954,NIFRA,Imperial Securities Company Pvt. Ltd.,J.F. Securites (PVT) Ltd.,3,278.0,834.0,2025-08-31T13:10:51.520089
2025-08-31,45175,2025083105011964,NIFRA,Oxford Securities Pvt. Ltd.,J.F. Securites (PVT) Ltd.,1,278.5,278.5,2025-08-31T13:11:00.563352
2025-08-31,45035,2025083105011995,NIFRA,Asian Securities Private Ltd.,Vision Securities Pvt. Ltd,54,277.5,14985.0,2025-08-31T13:11:36.599171
2025-08-31,44692,2025083105012092,NIFRA,Asian Securities Private Ltd.,Oxford Securities Pvt. Ltd.,20,277.5,5550.0,2025-08-31T13:12:33.277277
2025-08-31,44580,2025083105012113,NIFRA,Neev Securities Pvt. Ltd.,Vision Securities Pvt. Ltd,50,277.9,13895.0,2025-08-31T13:12:52.183818
2025-08-31,44108,2025083105012244,NIFRA,Online Securities Pvt. Ltd.,Vision Securities Pvt. Ltd,14,277.9,3890.6,2025-08-31T13:14:22.604143
2025-08-31,44107,2025083105012245,NIFRA,Online Securities Pvt. Ltd.,Opal Securities Investment (PVT) Ltd.,43,277.9,11949.7,2025-08-31T13:14:22.604687
2025-08-31,44106,2025083105012246,NIFRA,Online Securities Pvt. Ltd.,Sundhara Securities Limited,217,278.0,60326.0,2025-08-31T13:14:22.605038
2025-08-31,44105,2025083105012247,NIFRA,Online Securities Pvt. Ltd.,Linch Stock Market Ltd.,64,278.0,17792.0,2025-08-31T13:14:22.605408
2025-08-31,44104,2025083105012248,NIFRA,Online Securities Pvt. Ltd.,Naasa Securities Co. Ltd.,54,278.0,15012.0,2025-08-31T13:14:22.605736
2025-08-31,44103,2025083105012249,NIFRA,Online Securities Pvt. Ltd.,Ashutosh Brokerage & Securities (PVT) Ltd.,30,278.0,8340.0,2025-08-31T13:14:22.606066
2025-08-31,44102,2025083105012250,NIFRA,Online Securities Pvt. Ltd.,Imperial Securities Company Pvt. Ltd.,21,278.0,5838.0,2025-08-31T13:14:22.606396
2025-08-31,44101,2025083105012251,NIFRA,Online Securities Pvt. Ltd.,Imperial Securities Company Pvt. Ltd.,100,278.0,27800.0,2025-08-31T13:14:22.606729
2025-08-31,44100,2025083105012252,NIFRA,Online Securities Pvt. Ltd.,K.B.L. Securities Limited ,657,278.0,182646.0,2025-08-31T13:14:22.607051
2025-08-31,44044,2025083105012271,NIFRA,Market Securities & Exchange (PVT) Ltd.,K.B.L. Securities Limited ,100,278.0,27800.0,2025-08-31T13:14:32.137307
2025-08-31,43968,2025083105012292,NIFRA,Ashutosh Brokerage & Securities (PVT) Ltd.,Online Securities Pvt. Ltd.,57,277.9,15840.3,2025-08-31T13:14:42.116657
2025-08-31,43967,2025083105012293,NIFRA,Asian Securities Private Ltd.,Online Securities Pvt. Ltd.,26,277.5,7215.0,2025-08-31T13:14:42.116987
2025-08-31,43966,2025083105012294,NIFRA,Oxford Securities Pvt. Ltd.,Online Securities Pvt. Ltd.,50,277.1,13855.0,2025-08-31T13:14:42.117128
2025-08-31,43965,2025083105012295,NIFRA,Cristal Kanchanjanga Securites Pvt. Ltd.,Online Securities Pvt. Ltd.,229,277.0,63433.0,2025-08-31T13:14:42.117274
2025-08-31,43964,2025083105012296,NIFRA,Sani Securities Company Ltd.,Online Securities Pvt. Ltd.,200,277.0,55400.0,2025-08-31T13:14:42.117442
2025-08-31,43963,2025083105012297,NIFRA,Malla & Malla Stock Broking Company Pvt. Limited,Online Securities Pvt. Ltd.,100,277.0,27700.0,2025-08-31T13:14:42.11757
2025-08-31,43962,2025083105012298,NIFRA,Bhrikuti Stock Broking Co. Pvt. Ltd.,Online Securities Pvt. Ltd.,338,277.0,93626.0,2025-08-31T13:14:42.117718
2025-08-31,43958,2025083105012301,NIFRA,Bhrikuti Stock Broking Co. Pvt. Ltd.,Linch Stock Market Ltd.,64,277.0,17728.0,2025-08-31T13:14:43.624932
2025-08-31,43919,2025083105012315,NIFRA,Kalika Securities Pvt. Ltd.,Online Securities Pvt. Ltd.,4,271.9,1087.6,2025-08-31T13:14:53.375965
2025-08-31,43863,2025083105012330,NIFRA,Neev Securities Pvt. Ltd.,Naasa Securities Co. Ltd.,64,277.5,17760.0,2025-08-31T13:15:06.694984
2025-08-31,43808,2025083105012344,NIFRA,Neev Securities Pvt. Ltd.,Linch Stock Market Ltd.,64,277.5,17760.0,2025-08-31T13:15:20.854944
2025-08-31,43803,2025083105012345,NIFRA,Neev Securities Pvt. Ltd.,Naasa Securities Co. Ltd.,50,277.5,13875.0,2025-08-31T13:15:21.243276
2025-08-31,43127,2025083105012538,NIFRA,Ashutosh Brokerage & Securities (PVT) Ltd.,Oxford Securities Pvt. Ltd.,15,277.7,4165.5,2025-08-31T13:17:30.653122
2025-08-31,43098,2025083105012549,NIFRA,Ashutosh Brokerage & Securities (PVT) Ltd.,SUN SECURITIES PVT LTD,21,277.7,5831.7,2025-08-31T13:17:34.854943
2025-08-31,43000,2025083105012596,NIFRA,Ashutosh Brokerage & Securities (PVT) Ltd.,Nabil Stock Dealer Ltd.,54,277.7,14995.8,2025-08-31T13:17:53.921765
2025-08-31,42822,2025083105012656,NIFRA,Ashutosh Brokerage & Securities (PVT) Ltd.,Capital Max Securities Ltd,40,277.7,11108.0,2025-08-31T13:18:32.463558
2025-08-31,42821,2025083105012657,NIFRA,Kohinoor Investment & Securities Pvt. Ltd.,Capital Max Securities Ltd,460,277.6,127696.0,2025-08-31T13:18:32.463635
2025-08-31,42680,2025083105012693,NIFRA,Deevyaa Securities & Stock House Pvt. Ltd,Trishakti Securities Public Limited,50,277.7,13885.0,2025-08-31T13:19:01.624162
2025-08-31,42679,2025083105012694,NIFRA,Deevyaa Securities & Stock House Pvt. Ltd,APPLE SECURITIES PRIVATE LIMITED,54,277.7,14995.8,2025-08-31T13:19:01.624485
2025-08-31,42664,2025083105012701,NIFRA,Deevyaa Securities & Stock House Pvt. Ltd,Sani Securities Company Ltd.,30,277.7,8331.0,2025-08-31T13:19:05.346144
2025-08-31,42632,2025083105012708,NIFRA,Deevyaa Securities & Stock House Pvt. Ltd,KALASH STOCK MARKET PVT. LTD.,100,277.7,27770.0,2025-08-31T13:19:10.677578
2025-08-31,42557,2025083105012721,NIFRA,Deevyaa Securities & Stock House Pvt. Ltd,Aryatara Investment & Securities,100,277.7,27770.0,2025-08-31T13:19:26.632855
2025-08-31,42497,2025083105012733,NIFRA,Deevyaa Securities & Stock House Pvt. Ltd,Vision Securities Pvt. Ltd,54,277.7,14995.8,2025-08-31T13:19:36.268696
2025-08-31,42495,2025083105012734,NIFRA,Creative Securities Pvt Ltd,Asian Securities Private Ltd.,6,278.0,1668.0,2025-08-31T13:19:37.874463
2025-08-31,42494,2025083105012735,NIFRA,Deevyaa Securities & Stock House Pvt. Ltd,Secured Securities Ltd.,112,277.7,31102.4,2025-08-31T13:19:37.933266
2025-08-31,42463,2025083105012741,NIFRA,Kohinoor Investment & Securities Pvt. Ltd.,Linch Stock Market Ltd.,54,277.6,14990.4,2025-08-31T13:19:42.489504
2025-08-31,42448,2025083105012744,NIFRA,Kohinoor Investment & Securities Pvt. Ltd.,Nagarik Stock Dealer ,486,277.6,134913.6,2025-08-31T13:19:46.246993
2025-08-31,42306,2025083105012795,NIFRA,Sani Securities Company Ltd.,Nagarik Stock Dealer ,14,277.6,3886.4,2025-08-31T13:20:14.075433
2025-08-31,42273,2025083105012808,NIFRA,Neev Securities Pvt. Ltd.,Sumeru Securities Pvt. Ltd.,64,277.5,17760.0,2025-08-31T13:20:21.288504
2025-08-31,42207,2025083105012824,NIFRA,Neev Securities Pvt. Ltd.,Siprabi Securities Pvt. Ltd.,10,277.5,2775.0,2025-08-31T13:20:36.586775
2025-08-31,42201,2025083105012827,NIFRA,Neev Securities Pvt. Ltd.,Online Securities Pvt. Ltd.,64,277.5,17760.0,2025-08-31T13:20:37.466879
2025-08-31,42149,2025083105012842,NIFRA,Neev Securities Pvt. Ltd.,Thrive Brokerage House Pvt. Ltd,334,277.5,92685.0,2025-08-31T13:20:47.312027
2025-08-31,42148,2025083105012843,NIFRA,Imperial Securities Company Pvt. Ltd.,Thrive Brokerage House Pvt. Ltd,500,277.1,138550.0,2025-08-31T13:20:47.31247
2025-08-31,42147,2025083105012844,NIFRA,Bhrikuti Stock Broking Co. Pvt. Ltd.,Thrive Brokerage House Pvt. Ltd,98,277.0,27146.0,2025-08-31T13:20:47.312606
2025-08-31,42146,2025083105012845,NIFRA,Linch Stock Market Ltd.,Thrive Brokerage House Pvt. Ltd,868,277.0,240436.0,2025-08-31T13:20:47.312722
2025-08-31,42102,2025083105012859,NIFRA,Deevyaa Securities & Stock House Pvt. Ltd,Dynamic Money Managers Securities Pvt. Ltd.,54,277.5,14985.0,2025-08-31T13:21:00.322591
2025-08-31,42101,2025083105012860,NIFRA,Deevyaa Securities & Stock House Pvt. Ltd,Secured Securities Ltd.,446,277.7,123854.2,2025-08-31T13:21:00.323137
2025-08-31,42052,2025083105012872,NIFRA,Sweta Securities Private Limited,Naasa Securities Co. Ltd.,7,278.8,1951.6,2025-08-31T13:21:12.388051
2025-08-31,41984,2025083105012885,NIFRA,Kohinoor Investment & Securities Pvt. Ltd.,Secured Securities Ltd.,442,277.7,122743.4,2025-08-31T13:21:24.079498
2025-08-31,41657,2025083105013014,NIFRA,Linch Stock Market Ltd.,Sani Securities Company Ltd.,132,277.0,36564.0,2025-08-31T13:22:33.376897
2025-08-31,41656,2025083105013015,NIFRA,Sweta Securities Private Limited,Sani Securities Company Ltd.,368,277.0,101936.0,2025-08-31T13:22:33.37725
2025-08-31,41291,2025083105013124,NIFRA,Sweta Securities Private Limited,Sharepro Securities Private Limited,564,277.0,156228.0,2025-08-31T13:23:45.56579
2025-08-31,41288,2025083105013125,NIFRA,Online Securities Pvt. Ltd.,South Asian Bulls Pvt. Ltd.,1000,277.1,277100.0,2025-08-31T13:23:46.419399
2025-08-31,41128,2025083105013151,NIFRA,Sumeru Securities Pvt. Ltd.,SUN SECURITIES PVT LTD,21,277.1,5819.1,2025-08-31T13:23:58.72806
2025-08-31,40943,2025083105013228,NIFRA,Sumeru Securities Pvt. Ltd.,Elite Stock House Limited,200,277.1,55420.0,2025-08-31T13:24:27.260635
2025-08-31,40376,2025083105013381,NIFRA,Sundhara Securities Limited,Imperial Securities Company Pvt. Ltd.,30,277.2,8316.0,2025-08-31T13:25:57.858024
2025-08-31,40375,2025083105013382,NIFRA,Sumeru Securities Pvt. Ltd.,Imperial Securities Company Pvt. Ltd.,34,277.1,9421.4,2025-08-31T13:25:57.858295
2025-08-31,40261,2025083105013413,NIFRA,Sumeru Securities Pvt. Ltd.,Nepal Stock House (PVT) Ltd.,54,277.1,14963.4,2025-08-31T13:26:12.779973
2025-08-31,40209,2025083105013436,NIFRA,Sumeru Securities Pvt. Ltd.,Agrawal Securities (PVT) Ltd.,14,277.1,3879.4,2025-08-31T13:26:23.205738
2025-08-31,40104,2025083105013478,NIFRA,Premier Securities Company Ltd.,Agrawal Securities (PVT) Ltd.,10,277.2,2772.0,2025-08-31T13:26:48.4102
2025-08-31,40103,2025083105013479,NIFRA,Dipshikha Dhitopatra Karobar Co. Pvt Ltd.,Agrawal Securities (PVT) Ltd.,40,277.2,11088.0,2025-08-31T13:26:48.410496
2025-08-31,39893,2025083105013534,NIFRA,Kohinoor Investment & Securities Pvt. Ltd.,Online Securities Pvt. Ltd.,200,277.8,55560.0,2025-08-31T13:27:33.121536
2025-08-31,39601,2025083105013602,NIFRA,Dipshikha Dhitopatra Karobar Co. Pvt Ltd.,Naasa Securities Co. Ltd.,21,277.2,5821.2,2025-08-31T13:28:33.980956
2025-08-31,39448,2025083105013640,NIFRA,Dipshikha Dhitopatra Karobar Co. Pvt Ltd.,Shree Krishna Securities Ltd.,13,277.2,3603.6,2025-08-31T13:29:16.242463
2025-08-31,39106,2025083105013724,NIFRA,Dipshikha Dhitopatra Karobar Co. Pvt Ltd.,Ashutosh Brokerage & Securities (PVT) Ltd.,26,277.2,7207.2,2025-08-31T13:30:36.197653
2025-08-31,39105,2025083105013725,NIFRA,Trishakti Securities Public Limited,Ashutosh Brokerage & Securities (PVT) Ltd.,20,277.2,5544.0,2025-08-31T13:30:36.198055
2025-08-31,39104,2025083105013726,NIFRA,Sumeru Securities Pvt. Ltd.,Ashutosh Brokerage & Securities (PVT) Ltd.,54,277.1,14963.4,2025-08-31T13:30:36.198183
2025-08-31,38609,2025083105013842,NIFRA,INDEX SECURITIES LIMITED,Thrive Brokerage House Pvt. Ltd,54,277.3,14974.2,2025-08-31T13:32:22.921009
2025-08-31,38420,2025083105013903,NIFRA,INDEX SECURITIES LIMITED,Secured Securities Ltd.,946,277.3,262325.8,2025-08-31T13:33:10.269079
2025-08-31,37705,2025083105014129,NIFRA,Linch Stock Market Ltd.,Secured Securities Ltd.,54,277.3,14974.2,2025-08-31T13:35:29.15323
2025-08-31,37704,2025083105014130,NIFRA,Linch Stock Market Ltd.,Imperial Securities Company Pvt. Ltd.,16,277.5,4440.0,2025-08-31T13:35:29.153834
2025-08-31,37410,2025083105014197,NIFRA,Online Securities Pvt. Ltd.,Kumari Securities Private Limited,54,277.2,14968.8,2025-08-31T13:36:37.650067
2025-08-31,37320,2025083105014216,NIFRA,Online Securities Pvt. Ltd.,Secured Securities Ltd.,50,277.2,13860.0,2025-08-31T13:36:56.719438
2025-08-31,37315,2025083105014218,NIFRA,Online Securities Pvt. Ltd.,Nagarik Stock Dealer ,50,277.2,13860.0,2025-08-31T13:36:59.641831
2025-08-31,36908,2025083105014311,NIFRA,Siprabi Securities Pvt. Ltd.,Imperial Securities Company Pvt. Ltd.,50,277.5,13875.0,2025-08-31T13:38:26.428582
2025-08-31,36419,2025083105014425,NIFRA,Vision Securities Pvt. Ltd,Imperial Securities Company Pvt. Ltd.,134,277.5,37185.0,2025-08-31T13:39:50.546095
2025-08-31,36418,2025083105014426,NIFRA,Vision Securities Pvt. Ltd,Nagarik Stock Dealer ,50,277.5,13875.0,2025-08-31T13:39:50.546646
2025-08-31,36320,2025083105014438,NIFRA,Vision Securities Pvt. Ltd,Neev Securities Pvt. Ltd.,30,277.5,8325.0,2025-08-31T13:40:07.296677
2025-08-31,36281,2025083105014444,NIFRA,Aryatara Investment & Securities,Market Securities & Exchange (PVT) Ltd.,21,277.9,5835.9,2025-08-31T13:40:11.438412
2025-08-31,35960,2025083105014520,NIFRA,Vision Securities Pvt. Ltd,Linch Stock Market Ltd.,54,277.5,14985.0,2025-08-31T13:41:09.903775
2025-08-31,35780,2025083105014568,NIFRA,Vision Securities Pvt. Ltd,Online Securities Pvt. Ltd.,54,277.5,14985.0,2025-08-31T13:41:48.666665
2025-08-31,35662,2025083105014616,NIFRA,Vision Securities Pvt. Ltd,Nagarik Stock Dealer ,28,277.5,7770.0,2025-08-31T13:42:09.631566
2025-08-31,35661,2025083105014617,NIFRA,Trishakti Securities Public Limited,Nagarik Stock Dealer ,20,277.5,5550.0,2025-08-31T13:42:09.632148
2025-08-31,35263,2025083105014728,NIFRA,Deevyaa Securities & Stock House Pvt. Ltd,Opal Securities Investment (PVT) Ltd.,50,277.3,13865.0,2025-08-31T13:43:27.33023
2025-08-31,35193,2025083105014754,NIFRA,Deevyaa Securities & Stock House Pvt. Ltd,Vision Securities Pvt. Ltd,54,277.3,14974.2,2025-08-31T13:43:45.412737
2025-08-31,35147,2025083105014764,NIFRA,Deevyaa Securities & Stock House Pvt. Ltd,Investment Management Nepal Pvt. Ltd.,396,277.3,109810.8,2025-08-31T13:43:55.508279
2025-08-31,35093,2025083105014780,NIFRA,ABC Securities Private Limited,Investment Management Nepal Pvt. Ltd.,40,277.3,11092.0,2025-08-31T13:44:04.995637
2025-08-31,34934,2025083105014840,NIFRA,Kohinoor Investment & Securities Pvt. Ltd.,Investment Management Nepal Pvt. Ltd.,64,277.3,17747.2,2025-08-31T13:44:50.442367
2025-08-31,34421,2025083105014991,NIFRA,Linch Stock Market Ltd.,Naasa Securities Co. Ltd.,143,277.5,39682.5,2025-08-31T13:46:20.031166
2025-08-31,34041,2025083105015126,NIFRA,Kohinoor Investment & Securities Pvt. Ltd.,Market Securities & Exchange (PVT) Ltd.,79,277.3,21906.7,2025-08-31T13:47:45.634713
2025-08-31,33973,2025083105015141,NIFRA,Kohinoor Investment & Securities Pvt. Ltd.,Naasa Securities Co. Ltd.,57,277.3,15806.1,2025-08-31T13:48:00.334208
2025-08-31,33899,2025083105015149,NIFRA,Sani Securities Company Ltd.,Nagarik Stock Dealer ,27,277.2,7484.4,2025-08-31T13:48:18.775917
2025-08-31,33699,2025083105015199,NIFRA,Sani Securities Company Ltd.,Shree Krishna Securities Ltd.,93,277.2,25779.6,2025-08-31T13:49:03.275332
2025-08-31,33698,2025083105015200,NIFRA,Agrawal Securities (PVT) Ltd.,Shree Krishna Securities Ltd.,107,277.2,29660.4,2025-08-31T13:49:03.275931
2025-08-31,33682,2025083105015205,NIFRA,Agrawal Securities (PVT) Ltd.,Oxford Securities Pvt. Ltd.,11,277.2,3049.2,2025-08-31T13:49:08.986191
2025-08-31,33644,2025083105015221,NIFRA,Agrawal Securities (PVT) Ltd.,Malla & Malla Stock Broking Company Pvt. Limited,382,277.2,105890.4,2025-08-31T13:49:18.380297
2025-08-31,33643,2025083105015222,NIFRA,Sumeru Securities Pvt. Ltd.,Malla & Malla Stock Broking Company Pvt. Limited,1123,277.1,311183.3,2025-08-31T13:49:18.380677
2025-08-31,33642,2025083105015223,NIFRA,Sweta Securities Private Limited,Malla & Malla Stock Broking Company Pvt. Limited,18,277.1,4987.8,2025-08-31T13:49:18.38082
2025-08-31,33641,2025083105015224,NIFRA,Ashutosh Brokerage & Securities (PVT) Ltd.,Malla & Malla Stock Broking Company Pvt. Limited,50,277.1,13855.0,2025-08-31T13:49:18.380957
2025-08-31,33640,2025083105015225,NIFRA,Sweta Securities Private Limited,Malla & Malla Stock Broking Company Pvt. Limited,68,277.0,18836.0,2025-08-31T13:49:18.381155
2025-08-31,33639,2025083105015226,NIFRA,Neev Securities Pvt. Ltd.,Malla & Malla Stock Broking Company Pvt. Limited,200,277.0,55400.0,2025-08-31T13:49:18.38133
2025-08-31,33638,2025083105015227,NIFRA,Dipshikha Dhitopatra Karobar Co. Pvt Ltd.,Malla & Malla Stock Broking Company Pvt. Limited,300,277.0,83100.0,2025-08-31T13:49:18.38152
2025-08-31,33637,2025083105015228,NIFRA,Sani Securities Company Ltd.,Malla & Malla Stock Broking Company Pvt. Limited,15,277.0,4155.0,2025-08-31T13:49:18.381678
2025-08-31,33636,2025083105015229,NIFRA,Oxford Securities Pvt. Ltd.,Malla & Malla Stock Broking Company Pvt. Limited,100,277.0,27700.0,2025-08-31T13:49:18.381867
2025-08-31,33569,2025083105015264,NIFRA,Oxford Securities Pvt. Ltd.,Naasa Securities Co. Ltd.,500,276.5,138250.0,2025-08-31T13:49:32.216698
2025-08-31,33568,2025083105015265,NIFRA,Agrawal Securities (PVT) Ltd.,Naasa Securities Co. Ltd.,200,276.5,55300.0,2025-08-31T13:49:32.217329
2025-08-31,33428,2025083105015309,NIFRA,Siprabi Securities Pvt. Ltd.,Aryatara Investment & Securities,64,277.0,17728.0,2025-08-31T13:49:59.917102
2025-08-31,33315,2025083105015336,NIFRA,Siprabi Securities Pvt. Ltd.,Online Securities Pvt. Ltd.,36,277.0,9972.0,2025-08-31T13:50:20.977954
2025-08-31,33226,2025083105015364,NIFRA,Agrawal Securities (PVT) Ltd.,Naasa Securities Co. Ltd.,300,276.5,82950.0,2025-08-31T13:50:37.186572
2025-08-31,33225,2025083105015365,NIFRA,Capital Max Securities Ltd,Naasa Securities Co. Ltd.,555,276.2,153291.0,2025-08-31T13:50:37.18688
2025-08-31,33224,2025083105015366,NIFRA,Vision Securities Pvt. Ltd,Naasa Securities Co. Ltd.,500,276.2,138100.0,2025-08-31T13:50:37.187009
2025-08-31,33223,2025083105015367,NIFRA,Online Securities Pvt. Ltd.,Naasa Securities Co. Ltd.,200,276.1,55220.0,2025-08-31T13:50:37.187145
2025-08-31,33222,2025083105015368,NIFRA,Sundhara Securities Limited,Naasa Securities Co. Ltd.,422,276.1,116514.2,2025-08-31T13:50:37.187277
2025-08-31,33221,2025083105015369,NIFRA,SHUBHAKAMANA SECURITIES PVT. LTD,Naasa Securities Co. Ltd.,3023,276.0,834348.0,2025-08-31T13:50:37.187422
2025-08-31,33181,2025083105015375,NIFRA,SHUBHAKAMANA SECURITIES PVT. LTD,Trisul Securities & Invt. Ltd.,64,276.0,17664.0,2025-08-31T13:50:44.70565
2025-08-31,33170,2025083105015378,NIFRA,SHUBHAKAMANA SECURITIES PVT. LTD,Naasa Securities Co. Ltd.,319,276.0,88044.0,2025-08-31T13:50:47.563773
2025-08-31,33116,2025083105015389,NIFRA,Vision Securities Pvt. Ltd,Online Securities Pvt. Ltd.,10,277.0,2770.0,2025-08-31T13:50:56.848026
2025-08-31,32957,2025083105015428,NIFRA,SHUBHAKAMANA SECURITIES PVT. LTD,Imperial Securities Company Pvt. Ltd.,64,276.0,17664.0,2025-08-31T13:51:37.459222
2025-08-31,32909,2025083105015442,NIFRA,SHUBHAKAMANA SECURITIES PVT. LTD,Oxford Securities Pvt. Ltd.,54,276.0,14904.0,2025-08-31T13:51:50.221131
2025-08-31,32687,2025083105015484,NIFRA,SHUBHAKAMANA SECURITIES PVT. LTD,Trisul Securities & Invt. Ltd.,64,276.0,17664.0,2025-08-31T13:52:40.250594
2025-08-31,32581,2025083105015509,NIFRA,SHUBHAKAMANA SECURITIES PVT. LTD,Neev Securities Pvt. Ltd.,64,276.0,17664.0,2025-08-31T13:52:58.459731
2025-08-31,32569,2025083105015513,NIFRA,Kalika Securities Pvt. Ltd.,Trishakti Securities Public Limited,4,275.0,1100.0,2025-08-31T13:53:02.808364
2025-08-31,32494,2025083105015537,NIFRA,Kohinoor Investment & Securities Pvt. Ltd.,Imperial Securities Company Pvt. Ltd.,1000,276.1,276100.0,2025-08-31T13:53:21.435641
2025-08-31,32421,2025083105015560,NIFRA,SHUBHAKAMANA SECURITIES PVT. LTD,SUN SECURITIES PVT LTD,848,276.0,234048.0,2025-08-31T13:53:32.379188
2025-08-31,32420,2025083105015561,NIFRA,Agrawal Securities (PVT) Ltd.,SUN SECURITIES PVT LTD,100,276.0,27600.0,2025-08-31T13:53:32.379252
2025-08-31,32419,2025083105015562,NIFRA,Opal Securities Investment (PVT) Ltd.,SUN SECURITIES PVT LTD,10,276.0,2760.0,2025-08-31T13:53:32.379281
2025-08-31,32418,2025083105015563,NIFRA,Primo Securities (PVT) Ltd.,SUN SECURITIES PVT LTD,400,276.0,110400.0,2025-08-31T13:53:32.379309
2025-08-31,32417,2025083105015564,NIFRA,ABC Securities Private Limited,SUN SECURITIES PVT LTD,15,276.0,4140.0,2025-08-31T13:53:32.379342
2025-08-31,32416,2025083105015565,NIFRA,Cristal Kanchanjanga Securites Pvt. Ltd.,SUN SECURITIES PVT LTD,500,276.0,138000.0,2025-08-31T13:53:32.379369
2025-08-31,32415,2025083105015566,NIFRA,Kumari Securities Private Limited,SUN SECURITIES PVT LTD,300,276.0,82800.0,2025-08-31T13:53:32.379411
2025-08-31,32414,2025083105015567,NIFRA,Asian Securities Private Ltd.,SUN SECURITIES PVT LTD,50,276.0,13800.0,2025-08-31T13:53:32.379434
2025-08-31,32413,2025083105015568,NIFRA,Siprabi Securities Pvt. Ltd.,SUN SECURITIES PVT LTD,200,276.0,55200.0,2025-08-31T13:53:32.379462
2025-08-31,32412,2025083105015569,NIFRA,Sewa Securities Pvt. Ltd.,SUN SECURITIES PVT LTD,18,276.0,4968.0,2025-08-31T13:53:32.379502
2025-08-31,32411,2025083105015570,NIFRA,Vision Securities Pvt. Ltd,SUN SECURITIES PVT LTD,200,276.0,55200.0,2025-08-31T13:53:32.379528
2025-08-31,32410,2025083105015571,NIFRA,Kalika Securities Pvt. Ltd.,SUN SECURITIES PVT LTD,100,276.0,27600.0,2025-08-31T13:53:32.379548
2025-08-31,32361,2025083105015585,NIFRA,Imperial Securities Company Pvt. Ltd.,Sri Hari Securities Pvt. Ltd.,100,276.1,27610.0,2025-08-31T13:53:40.612805
2025-08-31,32323,2025083105015590,NIFRA,Dipshikha Dhitopatra Karobar Co. Pvt Ltd.,Sri Hari Securities Pvt. Ltd.,50,276.0,13800.0,2025-08-31T13:53:46.38648
2025-08-31,31828,2025083105015718,NIFRA,Bhrikuti Stock Broking Co. Pvt. Ltd.,Sri Hari Securities Pvt. Ltd.,250,276.0,69000.0,2025-08-31T13:55:11.42996
2025-08-31,31478,2025083105015844,NIFRA,Sani Securities Company Ltd.,Vision Securities Pvt. Ltd,54,276.0,14904.0,2025-08-31T13:56:27.016892
2025-08-31,31432,2025083105015852,NIFRA,Aryatara Investment & Securities,Sumeru Securities Pvt. Ltd.,16,276.1,4417.6,2025-08-31T13:56:38.673818
2025-08-31,31376,2025083105015862,NIFRA,Aryatara Investment & Securities,Linch Stock Market Ltd.,54,276.1,14909.4,2025-08-31T13:56:51.014932
2025-08-31,31272,2025083105015890,NIFRA,Kohinoor Investment & Securities Pvt. Ltd.,Dynamic Money Managers Securities Pvt. Ltd.,86,276.2,23753.2,2025-08-31T13:57:15.529615
2025-08-31,31268,2025083105015891,NIFRA,Kohinoor Investment & Securities Pvt. Ltd.,Vision Securities Pvt. Ltd,114,276.2,31486.8,2025-08-31T13:57:16.487321
2025-08-31,31267,2025083105015892,NIFRA,Aryatara Investment & Securities,Vision Securities Pvt. Ltd,1430,276.1,394823.0,2025-08-31T13:57:16.487408
2025-08-31,31136,2025083105015942,NIFRA,Sani Securities Company Ltd.,Sani Securities Company Ltd.,48,276.0,13248.0,2025-08-31T13:57:29.769796
2025-08-31,31079,2025083105015970,NIFRA,Sani Securities Company Ltd.,Siprabi Securities Pvt. Ltd.,10,276.0,2760.0,2025-08-31T13:57:38.292224
2025-08-31,30682,2025083105016101,NIFRA,Bhrikuti Stock Broking Co. Pvt. Ltd.,Midas Stock Broking Company Private Limited,64,276.1,17670.4,2025-08-31T13:59:07.748761
2025-08-31,29578,2025083105016382,NIFRA,Dynamic Money Managers Securities Pvt. Ltd.,Thrive Brokerage House Pvt. Ltd,54,277.0,14958.0,2025-08-31T14:02:04.401509
2025-08-31,29577,2025083105016383,NIFRA,Dynamic Money Managers Securities Pvt. Ltd.,Bhrikuti Stock Broking Co. Pvt. Ltd.,46,277.0,12742.0,2025-08-31T14:02:04.40184
2025-08-31,28384,2025083105016597,NIFRA,Aryatara Investment & Securities,Trishakti Securities Public Limited,200,276.3,55260.0,2025-08-31T14:04:11.546856
2025-08-31,28296,2025083105016638,NIFRA,Imperial Securities Company Pvt. Ltd.,Bhrikuti Stock Broking Co. Pvt. Ltd.,18,277.0,4986.0,2025-08-31T14:04:23.360045
2025-08-31,28295,2025083105016639,NIFRA,Imperial Securities Company Pvt. Ltd.,Trishakti Securities Public Limited,32,277.0,8864.0,2025-08-31T14:04:23.360671
2025-08-31,28109,2025083105016679,NIFRA,Trishakti Securities Public Limited,Linch Stock Market Ltd.,20,276.3,5526.0,2025-08-31T14:04:51.168039
2025-08-31,28108,2025083105016680,NIFRA,Sweta Securities Private Limited,Linch Stock Market Ltd.,30,276.2,8286.0,2025-08-31T14:04:51.168097
2025-08-31,28032,2025083105016687,NIFRA,Naasa Securities Co. Ltd.,Elite Stock House Limited,50,276.2,13810.0,2025-08-31T14:05:00.106604
2025-08-31,27713,2025083105016783,NIFRA,Naasa Securities Co. Ltd.,Bhrikuti Stock Broking Co. Pvt. Ltd.,50,276.2,13810.0,2025-08-31T14:06:03.751378
2025-08-31,27349,2025083105016873,NIFRA,Elite Stock House Limited,Dipshikha Dhitopatra Karobar Co. Pvt Ltd.,50,276.2,13810.0,2025-08-31T14:07:01.409517
2025-08-31,27192,2025083105016918,NIFRA,Bhrikuti Stock Broking Co. Pvt. Ltd.,Naasa Securities Co. Ltd.,36,276.1,9939.6,2025-08-31T14:07:18.394453
2025-08-31,27191,2025083105016919,NIFRA,Primo Securities (PVT) Ltd.,Naasa Securities Co. Ltd.,100,276.1,27610.0,2025-08-31T14:07:18.39454
2025-08-31,27190,2025083105016920,NIFRA,Sani Securities Company Ltd.,Naasa Securities Co. Ltd.,78,276.0,21528.0,2025-08-31T14:07:18.394571
2025-08-31,27142,2025083105016930,NIFRA,Sani Securities Company Ltd.,Trishakti Securities Public Limited,210,276.0,57960.0,2025-08-31T14:07:27.111123
2025-08-31,27141,2025083105016931,NIFRA,Kohinoor Investment & Securities Pvt. Ltd.,Trishakti Securities Public Limited,200,276.0,55200.0,2025-08-31T14:07:27.111864
2025-08-31,27140,2025083105016932,NIFRA,Dynamic Money Managers Securities Pvt. Ltd.,Trishakti Securities Public Limited,90,276.0,24840.0,2025-08-31T14:07:27.112541
2025-08-31,26296,2025083105017241,NIFRA,Dynamic Money Managers Securities Pvt. Ltd.,Himalayan Brokerage Company Limited,10,276.0,2760.0,2025-08-31T14:09:42.138856
2025-08-31,26295,2025083105017242,NIFRA,Oxford Securities Pvt. Ltd.,Himalayan Brokerage Company Limited,85,276.0,23460.0,2025-08-31T14:09:42.139567
2025-08-31,26172,2025083105017294,NIFRA,Oxford Securities Pvt. Ltd.,Trishakti Securities Public Limited,54,276.0,14904.0,2025-08-31T14:09:59.203365
2025-08-31,26127,2025083105017299,NIFRA,Oxford Securities Pvt. Ltd.,Vision Securities Pvt. Ltd,54,276.0,14904.0,2025-08-31T14:10:04.842668
2025-08-31,26125,2025083105017300,NIFRA,Nepal Stock House (PVT) Ltd.,Dipshikha Dhitopatra Karobar Co. Pvt Ltd.,14,276.2,3866.8,2025-08-31T14:10:05.081306
2025-08-31,26006,2025083105017325,NIFRA,Oxford Securities Pvt. Ltd.,Roadshow securities limited,250,276.0,69000.0,2025-08-31T14:10:27.495362
2025-08-31,25907,2025083105017359,NIFRA,Oxford Securities Pvt. Ltd.,Dipshikha Dhitopatra Karobar Co. Pvt Ltd.,44,276.0,12144.0,2025-08-31T14:10:46.020196
2025-08-31,25837,2025083105017375,NIFRA,Oxford Securities Pvt. Ltd.,Trishakti Securities Public Limited,113,276.0,31188.0,2025-08-31T14:11:01.971987
2025-08-31,25836,2025083105017376,NIFRA,Vision Securities Pvt. Ltd,Trishakti Securities Public Limited,200,276.0,55200.0,2025-08-31T14:11:01.97241
2025-08-31,25835,2025083105017377,NIFRA,Deevyaa Securities & Stock House Pvt. Ltd,Trishakti Securities Public Limited,99,276.0,27324.0,2025-08-31T14:11:01.972558
2025-08-31,25831,2025083105017378,NIFRA,Asian Securities Private Ltd.,Opal Securities Investment (PVT) Ltd.,100,276.1,27610.0,2025-08-31T14:11:04.176019
2025-08-31,25769,2025083105017394,NIFRA,Deevyaa Securities & Stock House Pvt. Ltd,Sri Hari Securities Pvt. Ltd.,84,276.0,23184.0,2025-08-31T14:11:14.451869
2025-08-31,25722,2025083105017406,NIFRA,Deevyaa Securities & Stock House Pvt. Ltd,Dipshikha Dhitopatra Karobar Co. Pvt Ltd.,10,276.0,2760.0,2025-08-31T14:11:23.371066
2025-08-31,25660,2025083105017419,NIFRA,Deevyaa Securities & Stock House Pvt. Ltd,Nepal Stock House (PVT) Ltd.,43,276.0,11868.0,2025-08-31T14:11:32.220023
2025-08-31,25657,2025083105017421,NIFRA,Deevyaa Securities & Stock House Pvt. Ltd,Sri Hari Securities Pvt. Ltd.,250,276.0,69000.0,2025-08-31T14:11:32.6049
2025-08-31,25367,2025083105017476,NIFRA,Deevyaa Securities & Stock House Pvt. Ltd,Kohinoor Investment & Securities Pvt. Ltd.,14,276.0,3864.0,2025-08-31T14:12:08.074543
2025-08-31,25366,2025083105017477,NIFRA,Global IME Securities Limited,Kohinoor Investment & Securities Pvt. Ltd.,200,276.0,55200.0,2025-08-31T14:12:08.074861
2025-08-31,25365,2025083105017478,NIFRA,Dynamic Money Managers Securities Pvt. Ltd.,Kohinoor Investment & Securities Pvt. Ltd.,50,276.0,13800.0,2025-08-31T14:12:08.075009
2025-08-31,25364,2025083105017479,NIFRA,Sajilo Broker Limited,Kohinoor Investment & Securities Pvt. Ltd.,100,276.0,27600.0,2025-08-31T14:12:08.075151
2025-08-31,25151,2025083105017525,NIFRA,Vision Securities Pvt. Ltd,Kohinoor Investment & Securities Pvt. Ltd.,100,276.0,27600.0,2025-08-31T14:12:50.388864
2025-08-31,25096,2025083105017540,NIFRA,Sani Securities Company Ltd.,Kohinoor Investment & Securities Pvt. Ltd.,1036,276.0,285936.0,2025-08-31T14:12:57.018516
2025-08-31,25095,2025083105017541,NIFRA,Sani Securities Company Ltd.,Sri Hari Securities Pvt. Ltd.,10,276.0,2760.0,2025-08-31T14:12:57.019181
2025-08-31,25094,2025083105017542,NIFRA,Sani Securities Company Ltd.,Opal Securities Investment (PVT) Ltd.,100,276.1,27610.0,2025-08-31T14:12:57.019639
2025-08-31,25093,2025083105017543,NIFRA,Sani Securities Company Ltd.,Trishakti Securities Public Limited,22,277.0,6094.0,2025-08-31T14:12:57.020066
2025-08-31,25092,2025083105017544,NIFRA,Sani Securities Company Ltd.,J.F. Securites (PVT) Ltd.,54,277.0,14958.0,2025-08-31T14:12:57.020482
2025-08-31,25091,2025083105017545,NIFRA,Sani Securities Company Ltd.,Sani Securities Company Ltd.,200,277.0,55400.0,2025-08-31T14:12:57.020894
2025-08-31,25089,2025083105017546,NIFRA,Sani Securities Company Ltd.,Thrive Brokerage House Pvt. Ltd,54,277.0,14958.0,2025-08-31T14:12:57.021373
2025-08-31,25088,2025083105017547,NIFRA,Sani Securities Company Ltd.,Sundhara Securities Limited,64,277.0,17728.0,2025-08-31T14:12:57.021808
2025-08-31,25087,2025083105017548,NIFRA,Sani Securities Company Ltd.,Vision Securities Pvt. Ltd,10,277.0,2770.0,2025-08-31T14:12:57.022235
2025-08-31,25086,2025083105017549,NIFRA,Sani Securities Company Ltd.,Aryatara Investment & Securities,54,277.0,14958.0,2025-08-31T14:12:57.022691
2025-08-31,25085,2025083105017550,NIFRA,Sani Securities Company Ltd.,Midas Stock Broking Company Private Limited,54,277.0,14958.0,2025-08-31T14:12:57.023106
2025-08-31,25084,2025083105017551,NIFRA,Sani Securities Company Ltd.,Creative Securities Pvt Ltd,142,277.0,39334.0,2025-08-31T14:12:57.023542
2025-08-31,24400,2025083105017698,NIFRA,Sani Securities Company Ltd.,Premier Securities Company Ltd.,180,275.6,49608.0,2025-08-31T14:14:42.907354
2025-08-31,24399,2025083105017699,NIFRA,Kumari Securities Private Limited,Premier Securities Company Ltd.,20,275.6,5512.0,2025-08-31T14:14:42.908029
2025-08-31,23852,2025083105017854,NIFRA,Kumari Securities Private Limited,Vision Securities Pvt. Ltd,29,275.6,7992.4,2025-08-31T14:16:20.348942
2025-08-31,23607,2025083105017907,NIFRA,Online Securities Pvt. Ltd.,Creative Securities Pvt Ltd,58,277.0,16066.0,2025-08-31T14:17:02.646891
2025-08-31,23606,2025083105017908,NIFRA,Online Securities Pvt. Ltd.,Vision Securities Pvt. Ltd,48,277.0,13296.0,2025-08-31T14:17:02.647558
2025-08-31,23453,2025083105017945,NIFRA,Sani Securities Company Ltd.,Naasa Securities Co. Ltd.,54,276.0,14904.0,2025-08-31T14:17:28.20343
2025-08-31,23419,2025083105017953,NIFRA,Sani Securities Company Ltd.,Naasa Securities Co. Ltd.,156,276.0,43056.0,2025-08-31T14:17:35.398141
2025-08-31,23418,2025083105017954,NIFRA,Imperial Securities Company Pvt. Ltd.,Naasa Securities Co. Ltd.,100,276.0,27600.0,2025-08-31T14:17:35.3988
2025-08-31,23119,2025083105018011,NIFRA,Sipla Securities Private Limited,Primo Securities (PVT) Ltd.,420,275.7,115794.0,2025-08-31T14:18:13.620028
2025-08-31,23118,2025083105018012,NIFRA,Deevyaa Securities & Stock House Pvt. Ltd,Primo Securities (PVT) Ltd.,282,275.7,77747.4,2025-08-31T14:18:13.62042
2025-08-31,22992,2025083105018051,NIFRA,Deevyaa Securities & Stock House Pvt. Ltd,Primo Securities (PVT) Ltd.,10,275.7,2757.0,2025-08-31T14:18:29.707493
2025-08-31,22974,2025083105018056,NIFRA,Deevyaa Securities & Stock House Pvt. Ltd,Imperial Securities Company Pvt. Ltd.,43,275.7,11855.1,2025-08-31T14:18:33.890517
2025-08-31,22648,2025083105018151,NIFRA,Deevyaa Securities & Stock House Pvt. Ltd,Naasa Securities Co. Ltd.,165,275.7,45490.5,2025-08-31T14:19:17.825445
2025-08-31,22647,2025083105018152,NIFRA,Asian Securities Private Ltd.,Naasa Securities Co. Ltd.,100,275.7,27570.0,2025-08-31T14:19:17.825794
2025-08-31,22646,2025083105018153,NIFRA,Kumari Securities Private Limited,Naasa Securities Co. Ltd.,259,275.6,71380.4,2025-08-31T14:19:17.825942
2025-08-31,22610,2025083105018164,NIFRA,Sani Securities Company Ltd.,Thrive Brokerage House Pvt. Ltd,10,276.0,2760.0,2025-08-31T14:19:27.639712
2025-08-31,22428,2025083105018206,NIFRA,Market Securities & Exchange (PVT) Ltd.,Thrive Brokerage House Pvt. Ltd,54,275.7,14887.8,2025-08-31T14:19:53.197688
2025-08-31,22427,2025083105018207,NIFRA,Market Securities & Exchange (PVT) Ltd.,Vision Securities Pvt. Ltd,246,277.0,68142.0,2025-08-31T14:19:53.198039
2025-08-31,21872,2025083105018385,NIFRA,Kumari Securities Private Limited,Online Securities Pvt. Ltd.,42,275.6,11575.2,2025-08-31T14:21:35.107013
2025-08-31,21871,2025083105018386,NIFRA,South Asian Bulls Pvt. Ltd.,Online Securities Pvt. Ltd.,12,275.6,3307.2,2025-08-31T14:21:35.10776
2025-08-31,21832,2025083105018398,NIFRA,Aryatara Investment & Securities,Vision Securities Pvt. Ltd,100,277.0,27700.0,2025-08-31T14:21:43.160032
2025-08-31,21458,2025083105018464,NIFRA,Sumeru Securities Pvt. Ltd.,Naasa Securities Co. Ltd.,144,276.0,39744.0,2025-08-31T14:22:47.797683
2025-08-31,21027,2025083105018586,NIFRA,Vision Securities Pvt. Ltd,Naasa Securities Co. Ltd.,106,276.0,29256.0,2025-08-31T14:23:54.702444
2025-08-31,21024,2025083105018587,NIFRA,Vision Securities Pvt. Ltd,Online Securities Pvt. Ltd.,394,276.0,108744.0,2025-08-31T14:23:55.589953
2025-08-31,21023,2025083105018588,NIFRA,South Asian Bulls Pvt. Ltd.,Online Securities Pvt. Ltd.,88,275.6,24252.8,2025-08-31T14:23:55.590307
2025-08-31,21022,2025083105018589,NIFRA,South Asian Bulls Pvt. Ltd.,Online Securities Pvt. Ltd.,65,275.5,17907.5,2025-08-31T14:23:55.590466
2025-08-31,21021,2025083105018590,NIFRA,Agrawal Securities (PVT) Ltd.,Online Securities Pvt. Ltd.,100,275.5,27550.0,2025-08-31T14:23:55.590617
2025-08-31,21020,2025083105018591,NIFRA,Opal Securities Investment (PVT) Ltd.,Online Securities Pvt. Ltd.,653,275.5,179901.5,2025-08-31T14:23:55.590767
2025-08-31,20839,2025083105018639,NIFRA,Opal Securities Investment (PVT) Ltd.,Online Securities Pvt. Ltd.,54,275.5,14877.0,2025-08-31T14:24:22.8394
2025-08-31,20837,2025083105018640,NIFRA,Opal Securities Investment (PVT) Ltd.,Vision Securities Pvt. Ltd,54,275.5,14877.0,2025-08-31T14:24:24.121974
2025-08-31,20802,2025083105018657,NIFRA,Opal Securities Investment (PVT) Ltd.,Sundhara Securities Limited,239,275.5,65844.5,2025-08-31T14:24:29.37597
2025-08-31,20801,2025083105018658,NIFRA,Bhrikuti Stock Broking Co. Pvt. Ltd.,Sundhara Securities Limited,50,275.5,13775.0,2025-08-31T14:24:29.376688
2025-08-31,20800,2025083105018659,NIFRA,Aryatara Investment & Securities,Sundhara Securities Limited,100,275.4,27540.0,2025-08-31T14:24:29.377227
2025-08-31,20799,2025083105018660,NIFRA,Asian Securities Private Ltd.,Sundhara Securities Limited,100,275.3,27530.0,2025-08-31T14:24:29.377725
2025-08-31,20798,2025083105018661,NIFRA,Dakshinkali Investment & Securities Pvt. Ltd.,Sundhara Securities Limited,50,275.3,13765.0,2025-08-31T14:24:29.378231
2025-08-31,20797,2025083105018662,NIFRA,Elite Stock House Limited,Sundhara Securities Limited,50,275.2,13760.0,2025-08-31T14:24:29.378707
2025-08-31,20796,2025083105018663,NIFRA,Asian Securities Private Ltd.,Sundhara Securities Limited,911,275.2,250707.2,2025-08-31T14:24:29.379205
2025-08-31,20630,2025083105018704,NIFRA,Nepal Stock House (PVT) Ltd.,Sundhara Securities Limited,15,275.5,4132.5,2025-08-31T14:24:52.507813
2025-08-31,20629,2025083105018705,NIFRA,South Asian Bulls Pvt. Ltd.,Sundhara Securities Limited,300,275.3,82590.0,2025-08-31T14:24:52.508164
2025-08-31,20628,2025083105018706,NIFRA,Asian Securities Private Ltd.,Sundhara Securities Limited,89,275.2,24492.8,2025-08-31T14:24:52.508323
2025-08-31,20627,2025083105018707,NIFRA,Sri Hari Securities Pvt. Ltd.,Sundhara Securities Limited,1000,275.2,275200.0,2025-08-31T14:24:52.508473
2025-08-31,20626,2025083105018708,NIFRA,South Asian Bulls Pvt. Ltd.,Sundhara Securities Limited,96,275.2,26419.2,2025-08-31T14:24:52.50867
2025-08-31,20569,2025083105018717,NIFRA,South Asian Bulls Pvt. Ltd.,Aryatara Investment & Securities,54,275.1,14855.4,2025-08-31T14:25:06.283628
2025-08-31,20497,2025083105018745,NIFRA,South Asian Bulls Pvt. Ltd.,Sundhara Securities Limited,46,275.1,12654.6,2025-08-31T14:25:21.645274
2025-08-31,20496,2025083105018746,NIFRA,Kumari Securities Private Limited,Sundhara Securities Limited,500,275.1,137550.0,2025-08-31T14:25:21.646072
2025-08-31,20495,2025083105018747,NIFRA,Sundhara Securities Limited,Sundhara Securities Limited,96,275.1,26409.6,2025-08-31T14:25:21.646752
2025-08-31,20427,2025083105018766,NIFRA,Sundhara Securities Limited,Investment Management Nepal Pvt. Ltd.,584,275.1,160658.4,2025-08-31T14:25:31.90596
2025-08-31,20426,2025083105018767,NIFRA,Neev Securities Pvt. Ltd.,Investment Management Nepal Pvt. Ltd.,500,275.1,137550.0,2025-08-31T14:25:31.906671
2025-08-31,20425,2025083105018768,NIFRA,SHUBHAKAMANA SECURITIES PVT. LTD,Investment Management Nepal Pvt. Ltd.,2000,275.1,550200.0,2025-08-31T14:25:31.907129
2025-08-31,20361,2025083105018778,NIFRA,Kumari Securities Private Limited,Kohinoor Investment & Securities Pvt. Ltd.,1000,275.0,275000.0,2025-08-31T14:25:39.985678
2025-08-31,20240,2025083105018804,NIFRA,Imperial Securities Company Pvt. Ltd.,Kohinoor Investment & Securities Pvt. Ltd.,10,275.0,2750.0,2025-08-31T14:25:56.075049
2025-08-31,20239,2025083105018805,NIFRA,Sewa Securities Pvt. Ltd.,Kohinoor Investment & Securities Pvt. Ltd.,190,275.0,52250.0,2025-08-31T14:25:56.075414
2025-08-31,20182,2025083105018820,NIFRA,Asian Securities Private Ltd.,Investment Management Nepal Pvt. Ltd.,500,275.1,137550.0,2025-08-31T14:26:04.996351
2025-08-31,20180,2025083105018821,NIFRA,South Asian Bulls Pvt. Ltd.,Investment Management Nepal Pvt. Ltd.,14,275.1,3851.4,2025-08-31T14:26:05.905635
2025-08-31,20172,2025083105018825,NIFRA,Asian Securities Private Ltd.,Investment Management Nepal Pvt. Ltd.,128,275.1,35212.8,2025-08-31T14:26:07.009817
2025-08-31,20138,2025083105018827,NIFRA,Asian Securities Private Ltd.,Dipshikha Dhitopatra Karobar Co. Pvt Ltd.,44,275.1,12104.4,2025-08-31T14:26:10.941192
2025-08-31,20012,2025083105018860,NIFRA,Asian Securities Private Ltd.,Dipshikha Dhitopatra Karobar Co. Pvt Ltd.,10,275.1,2751.0,2025-08-31T14:26:27.076822
2025-08-31,20011,2025083105018861,NIFRA,Asian Securities Private Ltd.,Aryatara Investment & Securities,54,275.1,14855.4,2025-08-31T14:26:27.112958
2025-08-31,19993,2025083105018867,NIFRA,Asian Securities Private Ltd.,Opal Securities Investment (PVT) Ltd.,21,275.1,5777.1,2025-08-31T14:26:29.613515
2025-08-31,19730,2025083105018916,NIFRA,Asian Securities Private Ltd.,Siprabi Securities Pvt. Ltd.,243,275.1,66849.3,2025-08-31T14:27:08.739964
2025-08-31,19729,2025083105018917,NIFRA,Sani Securities Company Ltd.,Siprabi Securities Pvt. Ltd.,50,275.1,13755.0,2025-08-31T14:27:08.740368
2025-08-31,19728,2025083105018918,NIFRA,Vision Securities Pvt. Ltd,Siprabi Securities Pvt. Ltd.,75,275.1,20632.5,2025-08-31T14:27:08.740542
2025-08-31,19727,2025083105018919,NIFRA,Sewa Securities Pvt. Ltd.,Siprabi Securities Pvt. Ltd.,310,275.0,85250.0,2025-08-31T14:27:08.740686
2025-08-31,19726,2025083105018920,NIFRA,Investment Management Nepal Pvt. Ltd.,Siprabi Securities Pvt. Ltd.,100,275.0,27500.0,2025-08-31T14:27:08.740833
2025-08-31,19725,2025083105018921,NIFRA,Linch Stock Market Ltd.,Siprabi Securities Pvt. Ltd.,25,275.0,6875.0,2025-08-31T14:27:08.741038
2025-08-31,19724,2025083105018922,NIFRA,Dipshikha Dhitopatra Karobar Co. Pvt Ltd.,Siprabi Securities Pvt. Ltd.,197,275.0,54175.0,2025-08-31T14:27:08.741198
2025-08-31,19163,2025083105019117,NIFRA,Sri Hari Securities Pvt. Ltd.,ABC Securities Private Limited,54,275.1,14855.4,2025-08-31T14:28:19.790582
2025-08-31,18718,2025083105019246,NIFRA,Online Securities Pvt. Ltd.,Online Securities Pvt. Ltd.,20,275.4,5508.0,2025-08-31T14:29:28.465079
2025-08-31,18395,2025083105019353,NIFRA,Sri Hari Securities Pvt. Ltd.,Premier Securities Company Ltd.,54,275.1,14855.4,2025-08-31T14:30:08.515573
2025-08-31,18165,2025083105019420,NIFRA,Sri Hari Securities Pvt. Ltd.,Aryatara Investment & Securities,54,275.1,14855.4,2025-08-31T14:30:47.119614
2025-08-31,18019,2025083105019462,NIFRA,Sri Hari Securities Pvt. Ltd.,Naasa Securities Co. Ltd.,54,275.1,14855.4,2025-08-31T14:31:12.615593
2025-08-31,17893,2025083105019505,NIFRA,Primo Securities (PVT) Ltd.,Naasa Securities Co. Ltd.,10,275.2,2752.0,2025-08-31T14:31:24.0893
2025-08-31,17757,2025083105019542,NIFRA,Premier Securities Company Ltd.,Online Securities Pvt. Ltd.,10,275.4,2754.0,2025-08-31T14:31:40.002654
2025-08-31,17596,2025083105019576,NIFRA,Trishakti Securities Public Limited,Vision Securities Pvt. Ltd,180,275.3,49554.0,2025-08-31T14:31:58.049731
2025-08-31,17595,2025083105019577,NIFRA,Primo Securities (PVT) Ltd.,Vision Securities Pvt. Ltd,294,275.2,80908.8,2025-08-31T14:31:58.050085
2025-08-31,17583,2025083105019579,NIFRA,Naasa Securities Co. Ltd.,Online Securities Pvt. Ltd.,170,275.4,46818.0,2025-08-31T14:32:01.143166
2025-08-31,17423,2025083105019645,NIFRA,Naasa Securities Co. Ltd.,Naasa Securities Co. Ltd.,14,275.4,3855.6,2025-08-31T14:32:20.647204
2025-08-31,17097,2025083105019694,NIFRA,Naasa Securities Co. Ltd.,Imperial Securities Company Pvt. Ltd.,10,275.4,2754.0,2025-08-31T14:32:53.868088
2025-08-31,16918,2025083105019756,NIFRA,Primo Securities (PVT) Ltd.,Agrawal Securities (PVT) Ltd.,54,275.2,14860.8,2025-08-31T14:33:18.756041
