Date,S.N.,Contract ID,Symbol,Buyer Broker,Seller Broker,volume,rate,amount,transaction_time
2025-08-31,97153,2025083104000016,RHPL,Agrawal Securities (PVT) Ltd.,Sundhara Securities Limited,150,309.3,46395.0,2025-08-31T10:46:00.038901
2025-08-31,93836,2025083104000166,RHPL,Naasa Securities Co. Ltd.,Sundhara Securities Limited,50,305.0,15250.0,2025-08-31T11:04:32.498951
2025-08-31,93805,2025083104000169,RHPL,Naasa Securities Co. Ltd.,Sani Securities Company Ltd.,50,305.0,15250.0,2025-08-31T11:04:37.76813
2025-08-31,92773,2025083104000229,RHPL,Capital Max Securities Ltd,Sani Securities Company Ltd.,10,305.0,3050.0,2025-08-31T11:06:26.054103
2025-08-31,92754,2025083104000231,RHPL,Online Securities Pvt. Ltd.,Deevyaa Securities & Stock House Pvt. Ltd,100,303.3,30330.0,2025-08-31T11:06:28.45855
2025-08-31,92583,2025083104000234,RHPL,Naasa Securities Co. Ltd.,Sani Securities Company Ltd.,10,305.0,3050.0,2025-08-31T11:06:44.426348
2025-08-31,90941,2025083104000319,RHPL,Online Securities Pvt. Ltd.,J.F. Securites (PVT) Ltd.,50,303.3,15165.0,2025-08-31T11:09:33.594381
2025-08-31,90940,2025083104000320,RHPL,Sundhara Securities Limited,J.F. Securites (PVT) Ltd.,50,303.2,15160.0,2025-08-31T11:09:33.594535
2025-08-31,90939,2025083104000321,RHPL,Kohinoor Investment & Securities Pvt. Ltd.,J.F. Securites (PVT) Ltd.,65,303.0,19695.0,2025-08-31T11:09:33.594628
2025-08-31,90748,2025083104000340,RHPL,Kohinoor Investment & Securities Pvt. Ltd.,Deevyaa Securities & Stock House Pvt. Ltd,35,303.0,10605.0,2025-08-31T11:09:52.041171
2025-08-31,88497,2025083104000490,RHPL,Sani Securities Company Ltd.,Deevyaa Securities & Stock House Pvt. Ltd,65,301.3,19584.5,2025-08-31T11:13:32.101194
2025-08-31,87882,2025083104000528,RHPL,SHUBHAKAMANA SECURITIES PVT. LTD,Imperial Securities Company Pvt. Ltd.,40,302.0,12080.0,2025-08-31T11:14:44.70392
2025-08-31,87783,2025083104000531,RHPL,SHUBHAKAMANA SECURITIES PVT. LTD,Siprabi Securities Pvt. Ltd.,60,302.0,18120.0,2025-08-31T11:14:54.528064
2025-08-31,86725,2025083104000614,RHPL,Sani Securities Company Ltd.,Naasa Securities Co. Ltd.,35,301.3,10545.5,2025-08-31T11:16:35.632625
2025-08-31,86720,2025083104000615,RHPL,Bhrikuti Stock Broking Co. Pvt. Ltd.,Naasa Securities Co. Ltd.,70,301.0,21070.0,2025-08-31T11:16:36.64396
2025-08-31,86713,2025083104000618,RHPL,Dynamic Money Managers Securities Pvt. Ltd.,Naasa Securities Co. Ltd.,85,301.0,25585.0,2025-08-31T11:16:38.304039
2025-08-31,86712,2025083104000619,RHPL,Dynamic Money Managers Securities Pvt. Ltd.,Naasa Securities Co. Ltd.,40,301.3,12052.0,2025-08-31T11:16:38.304236
2025-08-31,86711,2025083104000620,RHPL,Dynamic Money Managers Securities Pvt. Ltd.,Siprabi Securities Pvt. Ltd.,20,302.0,6040.0,2025-08-31T11:16:38.304385
2025-08-31,86710,2025083104000621,RHPL,Dynamic Money Managers Securities Pvt. Ltd.,Asian Securities Private Ltd.,80,302.0,24160.0,2025-08-31T11:16:38.304492
2025-08-31,86709,2025083104000622,RHPL,Dynamic Money Managers Securities Pvt. Ltd.,Online Securities Pvt. Ltd.,95,302.0,28690.0,2025-08-31T11:16:38.304605
2025-08-31,86012,2025083104000692,RHPL,Aryatara Investment & Securities,Online Securities Pvt. Ltd.,100,302.0,30200.0,2025-08-31T11:17:54.604594
2025-08-31,85658,2025083104000721,RHPL,Dynamic Money Managers Securities Pvt. Ltd.,Opal Securities Investment (PVT) Ltd.,80,300.6,24048.0,2025-08-31T11:18:36.051519
2025-08-31,85493,2025083104000731,RHPL,SHUBHAKAMANA SECURITIES PVT. LTD,Online Securities Pvt. Ltd.,25,302.0,7550.0,2025-08-31T11:18:52.485666
2025-08-31,85492,2025083104000732,RHPL,SHUBHAKAMANA SECURITIES PVT. LTD,Dakshinkali Investment & Securities Pvt. Ltd.,15,303.0,4545.0,2025-08-31T11:18:52.485768
2025-08-31,84627,2025083104000790,RHPL,Trishakti Securities Public Limited,Imperial Securities Company Pvt. Ltd.,50,301.0,15050.0,2025-08-31T11:20:18.097612
2025-08-31,84626,2025083104000791,RHPL,Nepal Investment And Securities Trading Private Limited,Imperial Securities Company Pvt. Ltd.,50,301.0,15050.0,2025-08-31T11:20:18.09788
2025-08-31,84625,2025083104000792,RHPL,Dynamic Money Managers Securities Pvt. Ltd.,Imperial Securities Company Pvt. Ltd.,220,300.6,66132.0,2025-08-31T11:20:18.098084
2025-08-31,84624,2025083104000793,RHPL,Dipshikha Dhitopatra Karobar Co. Pvt Ltd.,Imperial Securities Company Pvt. Ltd.,65,300.6,19539.0,2025-08-31T11:20:18.098281
2025-08-31,84623,2025083104000794,RHPL,Agrawal Securities (PVT) Ltd.,Imperial Securities Company Pvt. Ltd.,15,300.5,4507.5,2025-08-31T11:20:18.098497
2025-08-31,82002,2025083104001080,RHPL,Kalika Securities Pvt. Ltd.,J.F. Securites (PVT) Ltd.,70,302.1,21147.0,2025-08-31T11:25:16.255006
2025-08-31,81704,2025083104001124,RHPL,Sundhara Securities Limited,Aryatara Investment & Securities,70,303.0,21210.0,2025-08-31T11:25:44.653074
2025-08-31,80925,2025083104001199,RHPL,Kalika Securities Pvt. Ltd.,Midas Stock Broking Company Private Limited,30,302.1,9063.0,2025-08-31T11:27:11.566912
2025-08-31,80780,2025083104001213,RHPL,Sumeru Securities Pvt. Ltd.,Capital Max Securities Ltd,80,302.0,24160.0,2025-08-31T11:27:29.383611
2025-08-31,79569,2025083104001357,RHPL,Sumeru Securities Pvt. Ltd.,Naasa Securities Co. Ltd.,20,302.0,6040.0,2025-08-31T11:30:00.967216
2025-08-31,79568,2025083104001358,RHPL,Siprabi Securities Pvt. Ltd.,Naasa Securities Co. Ltd.,30,302.0,9060.0,2025-08-31T11:30:00.967372
2025-08-31,78344,2025083104001509,RHPL,Premier Securities Company Ltd.,Aryatara Investment & Securities,40,300.8,12032.0,2025-08-31T11:32:46.275758
2025-08-31,77731,2025083104001573,RHPL,Premier Securities Company Ltd.,Online Securities Pvt. Ltd.,20,300.8,6016.0,2025-08-31T11:34:07.925866
2025-08-31,75623,2025083104001767,RHPL,Sundhara Securities Limited,Kalika Securities Pvt. Ltd.,30,302.0,9060.0,2025-08-31T11:38:39.291528
2025-08-31,75622,2025083104001768,RHPL,Sundhara Securities Limited,Oxford Securities Pvt. Ltd.,70,302.0,21140.0,2025-08-31T11:38:39.291716
2025-08-31,75408,2025083104001788,RHPL,Sani Securities Company Ltd.,Trisul Securities & Invt. Ltd.,100,302.0,30200.0,2025-08-31T11:39:17.397098
2025-08-31,73615,2025083104001955,RHPL,Agrawal Securities (PVT) Ltd.,Naasa Securities Co. Ltd.,40,301.3,12052.0,2025-08-31T11:43:09.383851
2025-08-31,73516,2025083104001966,RHPL,Agrawal Securities (PVT) Ltd.,Capital Max Securities Ltd,10,301.3,3013.0,2025-08-31T11:43:34.856281
2025-08-31,73475,2025083104001970,RHPL,Agrawal Securities (PVT) Ltd.,Sani Securities Company Ltd.,675,301.3,203377.5,2025-08-31T11:43:39.098292
2025-08-31,73277,2025083104001989,RHPL,Agrawal Securities (PVT) Ltd.,Linch Stock Market Ltd.,40,301.3,12052.0,2025-08-31T11:44:10.913048
2025-08-31,73194,2025083104001996,RHPL,Agrawal Securities (PVT) Ltd.,Sri Hari Securities Pvt. Ltd.,70,301.3,21091.0,2025-08-31T11:44:27.298297
2025-08-31,73177,2025083104001998,RHPL,Agrawal Securities (PVT) Ltd.,KALASH STOCK MARKET PVT. LTD.,150,301.3,45195.0,2025-08-31T11:44:30.232165
2025-08-31,72853,2025083104002031,RHPL,Dynamic Money Managers Securities Pvt. Ltd.,KALASH STOCK MARKET PVT. LTD.,110,301.3,33143.0,2025-08-31T11:45:25.702461
2025-08-31,72722,2025083104002053,RHPL,Sundhara Securities Limited,Online Securities Pvt. Ltd.,10,301.2,3012.0,2025-08-31T11:45:48.877295
2025-08-31,72603,2025083104002063,RHPL,Sundhara Securities Limited,Online Securities Pvt. Ltd.,40,301.2,12048.0,2025-08-31T11:46:12.579996
2025-08-31,72379,2025083104002079,RHPL,Trishakti Securities Public Limited,Miyo Securities Pvt Ltd,50,301.0,15050.0,2025-08-31T11:46:47.494476
2025-08-31,72079,2025083104002102,RHPL,Sani Securities Company Ltd.,Aryatara Investment & Securities,50,301.0,15050.0,2025-08-31T11:47:43.431083
2025-08-31,71391,2025083104002168,RHPL,Nepal Investment And Securities Trading Private Limited,Capital Max Securities Ltd,40,300.9,12036.0,2025-08-31T11:49:37.219828
2025-08-31,70894,2025083104002227,RHPL,ABC Securities Private Limited,Shree Krishna Securities Ltd.,200,301.0,60200.0,2025-08-31T11:50:58.477854
2025-08-31,70846,2025083104002231,RHPL,Imperial Securities Company Pvt. Ltd.,Shree Krishna Securities Ltd.,300,301.0,90300.0,2025-08-31T11:51:08.692569
2025-08-31,70728,2025083104002241,RHPL,Imperial Securities Company Pvt. Ltd.,Online Securities Pvt. Ltd.,200,301.0,60200.0,2025-08-31T11:51:11.462407
2025-08-31,70727,2025083104002242,RHPL,Nepal Investment And Securities Trading Private Limited,Online Securities Pvt. Ltd.,60,300.9,18054.0,2025-08-31T11:51:11.462607
2025-08-31,70726,2025083104002243,RHPL,Sani Securities Company Ltd.,Online Securities Pvt. Ltd.,50,300.9,15045.0,2025-08-31T11:51:11.462685
2025-08-31,70725,2025083104002244,RHPL,Premier Securities Company Ltd.,Online Securities Pvt. Ltd.,40,300.8,12032.0,2025-08-31T11:51:11.462753
2025-08-31,70724,2025083104002245,RHPL,Sewa Securities Pvt. Ltd.,Online Securities Pvt. Ltd.,200,300.8,60160.0,2025-08-31T11:51:11.462819
2025-08-31,70723,2025083104002246,RHPL,Kumari Securities Private Limited,Online Securities Pvt. Ltd.,500,300.8,150400.0,2025-08-31T11:51:11.462881
2025-08-31,70286,2025083104002326,RHPL,ABC Securities Private Limited,Aryatara Investment & Securities,120,301.0,36120.0,2025-08-31T11:52:04.206642
2025-08-31,70191,2025083104002343,RHPL,ABC Securities Private Limited,Midas Stock Broking Company Private Limited,880,301.0,264880.0,2025-08-31T11:52:28.213387
2025-08-31,70190,2025083104002344,RHPL,Arun Securities (PVT) Ltd.,Midas Stock Broking Company Private Limited,10,300.9,3009.0,2025-08-31T11:52:28.21372
2025-08-31,70189,2025083104002345,RHPL,Sani Securities Company Ltd.,Midas Stock Broking Company Private Limited,100,300.9,30090.0,2025-08-31T11:52:28.213984
2025-08-31,70188,2025083104002346,RHPL,Kumari Securities Private Limited,Midas Stock Broking Company Private Limited,500,300.8,150400.0,2025-08-31T11:52:28.214285
2025-08-31,70187,2025083104002347,RHPL,Naasa Securities Co. Ltd.,Midas Stock Broking Company Private Limited,50,300.7,15035.0,2025-08-31T11:52:28.214544
2025-08-31,70186,2025083104002348,RHPL,ABC Securities Private Limited,Midas Stock Broking Company Private Limited,200,300.7,60140.0,2025-08-31T11:52:28.214876
2025-08-31,70185,2025083104002349,RHPL,Aryatara Investment & Securities,Midas Stock Broking Company Private Limited,500,300.7,150350.0,2025-08-31T11:52:28.215139
2025-08-31,70184,2025083104002350,RHPL,Aryatara Investment & Securities,Midas Stock Broking Company Private Limited,100,300.6,30060.0,2025-08-31T11:52:28.215463
2025-08-31,70183,2025083104002351,RHPL,Linch Stock Market Ltd.,Midas Stock Broking Company Private Limited,200,300.6,60120.0,2025-08-31T11:52:28.215733
2025-08-31,70182,2025083104002352,RHPL,Linch Stock Market Ltd.,Midas Stock Broking Company Private Limited,300,300.6,90180.0,2025-08-31T11:52:28.216068
2025-08-31,70181,2025083104002353,RHPL,Imperial Securities Company Pvt. Ltd.,Midas Stock Broking Company Private Limited,100,300.6,30060.0,2025-08-31T11:52:28.21636
2025-08-31,70180,2025083104002354,RHPL,Siprabi Securities Pvt. Ltd.,Midas Stock Broking Company Private Limited,1000,300.6,300600.0,2025-08-31T11:52:28.216625
2025-08-31,70179,2025083104002355,RHPL,Aryatara Investment & Securities,Midas Stock Broking Company Private Limited,100,300.5,30050.0,2025-08-31T11:52:28.216893
2025-08-31,70178,2025083104002356,RHPL,Sundhara Securities Limited,Midas Stock Broking Company Private Limited,200,300.5,60100.0,2025-08-31T11:52:28.217202
2025-08-31,70177,2025083104002357,RHPL,ABC Securities Private Limited,Midas Stock Broking Company Private Limited,50,300.4,15020.0,2025-08-31T11:52:28.217484
2025-08-31,70176,2025083104002358,RHPL,ABC Securities Private Limited,Midas Stock Broking Company Private Limited,500,300.1,150050.0,2025-08-31T11:52:28.21778
2025-08-31,70175,2025083104002359,RHPL,Kumari Securities Private Limited,Midas Stock Broking Company Private Limited,30,300.1,9003.0,2025-08-31T11:52:28.218049
2025-08-31,70174,2025083104002360,RHPL,Sumeru Securities Pvt. Ltd.,Midas Stock Broking Company Private Limited,50,300.0,15000.0,2025-08-31T11:52:28.218345
2025-08-31,70173,2025083104002361,RHPL,South Asian Bulls Pvt. Ltd.,Midas Stock Broking Company Private Limited,400,300.0,120000.0,2025-08-31T11:52:28.218469
2025-08-31,70172,2025083104002362,RHPL,Midas Stock Broking Company Private Limited,Midas Stock Broking Company Private Limited,1010,300.0,303000.0,2025-08-31T11:52:28.218572
2025-08-31,70171,2025083104002363,RHPL,Aakashbhairab Securities Ltd.,Midas Stock Broking Company Private Limited,100,300.0,30000.0,2025-08-31T11:52:28.218663
2025-08-31,70170,2025083104002364,RHPL,Online Securities Pvt. Ltd.,Midas Stock Broking Company Private Limited,500,300.0,150000.0,2025-08-31T11:52:28.21875
2025-08-31,70169,2025083104002365,RHPL,Bhrikuti Stock Broking Co. Pvt. Ltd.,Midas Stock Broking Company Private Limited,100,300.0,30000.0,2025-08-31T11:52:28.218848
2025-08-31,70168,2025083104002366,RHPL,Global IME Securities Limited,Midas Stock Broking Company Private Limited,500,300.0,150000.0,2025-08-31T11:52:28.218939
2025-08-31,70167,2025083104002367,RHPL,Secured Securities Ltd.,Midas Stock Broking Company Private Limited,50,300.0,15000.0,2025-08-31T11:52:28.219024
2025-08-31,70166,2025083104002368,RHPL,N.I.M.B. Stock Markets Limited,Midas Stock Broking Company Private Limited,10,300.0,3000.0,2025-08-31T11:52:28.219109
2025-08-31,70165,2025083104002369,RHPL,Oxford Securities Pvt. Ltd.,Midas Stock Broking Company Private Limited,40,300.0,12000.0,2025-08-31T11:52:28.219196
2025-08-31,69979,2025083104002390,RHPL,Nepal Stock House (PVT) Ltd.,Cristal Kanchanjanga Securites Pvt. Ltd.,100,300.1,30010.0,2025-08-31T11:53:01.591257
2025-08-31,69978,2025083104002391,RHPL,Oxford Securities Pvt. Ltd.,Cristal Kanchanjanga Securites Pvt. Ltd.,50,300.0,15000.0,2025-08-31T11:53:01.591599
2025-08-31,68925,2025083104002512,RHPL,ABC Securities Private Limited,Investment Management Nepal Pvt. Ltd.,80,302.0,24160.0,2025-08-31T11:56:02.099457
2025-08-31,68924,2025083104002513,RHPL,ABC Securities Private Limited,Himalayan Brokerage Company Limited,100,302.0,30200.0,2025-08-31T11:56:02.09986
2025-08-31,68504,2025083104002567,RHPL,Online Securities Pvt. Ltd.,Naasa Securities Co. Ltd.,72,304.0,21888.0,2025-08-31T11:56:56.555957
2025-08-31,68503,2025083104002568,RHPL,Online Securities Pvt. Ltd.,Stoxkarts Securities Limited,70,304.5,21315.0,2025-08-31T11:56:56.556116
2025-08-31,68016,2025083104002616,RHPL,Sani Securities Company Ltd.,Secured Securities Ltd.,10,301.0,3010.0,2025-08-31T11:58:08.126337
2025-08-31,68015,2025083104002617,RHPL,Online Securities Pvt. Ltd.,Secured Securities Ltd.,64,301.0,19264.0,2025-08-31T11:58:08.126505
2025-08-31,67783,2025083104002659,RHPL,Online Securities Pvt. Ltd.,Primo Securities (PVT) Ltd.,36,301.0,10836.0,2025-08-31T11:58:45.896611
2025-08-31,66382,2025083104002781,RHPL,Sundhara Securities Limited,Primo Securities (PVT) Ltd.,200,301.0,60200.0,2025-08-31T12:01:55.926042
2025-08-31,66107,2025083104002807,RHPL,ABC Securities Private Limited,Kumari Securities Private Limited,500,300.8,150400.0,2025-08-31T12:02:38.47278
2025-08-31,65935,2025083104002828,RHPL,Aryatara Investment & Securities,Kumari Securities Private Limited,498,300.8,149798.4,2025-08-31T12:03:03.606666
2025-08-31,65782,2025083104002841,RHPL,ABC Securities Private Limited,KALASH STOCK MARKET PVT. LTD.,178,300.6,53506.8,2025-08-31T12:03:27.224519
2025-08-31,65627,2025083104002856,RHPL,ABC Securities Private Limited,Sumeru Securities Pvt. Ltd.,150,300.6,45090.0,2025-08-31T12:03:52.028296
2025-08-31,65260,2025083104002905,RHPL,ABC Securities Private Limited,Midas Stock Broking Company Private Limited,172,300.6,51703.2,2025-08-31T12:04:52.197092
2025-08-31,65133,2025083104002931,RHPL,South Asian Bulls Pvt. Ltd.,Midas Stock Broking Company Private Limited,500,300.5,150250.0,2025-08-31T12:05:12.278209
2025-08-31,65132,2025083104002932,RHPL,Siprabi Securities Pvt. Ltd.,Midas Stock Broking Company Private Limited,2200,300.5,661100.0,2025-08-31T12:05:12.278412
2025-08-31,65131,2025083104002933,RHPL,Linch Stock Market Ltd.,Midas Stock Broking Company Private Limited,500,300.4,150200.0,2025-08-31T12:05:12.278482
2025-08-31,65130,2025083104002934,RHPL,Linch Stock Market Ltd.,Midas Stock Broking Company Private Limited,500,300.4,150200.0,2025-08-31T12:05:12.278546
2025-08-31,65129,2025083104002935,RHPL,Dynamic Money Managers Securities Pvt. Ltd.,Midas Stock Broking Company Private Limited,500,300.3,150150.0,2025-08-31T12:05:12.27861
2025-08-31,65128,2025083104002936,RHPL,Siprabi Securities Pvt. Ltd.,Midas Stock Broking Company Private Limited,53,300.3,15915.9,2025-08-31T12:05:12.278672
2025-08-31,65127,2025083104002937,RHPL,Agrawal Securities (PVT) Ltd.,Midas Stock Broking Company Private Limited,25,300.3,7507.5,2025-08-31T12:05:12.27874
2025-08-31,65126,2025083104002938,RHPL,Oxford Securities Pvt. Ltd.,Midas Stock Broking Company Private Limited,410,300.0,123000.0,2025-08-31T12:05:12.278799
2025-08-31,65125,2025083104002939,RHPL,Sundhara Securities Limited,Midas Stock Broking Company Private Limited,10,300.0,3000.0,2025-08-31T12:05:12.278861
2025-08-31,65124,2025083104002940,RHPL,Asian Securities Private Ltd.,Midas Stock Broking Company Private Limited,200,300.0,60000.0,2025-08-31T12:05:12.278921
2025-08-31,65123,2025083104002941,RHPL,Sani Securities Company Ltd.,Midas Stock Broking Company Private Limited,50,300.0,15000.0,2025-08-31T12:05:12.278981
2025-08-31,65122,2025083104002942,RHPL,Oxford Securities Pvt. Ltd.,Midas Stock Broking Company Private Limited,1500,300.0,450000.0,2025-08-31T12:05:12.279072
2025-08-31,65121,2025083104002943,RHPL,Oxford Securities Pvt. Ltd.,Midas Stock Broking Company Private Limited,1500,300.0,450000.0,2025-08-31T12:05:12.279161
2025-08-31,65120,2025083104002944,RHPL,Oxford Securities Pvt. Ltd.,Midas Stock Broking Company Private Limited,1500,300.0,450000.0,2025-08-31T12:05:12.279251
2025-08-31,65119,2025083104002945,RHPL,Imperial Securities Company Pvt. Ltd.,Midas Stock Broking Company Private Limited,200,300.0,60000.0,2025-08-31T12:05:12.279329
2025-08-31,64868,2025083104002984,RHPL,Online Securities Pvt. Ltd.,Midas Stock Broking Company Private Limited,28,300.6,8416.8,2025-08-31T12:05:49.637668
2025-08-31,64451,2025083104003064,RHPL,ABC Securities Private Limited,Kumari Securities Private Limited,300,300.0,90000.0,2025-08-31T12:06:58.199428
2025-08-31,63683,2025083104003195,RHPL,Asian Securities Private Ltd.,Imperial Securities Company Pvt. Ltd.,40,300.8,12032.0,2025-08-31T12:09:25.925277
2025-08-31,63550,2025083104003225,RHPL,Asian Securities Private Ltd.,Naasa Securities Co. Ltd.,50,300.8,15040.0,2025-08-31T12:10:01.318299
2025-08-31,63502,2025083104003234,RHPL,Asian Securities Private Ltd.,Vision Securities Pvt. Ltd,20,300.8,6016.0,2025-08-31T12:10:10.575988
2025-08-31,63424,2025083104003266,RHPL,Primo Securities (PVT) Ltd.,Primo Securities (PVT) Ltd.,264,301.0,79464.0,2025-08-31T12:10:27.739505
2025-08-31,63423,2025083104003267,RHPL,Primo Securities (PVT) Ltd.,Sani Securities Company Ltd.,236,301.0,71036.0,2025-08-31T12:10:27.739804
2025-08-31,62727,2025083104003363,RHPL,Sri Hari Securities Pvt. Ltd.,Sani Securities Company Ltd.,100,301.0,30100.0,2025-08-31T12:12:44.312873
2025-08-31,62562,2025083104003394,RHPL,ABC Securities Private Limited,Sani Securities Company Ltd.,290,301.0,87290.0,2025-08-31T12:13:24.200091
2025-08-31,62453,2025083104003410,RHPL,Asian Securities Private Ltd.,Naasa Securities Co. Ltd.,50,300.8,15040.0,2025-08-31T12:13:57.848113
2025-08-31,62369,2025083104003419,RHPL,Dipshikha Dhitopatra Karobar Co. Pvt Ltd.,Sani Securities Company Ltd.,600,301.0,180600.0,2025-08-31T12:14:13.099099
2025-08-31,61565,2025083104003515,RHPL,Asian Securities Private Ltd.,Sani Securities Company Ltd.,274,300.8,82419.2,2025-08-31T12:17:21.88902
2025-08-31,61397,2025083104003532,RHPL,Asian Securities Private Ltd.,Naasa Securities Co. Ltd.,60,300.8,18048.0,2025-08-31T12:18:05.355832
2025-08-31,61161,2025083104003590,RHPL,ABC Securities Private Limited,ABC Securities Private Limited,91,300.2,27318.2,2025-08-31T12:19:00.711497
2025-08-31,61160,2025083104003591,RHPL,Linch Stock Market Ltd.,ABC Securities Private Limited,109,300.1,32710.9,2025-08-31T12:19:00.711828
2025-08-31,60899,2025083104003631,RHPL,Linch Stock Market Ltd.,Kumari Securities Private Limited,40,300.1,12004.0,2025-08-31T12:20:04.430041
2025-08-31,60441,2025083104003701,RHPL,Linch Stock Market Ltd.,Kumari Securities Private Limited,40,300.1,12004.0,2025-08-31T12:21:50.283571
2025-08-31,59987,2025083104003765,RHPL,Linch Stock Market Ltd.,Malla & Malla Stock Broking Company Pvt. Limited,80,300.1,24008.0,2025-08-31T12:23:18.962525
2025-08-31,59493,2025083104003813,RHPL,ABC Securities Private Limited,Asian Securities Private Ltd.,40,300.2,12008.0,2025-08-31T12:25:06.178212
2025-08-31,58888,2025083104003887,RHPL,ABC Securities Private Limited,Nepal Stock House (PVT) Ltd.,160,300.2,48032.0,2025-08-31T12:27:52.630976
2025-08-31,58887,2025083104003888,RHPL,Linch Stock Market Ltd.,Nepal Stock House (PVT) Ltd.,231,300.1,69323.1,2025-08-31T12:27:52.631189
2025-08-31,58886,2025083104003889,RHPL,Online Securities Pvt. Ltd.,Nepal Stock House (PVT) Ltd.,10,300.0,3000.0,2025-08-31T12:27:52.631267
2025-08-31,58885,2025083104003890,RHPL,Naasa Securities Co. Ltd.,Nepal Stock House (PVT) Ltd.,307,300.0,92100.0,2025-08-31T12:27:52.631346
2025-08-31,58884,2025083104003891,RHPL,Agrawal Securities (PVT) Ltd.,Nepal Stock House (PVT) Ltd.,30,300.0,9000.0,2025-08-31T12:27:52.631417
2025-08-31,58883,2025083104003892,RHPL,Pragyan Securities (PVT) Ltd.,Nepal Stock House (PVT) Ltd.,49,300.0,14700.0,2025-08-31T12:27:52.631498
2025-08-31,58882,2025083104003893,RHPL,Capital Max Securities Ltd,Nepal Stock House (PVT) Ltd.,20,300.0,6000.0,2025-08-31T12:27:52.631563
2025-08-31,58881,2025083104003894,RHPL,Asian Securities Private Ltd.,Nepal Stock House (PVT) Ltd.,500,300.0,150000.0,2025-08-31T12:27:52.631632
2025-08-31,58880,2025083104003895,RHPL,Primo Securities (PVT) Ltd.,Nepal Stock House (PVT) Ltd.,500,300.0,150000.0,2025-08-31T12:27:52.631698
2025-08-31,58879,2025083104003896,RHPL,Dipshikha Dhitopatra Karobar Co. Pvt Ltd.,Nepal Stock House (PVT) Ltd.,193,300.0,57900.0,2025-08-31T12:27:52.63177
2025-08-31,58700,2025083104003915,RHPL,Siprabi Securities Pvt. Ltd.,Nepal Stock House (PVT) Ltd.,70,300.2,21014.0,2025-08-31T12:28:38.787558
2025-08-31,58581,2025083104003934,RHPL,Kumari Securities Private Limited,Neev Securities Pvt. Ltd.,50,301.0,15050.0,2025-08-31T12:29:06.075739
2025-08-31,58375,2025083104003955,RHPL,Kumari Securities Private Limited,Kumari Securities Private Limited,40,301.0,12040.0,2025-08-31T12:29:52.567264
2025-08-31,58320,2025083104003959,RHPL,Kumari Securities Private Limited,Cristal Kanchanjanga Securites Pvt. Ltd.,10,301.0,3010.0,2025-08-31T12:30:07.819582
2025-08-31,57137,2025083104004098,RHPL,Naasa Securities Co. Ltd.,Neev Securities Pvt. Ltd.,100,301.0,30100.0,2025-08-31T12:34:59.919447
2025-08-31,56928,2025083104004116,RHPL,Sani Securities Company Ltd.,Ashutosh Brokerage & Securities (PVT) Ltd.,300,302.0,90600.0,2025-08-31T12:35:37.359378
2025-08-31,56822,2025083104004142,RHPL,Sani Securities Company Ltd.,Ashutosh Brokerage & Securities (PVT) Ltd.,300,302.0,90600.0,2025-08-31T12:36:02.672464
2025-08-31,56333,2025083104004225,RHPL,Naasa Securities Co. Ltd.,Opal Securities Investment (PVT) Ltd.,11,301.0,3311.0,2025-08-31T12:37:45.04644
2025-08-31,56332,2025083104004226,RHPL,Bhrikuti Stock Broking Co. Pvt. Ltd.,Opal Securities Investment (PVT) Ltd.,39,301.0,11739.0,2025-08-31T12:37:45.046655
2025-08-31,56135,2025083104004250,RHPL,Bhrikuti Stock Broking Co. Pvt. Ltd.,Dipshikha Dhitopatra Karobar Co. Pvt Ltd.,270,301.0,81270.0,2025-08-31T12:38:24.782463
2025-08-31,55803,2025083104004307,RHPL,Bhrikuti Stock Broking Co. Pvt. Ltd.,Naasa Securities Co. Ltd.,38,301.0,11438.0,2025-08-31T12:39:40.452801
2025-08-31,55488,2025083104004340,RHPL,Bhrikuti Stock Broking Co. Pvt. Ltd.,Cristal Kanchanjanga Securites Pvt. Ltd.,40,301.0,12040.0,2025-08-31T12:40:45.488765
2025-08-31,55304,2025083104004371,RHPL,Bhrikuti Stock Broking Co. Pvt. Ltd.,Imperial Securities Company Pvt. Ltd.,100,301.0,30100.0,2025-08-31T12:41:27.628367
2025-08-31,55219,2025083104004381,RHPL,Bhrikuti Stock Broking Co. Pvt. Ltd.,Midas Stock Broking Company Private Limited,150,301.0,45150.0,2025-08-31T12:41:49.430727
2025-08-31,54974,2025083104004440,RHPL,Online Securities Pvt. Ltd.,Sani Securities Company Ltd.,18,301.1,5419.8,2025-08-31T12:42:39.072276
2025-08-31,54815,2025083104004458,RHPL,Online Securities Pvt. Ltd.,Naasa Securities Co. Ltd.,10,301.1,3011.0,2025-08-31T12:43:12.121541
2025-08-31,54485,2025083104004521,RHPL,Online Securities Pvt. Ltd.,Cristal Kanchanjanga Securites Pvt. Ltd.,250,301.1,75275.0,2025-08-31T12:44:02.313467
2025-08-31,54121,2025083104004576,RHPL,Online Securities Pvt. Ltd.,Neev Securities Pvt. Ltd.,22,301.1,6624.2,2025-08-31T12:45:09.087001
2025-08-31,54120,2025083104004577,RHPL,Investment Management Nepal Pvt. Ltd.,Neev Securities Pvt. Ltd.,50,301.0,15050.0,2025-08-31T12:45:09.087225
2025-08-31,53521,2025083104004695,RHPL,Sri Hari Securities Pvt. Ltd.,Kumari Securities Private Limited,20,300.5,6010.0,2025-08-31T12:46:48.566455
2025-08-31,53294,2025083104004735,RHPL,Sri Hari Securities Pvt. Ltd.,Kumari Securities Private Limited,20,300.4,6008.0,2025-08-31T12:47:15.744013
2025-08-31,53145,2025083104004771,RHPL,J.F. Securites (PVT) Ltd.,Online Securities Pvt. Ltd.,28,300.4,8411.2,2025-08-31T12:47:48.594391
2025-08-31,53144,2025083104004772,RHPL,Sri Hari Securities Pvt. Ltd.,Online Securities Pvt. Ltd.,30,300.3,9009.0,2025-08-31T12:47:48.594574
2025-08-31,53143,2025083104004773,RHPL,Sri Hari Securities Pvt. Ltd.,Online Securities Pvt. Ltd.,12,300.3,3603.6,2025-08-31T12:47:48.594654
2025-08-31,53140,2025083104004774,RHPL,Sri Hari Securities Pvt. Ltd.,Asian Securities Private Ltd.,45,300.2,13509.0,2025-08-31T12:47:49.234206
2025-08-31,53139,2025083104004775,RHPL,Sani Securities Company Ltd.,Asian Securities Private Ltd.,20,300.1,6002.0,2025-08-31T12:47:49.234593
2025-08-31,53138,2025083104004776,RHPL,Sri Hari Securities Pvt. Ltd.,Asian Securities Private Ltd.,45,300.1,13504.5,2025-08-31T12:47:49.234818
2025-08-31,53137,2025083104004777,RHPL,Dipshikha Dhitopatra Karobar Co. Pvt Ltd.,Asian Securities Private Ltd.,307,300.0,92100.0,2025-08-31T12:47:49.235024
2025-08-31,53136,2025083104004778,RHPL,J.F. Securites (PVT) Ltd.,Asian Securities Private Ltd.,35,300.0,10500.0,2025-08-31T12:47:49.235246
2025-08-31,53135,2025083104004779,RHPL,Secured Securities Ltd.,Asian Securities Private Ltd.,48,300.0,14400.0,2025-08-31T12:47:49.235475
2025-08-31,52303,2025083104004917,RHPL,Sri Hari Securities Pvt. Ltd.,Opal Securities Investment (PVT) Ltd.,20,300.2,6004.0,2025-08-31T12:50:01.998702
2025-08-31,52302,2025083104004918,RHPL,Sri Hari Securities Pvt. Ltd.,Opal Securities Investment (PVT) Ltd.,45,300.1,13504.5,2025-08-31T12:50:01.998921
2025-08-31,52301,2025083104004919,RHPL,Sri Hari Securities Pvt. Ltd.,Opal Securities Investment (PVT) Ltd.,10,300.1,3001.0,2025-08-31T12:50:01.999024
2025-08-31,52300,2025083104004920,RHPL,Secured Securities Ltd.,Opal Securities Investment (PVT) Ltd.,17,300.0,5100.0,2025-08-31T12:50:01.999105
2025-08-31,52002,2025083104004966,RHPL,Sri Hari Securities Pvt. Ltd.,Aryatara Investment & Securities,15,300.3,4504.5,2025-08-31T12:51:06.146859
2025-08-31,52001,2025083104004967,RHPL,Secured Securities Ltd.,Aryatara Investment & Securities,15,300.0,4500.0,2025-08-31T12:51:06.147058
2025-08-31,51673,2025083104005042,RHPL,Sri Hari Securities Pvt. Ltd.,Dynamic Money Managers Securities Pvt. Ltd.,15,300.1,4501.5,2025-08-31T12:52:10.992415
2025-08-31,51644,2025083104005049,RHPL,Secured Securities Ltd.,Neev Securities Pvt. Ltd.,50,300.0,15000.0,2025-08-31T12:52:19.072004
2025-08-31,51601,2025083104005056,RHPL,Secured Securities Ltd.,Midas Stock Broking Company Private Limited,18,300.0,5400.0,2025-08-31T12:52:27.32672
2025-08-31,51600,2025083104005057,RHPL,Vision Securities Pvt. Ltd,Midas Stock Broking Company Private Limited,50,300.0,15000.0,2025-08-31T12:52:27.32701
2025-08-31,51599,2025083104005058,RHPL,Sani Securities Company Ltd.,Midas Stock Broking Company Private Limited,2000,300.0,600000.0,2025-08-31T12:52:27.327095
2025-08-31,51487,2025083104005083,RHPL,Infinity Securities Limited,Online Securities Pvt. Ltd.,1000,299.9,299900.0,2025-08-31T12:52:47.444565
2025-08-31,51412,2025083104005098,RHPL,Sri Hari Securities Pvt. Ltd.,Online Securities Pvt. Ltd.,15,299.8,4497.0,2025-08-31T12:53:07.619343
2025-08-31,51411,2025083104005099,RHPL,Malla & Malla Stock Broking Company Pvt. Limited,Online Securities Pvt. Ltd.,55,299.7,16483.5,2025-08-31T12:53:07.619577
2025-08-31,50739,2025083104005231,RHPL,Trisul Securities & Invt. Ltd.,Naasa Securities Co. Ltd.,20,299.8,5996.0,2025-08-31T12:55:10.013962
2025-08-31,50484,2025083104005269,RHPL,Malla & Malla Stock Broking Company Pvt. Limited,Siprabi Securities Pvt. Ltd.,45,299.7,13486.5,2025-08-31T12:55:57.778843
2025-08-31,50483,2025083104005270,RHPL,Sri Hari Securities Pvt. Ltd.,Siprabi Securities Pvt. Ltd.,25,299.7,7492.5,2025-08-31T12:55:57.779058
2025-08-31,50201,2025083104005335,RHPL,Sri Hari Securities Pvt. Ltd.,Kohinoor Investment & Securities Pvt. Ltd.,15,299.5,4492.5,2025-08-31T12:56:48.763869
2025-08-31,50200,2025083104005336,RHPL,Trisul Securities & Invt. Ltd.,Kohinoor Investment & Securities Pvt. Ltd.,10,299.5,2995.0,2025-08-31T12:56:48.764088
2025-08-31,50199,2025083104005337,RHPL,Sri Hari Securities Pvt. Ltd.,Kohinoor Investment & Securities Pvt. Ltd.,15,299.5,4492.5,2025-08-31T12:56:48.764163
2025-08-31,50198,2025083104005338,RHPL,Linch Stock Market Ltd.,Kohinoor Investment & Securities Pvt. Ltd.,300,299.4,89820.0,2025-08-31T12:56:48.76424
2025-08-31,50197,2025083104005339,RHPL,Trisul Securities & Invt. Ltd.,Kohinoor Investment & Securities Pvt. Ltd.,10,299.4,2994.0,2025-08-31T12:56:48.764333
2025-08-31,50196,2025083104005340,RHPL,Linch Stock Market Ltd.,Kohinoor Investment & Securities Pvt. Ltd.,200,299.3,59860.0,2025-08-31T12:56:48.764413
2025-08-31,50195,2025083104005341,RHPL,ABC Securities Private Limited,Kohinoor Investment & Securities Pvt. Ltd.,250,299.2,74800.0,2025-08-31T12:56:48.764489
2025-08-31,49617,2025083104005469,RHPL,Asian Securities Private Ltd.,Naasa Securities Co. Ltd.,20,299.8,5996.0,2025-08-31T12:58:39.511489
2025-08-31,48579,2025083104005669,RHPL,Sri Hari Securities Pvt. Ltd.,Bhrikuti Stock Broking Co. Pvt. Ltd.,20,299.5,5990.0,2025-08-31T13:01:36.350787
2025-08-31,48578,2025083104005670,RHPL,Global IME Securities Limited,Bhrikuti Stock Broking Co. Pvt. Ltd.,50,299.5,14975.0,2025-08-31T13:01:36.351014
2025-08-31,47999,2025083104005739,RHPL,Global IME Securities Limited,Opal Securities Investment (PVT) Ltd.,70,299.8,20986.0,2025-08-31T13:03:21.885346
2025-08-31,47844,2025083104005762,RHPL,Bhrikuti Stock Broking Co. Pvt. Ltd.,Online Securities Pvt. Ltd.,400,299.9,119960.0,2025-08-31T13:03:44.14932
2025-08-31,47803,2025083104005765,RHPL,Sri Hari Securities Pvt. Ltd.,Sweta Securities Private Limited,10,299.6,2996.0,2025-08-31T13:03:49.106973
2025-08-31,47802,2025083104005766,RHPL,Global IME Securities Limited,Sweta Securities Private Limited,10,299.5,2995.0,2025-08-31T13:03:49.107185
2025-08-31,47003,2025083104005878,RHPL,Global IME Securities Limited,Online Securities Pvt. Ltd.,20,299.5,5990.0,2025-08-31T13:05:52.712166
2025-08-31,46521,2025083104005995,RHPL,Asian Securities Private Ltd.,Pragyan Securities (PVT) Ltd.,6,300.8,1804.8,2025-08-31T13:07:05.628281
2025-08-31,46049,2025083104006112,RHPL,Imperial Securities Company Pvt. Ltd.,Naasa Securities Co. Ltd.,70,299.8,20986.0,2025-08-31T13:08:13.864284
2025-08-31,45620,2025083104006192,RHPL,Dipshikha Dhitopatra Karobar Co. Pvt Ltd.,Online Securities Pvt. Ltd.,200,299.9,59980.0,2025-08-31T13:09:37.699814
2025-08-31,44699,2025083104006358,RHPL,Sri Hari Securities Pvt. Ltd.,Naasa Securities Co. Ltd.,15,299.5,4492.5,2025-08-31T13:12:32.112188
2025-08-31,44698,2025083104006359,RHPL,Sri Hari Securities Pvt. Ltd.,Naasa Securities Co. Ltd.,20,299.4,5988.0,2025-08-31T13:12:32.112622
2025-08-31,44697,2025083104006360,RHPL,Global IME Securities Limited,Naasa Securities Co. Ltd.,45,299.4,13473.0,2025-08-31T13:12:32.112857
2025-08-31,43357,2025083104006639,RHPL,Sri Hari Securities Pvt. Ltd.,Naasa Securities Co. Ltd.,10,299.5,2995.0,2025-08-31T13:16:51.519471
2025-08-31,43356,2025083104006640,RHPL,Oxford Securities Pvt. Ltd.,Naasa Securities Co. Ltd.,50,299.5,14975.0,2025-08-31T13:16:51.519702
2025-08-31,42588,2025083104006772,RHPL,Global IME Securities Limited,Midas Stock Broking Company Private Limited,55,299.4,16467.0,2025-08-31T13:19:20.61584
2025-08-31,42587,2025083104006773,RHPL,Sri Hari Securities Pvt. Ltd.,Midas Stock Broking Company Private Limited,15,299.3,4489.5,2025-08-31T13:19:20.616233
2025-08-31,42586,2025083104006774,RHPL,Sri Hari Securities Pvt. Ltd.,Midas Stock Broking Company Private Limited,15,299.3,4489.5,2025-08-31T13:19:20.616563
2025-08-31,42585,2025083104006775,RHPL,ABC Securities Private Limited,Midas Stock Broking Company Private Limited,250,299.2,74800.0,2025-08-31T13:19:20.616801
2025-08-31,42584,2025083104006776,RHPL,Asian Securities Private Ltd.,Midas Stock Broking Company Private Limited,200,299.1,59820.0,2025-08-31T13:19:20.617039
2025-08-31,42583,2025083104006777,RHPL,Sri Hari Securities Pvt. Ltd.,Midas Stock Broking Company Private Limited,1000,299.1,299100.0,2025-08-31T13:19:20.61728
2025-08-31,42582,2025083104006778,RHPL,Aryatara Investment & Securities,Midas Stock Broking Company Private Limited,1000,299.0,299000.0,2025-08-31T13:19:20.617628
2025-08-31,42581,2025083104006779,RHPL,Sani Securities Company Ltd.,Midas Stock Broking Company Private Limited,2000,299.0,598000.0,2025-08-31T13:19:20.617916
2025-08-31,42580,2025083104006780,RHPL,Siprabi Securities Pvt. Ltd.,Midas Stock Broking Company Private Limited,100,299.0,29900.0,2025-08-31T13:19:20.618134
2025-08-31,42579,2025083104006781,RHPL,Midas Stock Broking Company Private Limited,Midas Stock Broking Company Private Limited,300,299.0,89700.0,2025-08-31T13:19:20.618421
2025-08-31,42578,2025083104006782,RHPL,Capital Max Securities Ltd,Midas Stock Broking Company Private Limited,30,299.0,8970.0,2025-08-31T13:19:20.618716
2025-08-31,42577,2025083104006783,RHPL,Nepal Investment And Securities Trading Private Limited,Midas Stock Broking Company Private Limited,100,299.0,29900.0,2025-08-31T13:19:20.618965
2025-08-31,42576,2025083104006784,RHPL,Infinity Securities Limited,Midas Stock Broking Company Private Limited,500,299.0,149500.0,2025-08-31T13:19:20.619248
2025-08-31,42575,2025083104006785,RHPL,Sani Securities Company Ltd.,Midas Stock Broking Company Private Limited,235,299.0,70265.0,2025-08-31T13:19:20.619527
2025-08-31,41826,2025083104006904,RHPL,Sani Securities Company Ltd.,Naasa Securities Co. Ltd.,12,299.0,3588.0,2025-08-31T13:21:54.539755
2025-08-31,41677,2025083104006930,RHPL,Vision Securities Pvt. Ltd,Malla & Malla Stock Broking Company Pvt. Limited,16,299.0,4784.0,2025-08-31T13:22:29.662779
2025-08-31,41676,2025083104006931,RHPL,Sri Hari Securities Pvt. Ltd.,Malla & Malla Stock Broking Company Pvt. Limited,64,299.0,19136.0,2025-08-31T13:22:29.662972
2025-08-31,41519,2025083104006971,RHPL,Sri Hari Securities Pvt. Ltd.,Online Securities Pvt. Ltd.,400,299.0,119600.0,2025-08-31T13:22:55.837085
2025-08-31,41409,2025083104007004,RHPL,Sri Hari Securities Pvt. Ltd.,Naasa Securities Co. Ltd.,450,299.0,134550.0,2025-08-31T13:23:16.962034
2025-08-31,40976,2025083104007059,RHPL,Siprabi Securities Pvt. Ltd.,Sundhara Securities Limited,1000,299.4,299400.0,2025-08-31T13:24:21.580869
2025-08-31,40779,2025083104007090,RHPL,Vision Securities Pvt. Ltd,Naasa Securities Co. Ltd.,40,299.1,11964.0,2025-08-31T13:24:53.579388
2025-08-31,40454,2025083104007124,RHPL,Vision Securities Pvt. Ltd,Prabhu Stock Market Limited,960,299.1,287136.0,2025-08-31T13:25:42.901774
2025-08-31,40453,2025083104007125,RHPL,Sri Hari Securities Pvt. Ltd.,Prabhu Stock Market Limited,86,299.0,25714.0,2025-08-31T13:25:42.902006
2025-08-31,40452,2025083104007126,RHPL,Sundhara Securities Limited,Prabhu Stock Market Limited,100,299.0,29900.0,2025-08-31T13:25:42.90209
2025-08-31,40287,2025083104007148,RHPL,Global IME Securities Limited,Prabhu Stock Market Limited,100,299.0,29900.0,2025-08-31T13:26:07.216714
2025-08-31,40121,2025083104007174,RHPL,ABC Securities Private Limited,Sundhara Securities Limited,1000,299.3,299300.0,2025-08-31T13:26:43.511638
2025-08-31,39931,2025083104007226,RHPL,Sri Hari Securities Pvt. Ltd.,Siprabi Securities Pvt. Ltd.,15,298.8,4482.0,2025-08-31T13:27:19.965999
2025-08-31,39930,2025083104007227,RHPL,Global IME Securities Limited,Siprabi Securities Pvt. Ltd.,15,298.8,4482.0,2025-08-31T13:27:19.966246
2025-08-31,39161,2025083104007401,RHPL,Kumari Securities Private Limited,Prabhu Stock Market Limited,100,299.0,29900.0,2025-08-31T13:30:21.050177
2025-08-31,38925,2025083104007452,RHPL,Linch Stock Market Ltd.,Prabhu Stock Market Limited,500,299.1,149550.0,2025-08-31T13:31:20.201959
2025-08-31,38736,2025083104007497,RHPL,Global IME Securities Limited,Prabhu Stock Market Limited,100,299.0,29900.0,2025-08-31T13:32:02.328691
2025-08-31,37901,2025083104007626,RHPL,Sundhara Securities Limited,Midas Stock Broking Company Private Limited,100,299.0,29900.0,2025-08-31T13:34:59.125063
2025-08-31,37900,2025083104007627,RHPL,Primo Securities (PVT) Ltd.,Midas Stock Broking Company Private Limited,100,299.0,29900.0,2025-08-31T13:34:59.125514
2025-08-31,37899,2025083104007628,RHPL,Global IME Securities Limited,Midas Stock Broking Company Private Limited,85,298.8,25398.0,2025-08-31T13:34:59.125789
2025-08-31,37898,2025083104007629,RHPL,Global IME Securities Limited,Midas Stock Broking Company Private Limited,15,298.8,4482.0,2025-08-31T13:34:59.126026
2025-08-31,37897,2025083104007630,RHPL,Capital Max Securities Ltd,Midas Stock Broking Company Private Limited,20,298.8,5976.0,2025-08-31T13:34:59.126282
2025-08-31,37896,2025083104007631,RHPL,Imperial Securities Company Pvt. Ltd.,Midas Stock Broking Company Private Limited,30,298.7,8961.0,2025-08-31T13:34:59.126626
2025-08-31,37895,2025083104007632,RHPL,Trisul Securities & Invt. Ltd.,Midas Stock Broking Company Private Limited,10,298.7,2987.0,2025-08-31T13:34:59.126878
2025-08-31,37894,2025083104007633,RHPL,Sri Hari Securities Pvt. Ltd.,Midas Stock Broking Company Private Limited,10,298.7,2987.0,2025-08-31T13:34:59.127116
2025-08-31,37893,2025083104007634,RHPL,Global IME Securities Limited,Midas Stock Broking Company Private Limited,100,298.7,29870.0,2025-08-31T13:34:59.127423
2025-08-31,37892,2025083104007635,RHPL,Trisul Securities & Invt. Ltd.,Midas Stock Broking Company Private Limited,10,298.6,2986.0,2025-08-31T13:34:59.127676
2025-08-31,37891,2025083104007636,RHPL,Agrawal Securities (PVT) Ltd.,Midas Stock Broking Company Private Limited,50,298.6,14930.0,2025-08-31T13:34:59.127928
2025-08-31,37890,2025083104007637,RHPL,Naasa Securities Co. Ltd.,Midas Stock Broking Company Private Limited,25,298.5,7462.5,2025-08-31T13:34:59.128176
2025-08-31,37889,2025083104007638,RHPL,Deevyaa Securities & Stock House Pvt. Ltd,Midas Stock Broking Company Private Limited,2000,298.5,597000.0,2025-08-31T13:34:59.128436
2025-08-31,37888,2025083104007639,RHPL,Naasa Securities Co. Ltd.,Midas Stock Broking Company Private Limited,30,298.5,8955.0,2025-08-31T13:34:59.128681
2025-08-31,37887,2025083104007640,RHPL,Online Securities Pvt. Ltd.,Midas Stock Broking Company Private Limited,150,298.5,44775.0,2025-08-31T13:34:59.128919
2025-08-31,37886,2025083104007641,RHPL,Agrawal Securities (PVT) Ltd.,Midas Stock Broking Company Private Limited,30,298.4,8952.0,2025-08-31T13:34:59.129152
2025-08-31,37885,2025083104007642,RHPL,Agrawal Securities (PVT) Ltd.,Midas Stock Broking Company Private Limited,40,298.3,11932.0,2025-08-31T13:34:59.1294
2025-08-31,37884,2025083104007643,RHPL,Sani Securities Company Ltd.,Midas Stock Broking Company Private Limited,50,298.2,14910.0,2025-08-31T13:34:59.129662
2025-08-31,37883,2025083104007644,RHPL,Capital Hub P. Ltd,Midas Stock Broking Company Private Limited,100,298.1,29810.0,2025-08-31T13:34:59.129906
2025-08-31,37882,2025083104007645,RHPL,Trisul Securities & Invt. Ltd.,Midas Stock Broking Company Private Limited,50,298.0,14900.0,2025-08-31T13:34:59.130151
2025-08-31,37881,2025083104007646,RHPL,Naasa Securities Co. Ltd.,Midas Stock Broking Company Private Limited,50,298.0,14900.0,2025-08-31T13:34:59.130421
2025-08-31,37880,2025083104007647,RHPL,Premier Securities Company Ltd.,Midas Stock Broking Company Private Limited,30,298.0,8940.0,2025-08-31T13:34:59.130658
2025-08-31,37879,2025083104007648,RHPL,Sweta Securities Private Limited,Midas Stock Broking Company Private Limited,20,298.0,5960.0,2025-08-31T13:34:59.130906
2025-08-31,37878,2025083104007649,RHPL,Trishakti Securities Public Limited,Midas Stock Broking Company Private Limited,50,298.0,14900.0,2025-08-31T13:34:59.131127
2025-08-31,37877,2025083104007650,RHPL,Aryatara Investment & Securities,Midas Stock Broking Company Private Limited,50,298.0,14900.0,2025-08-31T13:34:59.131207
2025-08-31,37876,2025083104007651,RHPL,Secured Securities Ltd.,Midas Stock Broking Company Private Limited,200,298.0,59600.0,2025-08-31T13:34:59.131287
2025-08-31,37875,2025083104007652,RHPL,Imperial Securities Company Pvt. Ltd.,Midas Stock Broking Company Private Limited,20,298.0,5960.0,2025-08-31T13:34:59.131368
2025-08-31,37874,2025083104007653,RHPL,Imperial Securities Company Pvt. Ltd.,Midas Stock Broking Company Private Limited,50,298.0,14900.0,2025-08-31T13:34:59.131447
2025-08-31,37873,2025083104007654,RHPL,Creative Securities Pvt Ltd,Midas Stock Broking Company Private Limited,500,298.0,149000.0,2025-08-31T13:34:59.131525
2025-08-31,37872,2025083104007655,RHPL,Midas Stock Broking Company Private Limited,Midas Stock Broking Company Private Limited,201,298.0,59898.0,2025-08-31T13:34:59.1316
2025-08-31,37871,2025083104007656,RHPL,Linch Stock Market Ltd.,Midas Stock Broking Company Private Limited,100,298.0,29800.0,2025-08-31T13:34:59.131676
2025-08-31,37870,2025083104007657,RHPL,ABC Securities Private Limited,Midas Stock Broking Company Private Limited,694,298.0,206812.0,2025-08-31T13:34:59.131748
2025-08-31,37869,2025083104007658,RHPL,Aryatara Investment & Securities,Midas Stock Broking Company Private Limited,30,298.0,8940.0,2025-08-31T13:34:59.131826
2025-08-31,37868,2025083104007659,RHPL,Siprabi Securities Pvt. Ltd.,Midas Stock Broking Company Private Limited,50,298.0,14900.0,2025-08-31T13:34:59.131941
2025-08-31,37867,2025083104007660,RHPL,Sani Securities Company Ltd.,Midas Stock Broking Company Private Limited,100,298.0,29800.0,2025-08-31T13:34:59.132019
2025-08-31,37866,2025083104007661,RHPL,Aakashbhairab Securities Ltd.,Midas Stock Broking Company Private Limited,100,298.0,29800.0,2025-08-31T13:34:59.132095
2025-08-31,37865,2025083104007662,RHPL,Vision Securities Pvt. Ltd,Midas Stock Broking Company Private Limited,50,298.0,14900.0,2025-08-31T13:34:59.13217
2025-08-31,37864,2025083104007663,RHPL,Siprabi Securities Pvt. Ltd.,Midas Stock Broking Company Private Limited,100,298.0,29800.0,2025-08-31T13:34:59.132244
2025-08-31,37863,2025083104007664,RHPL,Naasa Securities Co. Ltd.,Midas Stock Broking Company Private Limited,50,298.0,14900.0,2025-08-31T13:34:59.132324
2025-08-31,37582,2025083104007743,RHPL,Investment Management Nepal Pvt. Ltd.,Deevyaa Securities & Stock House Pvt. Ltd,50,298.0,14900.0,2025-08-31T13:35:59.05897
2025-08-31,37581,2025083104007744,RHPL,Naasa Securities Co. Ltd.,Deevyaa Securities & Stock House Pvt. Ltd,25,297.5,7437.5,2025-08-31T13:35:59.059357
2025-08-31,37580,2025083104007745,RHPL,South Asian Bulls Pvt. Ltd.,Deevyaa Securities & Stock House Pvt. Ltd,65,297.5,19337.5,2025-08-31T13:35:59.059598
2025-08-31,37039,2025083104007834,RHPL,Oxford Securities Pvt. Ltd.,Cristal Kanchanjanga Securites Pvt. Ltd.,150,298.9,44835.0,2025-08-31T13:37:54.675684
2025-08-31,37038,2025083104007835,RHPL,Oxford Securities Pvt. Ltd.,Prabhu Stock Market Limited,84,299.0,25116.0,2025-08-31T13:37:54.675915
2025-08-31,36351,2025083104007970,RHPL,Cristal Kanchanjanga Securites Pvt. Ltd.,Prabhu Stock Market Limited,10,299.0,2990.0,2025-08-31T13:39:58.428615
2025-08-31,35892,2025083104008054,RHPL,Global IME Securities Limited,Property Wiard Limited,100,298.5,29850.0,2025-08-31T13:41:24.765369
2025-08-31,35485,2025083104008142,RHPL,Vision Securities Pvt. Ltd,Property Wiard Limited,150,298.5,44775.0,2025-08-31T13:42:38.935399
2025-08-31,35484,2025083104008143,RHPL,Vision Securities Pvt. Ltd,Prabhu Stock Market Limited,850,299.0,254150.0,2025-08-31T13:42:38.935777
2025-08-31,35247,2025083104008179,RHPL,Malla & Malla Stock Broking Company Pvt. Limited,Prabhu Stock Market Limited,100,299.0,29900.0,2025-08-31T13:43:31.463088
2025-08-31,34890,2025083104008236,RHPL,Global IME Securities Limited,Sani Securities Company Ltd.,80,298.1,23848.0,2025-08-31T13:44:58.461489
2025-08-31,34809,2025083104008245,RHPL,Global IME Securities Limited,ABC Securities Private Limited,10,298.9,2989.0,2025-08-31T13:45:10.388753
2025-08-31,34483,2025083104008332,RHPL,Global IME Securities Limited,Sani Securities Company Ltd.,10,298.5,2985.0,2025-08-31T13:45:59.514308
2025-08-31,34466,2025083104008343,RHPL,Oxford Securities Pvt. Ltd.,Sani Securities Company Ltd.,20,298.5,5970.0,2025-08-31T13:46:05.700952
2025-08-31,33972,2025083104008409,RHPL,Global IME Securities Limited,Sani Securities Company Ltd.,10,298.5,2985.0,2025-08-31T13:48:00.898736
2025-08-31,33776,2025083104008458,RHPL,Global IME Securities Limited,Premier Securities Company Ltd.,120,298.1,35772.0,2025-08-31T13:48:45.15316
2025-08-31,33775,2025083104008459,RHPL,South Asian Bulls Pvt. Ltd.,Premier Securities Company Ltd.,100,298.0,29800.0,2025-08-31T13:48:45.153202
2025-08-31,33774,2025083104008460,RHPL,Asian Securities Private Ltd.,Premier Securities Company Ltd.,20,297.9,5958.0,2025-08-31T13:48:45.153252
2025-08-31,33773,2025083104008461,RHPL,Online Securities Pvt. Ltd.,Premier Securities Company Ltd.,25,297.8,7445.0,2025-08-31T13:48:45.153279
2025-08-31,33770,2025083104008462,RHPL,Dakshinkali Investment & Securities Pvt. Ltd.,Sani Securities Company Ltd.,40,298.5,11940.0,2025-08-31T13:48:46.907173
2025-08-31,33599,2025083104008481,RHPL,Dakshinkali Investment & Securities Pvt. Ltd.,Sri Hari Securities Pvt. Ltd.,80,298.5,23880.0,2025-08-31T13:49:27.483513
2025-08-31,33454,2025083104008506,RHPL,Dakshinkali Investment & Securities Pvt. Ltd.,Premier Securities Company Ltd.,80,298.5,23880.0,2025-08-31T13:49:53.534894
2025-08-31,32862,2025083104008612,RHPL,Linch Stock Market Ltd.,Premier Securities Company Ltd.,100,298.5,29850.0,2025-08-31T13:52:00.510458
2025-08-31,32856,2025083104008613,RHPL,Sundhara Securities Limited,Premier Securities Company Ltd.,10,298.5,2985.0,2025-08-31T13:52:01.293031
2025-08-31,32768,2025083104008630,RHPL,Online Securities Pvt. Ltd.,Premier Securities Company Ltd.,10,297.8,2978.0,2025-08-31T13:52:23.417402
2025-08-31,31904,2025083104008804,RHPL,Online Securities Pvt. Ltd.,Kalika Securities Pvt. Ltd.,15,297.8,4467.0,2025-08-31T13:54:57.774131
2025-08-31,31903,2025083104008805,RHPL,Naasa Securities Co. Ltd.,Kalika Securities Pvt. Ltd.,15,297.8,4467.0,2025-08-31T13:54:57.774355
2025-08-31,31623,2025083104008844,RHPL,Sharepro Securities Private Limited,Kalika Securities Pvt. Ltd.,55,297.8,16379.0,2025-08-31T13:55:52.716741
2025-08-31,31173,2025083104008900,RHPL,Sri Hari Securities Pvt. Ltd.,Kalika Securities Pvt. Ltd.,15,297.6,4464.0,2025-08-31T13:57:24.692941
2025-08-31,31172,2025083104008901,RHPL,Naasa Securities Co. Ltd.,Kalika Securities Pvt. Ltd.,25,297.6,7440.0,2025-08-31T13:57:24.693163
2025-08-31,31171,2025083104008902,RHPL,Swarna Laxmi Securities Pvt. Ltd.,Kalika Securities Pvt. Ltd.,150,297.6,44640.0,2025-08-31T13:57:24.693253
2025-08-31,31170,2025083104008903,RHPL,Agrawal Securities (PVT) Ltd.,Kalika Securities Pvt. Ltd.,50,297.6,14880.0,2025-08-31T13:57:24.693341
2025-08-31,31009,2025083104008932,RHPL,Linch Stock Market Ltd.,Kalika Securities Pvt. Ltd.,100,297.6,29760.0,2025-08-31T13:57:55.309702
2025-08-31,30985,2025083104008934,RHPL,Malla & Malla Stock Broking Company Pvt. Limited,Kalika Securities Pvt. Ltd.,75,297.6,22320.0,2025-08-31T13:58:01.125036
2025-08-31,30526,2025083104009019,RHPL,South Asian Bulls Pvt. Ltd.,Midas Stock Broking Company Private Limited,285,297.5,84787.5,2025-08-31T13:59:38.890163
2025-08-31,30525,2025083104009020,RHPL,Naasa Securities Co. Ltd.,Midas Stock Broking Company Private Limited,25,297.5,7437.5,2025-08-31T13:59:38.890564
2025-08-31,30524,2025083104009021,RHPL,Sri Hari Securities Pvt. Ltd.,Midas Stock Broking Company Private Limited,50,297.5,14875.0,2025-08-31T13:59:38.890808
2025-08-31,30523,2025083104009022,RHPL,Naasa Securities Co. Ltd.,Midas Stock Broking Company Private Limited,1000,297.5,297500.0,2025-08-31T13:59:38.891077
2025-08-31,30522,2025083104009023,RHPL,Naasa Securities Co. Ltd.,Midas Stock Broking Company Private Limited,25,297.5,7437.5,2025-08-31T13:59:38.891304
2025-08-31,30521,2025083104009024,RHPL,Capital Max Securities Ltd,Midas Stock Broking Company Private Limited,10,297.5,2975.0,2025-08-31T13:59:38.891558
2025-08-31,30520,2025083104009025,RHPL,J.F. Securites (PVT) Ltd.,Midas Stock Broking Company Private Limited,30,297.5,8925.0,2025-08-31T13:59:38.891786
2025-08-31,30519,2025083104009026,RHPL,Sri Hari Securities Pvt. Ltd.,Midas Stock Broking Company Private Limited,15,297.2,4458.0,2025-08-31T13:59:38.892022
2025-08-31,30518,2025083104009027,RHPL,Naasa Securities Co. Ltd.,Midas Stock Broking Company Private Limited,15,297.1,4456.5,2025-08-31T13:59:38.892279
2025-08-31,30517,2025083104009028,RHPL,ABC Securities Private Limited,Midas Stock Broking Company Private Limited,500,297.1,148550.0,2025-08-31T13:59:38.892516
2025-08-31,30516,2025083104009029,RHPL,Aryatara Investment & Securities,Midas Stock Broking Company Private Limited,100,297.0,29700.0,2025-08-31T13:59:38.892748
2025-08-31,30515,2025083104009030,RHPL,Online Securities Pvt. Ltd.,Midas Stock Broking Company Private Limited,50,297.0,14850.0,2025-08-31T13:59:38.892987
2025-08-31,30514,2025083104009031,RHPL,South Asian Bulls Pvt. Ltd.,Midas Stock Broking Company Private Limited,200,297.0,59400.0,2025-08-31T13:59:38.893207
2025-08-31,30513,2025083104009032,RHPL,Online Securities Pvt. Ltd.,Midas Stock Broking Company Private Limited,100,297.0,29700.0,2025-08-31T13:59:38.893456
2025-08-31,30512,2025083104009033,RHPL,Primo Securities (PVT) Ltd.,Midas Stock Broking Company Private Limited,300,297.0,89100.0,2025-08-31T13:59:38.893682
2025-08-31,30511,2025083104009034,RHPL,Trisul Securities & Invt. Ltd.,Midas Stock Broking Company Private Limited,30,297.0,8910.0,2025-08-31T13:59:38.893932
2025-08-31,30510,2025083104009035,RHPL,Naasa Securities Co. Ltd.,Midas Stock Broking Company Private Limited,511,297.0,151767.0,2025-08-31T13:59:38.894143
2025-08-31,30509,2025083104009036,RHPL,Sumeru Securities Pvt. Ltd.,Midas Stock Broking Company Private Limited,100,297.0,29700.0,2025-08-31T13:59:38.894367
2025-08-31,30508,2025083104009037,RHPL,Infinity Securities Limited,Midas Stock Broking Company Private Limited,300,297.0,89100.0,2025-08-31T13:59:38.894578
2025-08-31,30507,2025083104009038,RHPL,Midas Stock Broking Company Private Limited,Midas Stock Broking Company Private Limited,300,297.0,89100.0,2025-08-31T13:59:38.894786
2025-08-31,30506,2025083104009039,RHPL,Naasa Securities Co. Ltd.,Midas Stock Broking Company Private Limited,50,297.0,14850.0,2025-08-31T13:59:38.894996
2025-08-31,30505,2025083104009040,RHPL,Naasa Securities Co. Ltd.,Midas Stock Broking Company Private Limited,15,297.0,4455.0,2025-08-31T13:59:38.895214
2025-08-31,30504,2025083104009041,RHPL,Capital Max Securities Ltd,Midas Stock Broking Company Private Limited,100,297.0,29700.0,2025-08-31T13:59:38.895441
2025-08-31,30503,2025083104009042,RHPL,Aryatara Investment & Securities,Midas Stock Broking Company Private Limited,30,297.0,8910.0,2025-08-31T13:59:38.895658
2025-08-31,30502,2025083104009043,RHPL,Linch Stock Market Ltd.,Midas Stock Broking Company Private Limited,100,296.0,29600.0,2025-08-31T13:59:38.895883
2025-08-31,30501,2025083104009044,RHPL,Nepal Stock House (PVT) Ltd.,Midas Stock Broking Company Private Limited,50,296.0,14800.0,2025-08-31T13:59:38.896113
2025-08-31,30500,2025083104009045,RHPL,Sundhara Securities Limited,Midas Stock Broking Company Private Limited,35,296.0,10360.0,2025-08-31T13:59:38.896343
2025-08-31,30499,2025083104009046,RHPL,Neev Securities Pvt. Ltd.,Midas Stock Broking Company Private Limited,10,296.0,2960.0,2025-08-31T13:59:38.896559
2025-08-31,30498,2025083104009047,RHPL,Siprabi Securities Pvt. Ltd.,Midas Stock Broking Company Private Limited,1000,296.0,296000.0,2025-08-31T13:59:38.896778
2025-08-31,30497,2025083104009048,RHPL,Midas Stock Broking Company Private Limited,Midas Stock Broking Company Private Limited,1000,296.0,296000.0,2025-08-31T13:59:38.896983
2025-08-31,30496,2025083104009049,RHPL,Primo Securities (PVT) Ltd.,Midas Stock Broking Company Private Limited,20,296.0,5920.0,2025-08-31T13:59:38.897188
2025-08-31,30495,2025083104009050,RHPL,J.F. Securites (PVT) Ltd.,Midas Stock Broking Company Private Limited,100,296.0,29600.0,2025-08-31T13:59:38.897408
2025-08-31,30494,2025083104009051,RHPL,Linch Stock Market Ltd.,Midas Stock Broking Company Private Limited,90,296.0,26640.0,2025-08-31T13:59:38.897625
2025-08-31,30493,2025083104009052,RHPL,Vision Securities Pvt. Ltd,Midas Stock Broking Company Private Limited,100,296.0,29600.0,2025-08-31T13:59:38.897853
2025-08-31,30492,2025083104009053,RHPL,Oxford Securities Pvt. Ltd.,Midas Stock Broking Company Private Limited,100,296.0,29600.0,2025-08-31T13:59:38.897976
2025-08-31,30491,2025083104009054,RHPL,Sumeru Securities Pvt. Ltd.,Midas Stock Broking Company Private Limited,100,296.0,29600.0,2025-08-31T13:59:38.898048
2025-08-31,30490,2025083104009055,RHPL,Midas Stock Broking Company Private Limited,Midas Stock Broking Company Private Limited,300,296.0,88800.0,2025-08-31T13:59:38.898136
2025-08-31,30489,2025083104009056,RHPL,Kalika Securities Pvt. Ltd.,Midas Stock Broking Company Private Limited,20,296.0,5920.0,2025-08-31T13:59:38.898209
2025-08-31,30488,2025083104009057,RHPL,Asian Securities Private Ltd.,Midas Stock Broking Company Private Limited,50,296.0,14800.0,2025-08-31T13:59:38.898277
2025-08-31,30487,2025083104009058,RHPL,Bhrikuti Stock Broking Co. Pvt. Ltd.,Midas Stock Broking Company Private Limited,800,296.0,236800.0,2025-08-31T13:59:38.898353
2025-08-31,30486,2025083104009059,RHPL,Online Securities Pvt. Ltd.,Midas Stock Broking Company Private Limited,50,296.0,14800.0,2025-08-31T13:59:38.898425
2025-08-31,30485,2025083104009060,RHPL,Infinity Securities Limited,Midas Stock Broking Company Private Limited,200,296.0,59200.0,2025-08-31T13:59:38.898497
2025-08-31,30484,2025083104009061,RHPL,Aryatara Investment & Securities,Midas Stock Broking Company Private Limited,500,296.0,148000.0,2025-08-31T13:59:38.898563
2025-08-31,30483,2025083104009062,RHPL,N.I.M.B. Stock Markets Limited,Midas Stock Broking Company Private Limited,20,296.0,5920.0,2025-08-31T13:59:38.898632
2025-08-31,30482,2025083104009063,RHPL,Dipshikha Dhitopatra Karobar Co. Pvt Ltd.,Midas Stock Broking Company Private Limited,200,296.0,59200.0,2025-08-31T13:59:38.898699
2025-08-31,30481,2025083104009064,RHPL,Dipshikha Dhitopatra Karobar Co. Pvt Ltd.,Midas Stock Broking Company Private Limited,50,296.0,14800.0,2025-08-31T13:59:38.898763
2025-08-31,30480,2025083104009065,RHPL,Aryatara Investment & Securities,Midas Stock Broking Company Private Limited,50,296.0,14800.0,2025-08-31T13:59:38.898827
2025-08-31,30479,2025083104009066,RHPL,Primo Securities (PVT) Ltd.,Midas Stock Broking Company Private Limited,100,296.0,29600.0,2025-08-31T13:59:38.898891
2025-08-31,30002,2025083104009110,RHPL,Deevyaa Securities & Stock House Pvt. Ltd,Kohinoor Investment & Securities Pvt. Ltd.,1400,297.5,416500.0,2025-08-31T14:00:35.16326
2025-08-31,28402,2025083104009264,RHPL,Arun Securities (PVT) Ltd.,Premier Securities Company Ltd.,10,298.5,2985.0,2025-08-31T14:04:04.513619
2025-08-31,27616,2025083104009465,RHPL,Naasa Securities Co. Ltd.,Property Wiard Limited,80,298.0,23840.0,2025-08-31T14:06:26.836134
2025-08-31,27277,2025083104009505,RHPL,Nepal Stock House (PVT) Ltd.,Midas Stock Broking Company Private Limited,150,297.0,44550.0,2025-08-31T14:07:09.028427
2025-08-31,27276,2025083104009506,RHPL,Market Securities & Exchange (PVT) Ltd.,Midas Stock Broking Company Private Limited,500,296.1,148050.0,2025-08-31T14:07:09.028588
2025-08-31,27275,2025083104009507,RHPL,Sweta Securities Private Limited,Midas Stock Broking Company Private Limited,1000,295.2,295200.0,2025-08-31T14:07:09.028663
2025-08-31,27274,2025083104009508,RHPL,Kumari Securities Private Limited,Midas Stock Broking Company Private Limited,500,295.1,147550.0,2025-08-31T14:07:09.028733
2025-08-31,27273,2025083104009509,RHPL,Online Securities Pvt. Ltd.,Midas Stock Broking Company Private Limited,50,295.1,14755.0,2025-08-31T14:07:09.028801
2025-08-31,27272,2025083104009510,RHPL,Naasa Securities Co. Ltd.,Midas Stock Broking Company Private Limited,601,295.1,177355.1,2025-08-31T14:07:09.028864
2025-08-31,27271,2025083104009511,RHPL,Imperial Securities Company Pvt. Ltd.,Midas Stock Broking Company Private Limited,1000,295.0,295000.0,2025-08-31T14:07:09.028932
2025-08-31,27270,2025083104009512,RHPL,South Asian Bulls Pvt. Ltd.,Midas Stock Broking Company Private Limited,280,295.0,82600.0,2025-08-31T14:07:09.028997
2025-08-31,27269,2025083104009513,RHPL,Secured Securities Ltd.,Midas Stock Broking Company Private Limited,50,295.0,14750.0,2025-08-31T14:07:09.029061
2025-08-31,27268,2025083104009514,RHPL,Sundhara Securities Limited,Midas Stock Broking Company Private Limited,500,295.0,147500.0,2025-08-31T14:07:09.029125
2025-08-31,27267,2025083104009515,RHPL,Nepal Stock House (PVT) Ltd.,Midas Stock Broking Company Private Limited,100,295.0,29500.0,2025-08-31T14:07:09.029195
2025-08-31,27266,2025083104009516,RHPL,Vision Securities Pvt. Ltd,Midas Stock Broking Company Private Limited,100,295.0,29500.0,2025-08-31T14:07:09.029256
2025-08-31,27265,2025083104009517,RHPL,Kumari Securities Private Limited,Midas Stock Broking Company Private Limited,50,295.0,14750.0,2025-08-31T14:07:09.029324
2025-08-31,27264,2025083104009518,RHPL,Global IME Securities Limited,Midas Stock Broking Company Private Limited,20,295.0,5900.0,2025-08-31T14:07:09.029384
2025-08-31,27263,2025083104009519,RHPL,Arun Securities (PVT) Ltd.,Midas Stock Broking Company Private Limited,500,295.0,147500.0,2025-08-31T14:07:09.029445
2025-08-31,27262,2025083104009520,RHPL,Nepal Stock House (PVT) Ltd.,Midas Stock Broking Company Private Limited,50,295.0,14750.0,2025-08-31T14:07:09.029504
2025-08-31,27261,2025083104009521,RHPL,Premier Securities Company Ltd.,Midas Stock Broking Company Private Limited,50,295.0,14750.0,2025-08-31T14:07:09.029562
2025-08-31,27260,2025083104009522,RHPL,Sagarmatha Securities Private Limited,Midas Stock Broking Company Private Limited,1000,295.0,295000.0,2025-08-31T14:07:09.029622
2025-08-31,27259,2025083104009523,RHPL,Online Securities Pvt. Ltd.,Midas Stock Broking Company Private Limited,1334,295.0,393530.0,2025-08-31T14:07:09.029681
2025-08-31,27258,2025083104009524,RHPL,KALASH STOCK MARKET PVT. LTD.,Midas Stock Broking Company Private Limited,260,295.0,76700.0,2025-08-31T14:07:09.02974
2025-08-31,27257,2025083104009525,RHPL,Kohinoor Investment & Securities Pvt. Ltd.,Midas Stock Broking Company Private Limited,20,295.0,5900.0,2025-08-31T14:07:09.029799
2025-08-31,27256,2025083104009526,RHPL,Bhrikuti Stock Broking Co. Pvt. Ltd.,Midas Stock Broking Company Private Limited,60,295.0,17700.0,2025-08-31T14:07:09.029853
2025-08-31,27255,2025083104009527,RHPL,Kalika Securities Pvt. Ltd.,Midas Stock Broking Company Private Limited,30,295.0,8850.0,2025-08-31T14:07:09.029908
2025-08-31,27254,2025083104009528,RHPL,Nepal Investment And Securities Trading Private Limited,Midas Stock Broking Company Private Limited,50,295.0,14750.0,2025-08-31T14:07:09.029971
2025-08-31,27253,2025083104009529,RHPL,Arun Securities (PVT) Ltd.,Midas Stock Broking Company Private Limited,200,295.0,59000.0,2025-08-31T14:07:09.030027
2025-08-31,27252,2025083104009530,RHPL,Cristal Kanchanjanga Securites Pvt. Ltd.,Midas Stock Broking Company Private Limited,200,295.0,59000.0,2025-08-31T14:07:09.030084
2025-08-31,27251,2025083104009531,RHPL,J.F. Securites (PVT) Ltd.,Midas Stock Broking Company Private Limited,170,295.0,50150.0,2025-08-31T14:07:09.03014
2025-08-31,27250,2025083104009532,RHPL,Imperial Securities Company Pvt. Ltd.,Midas Stock Broking Company Private Limited,20,295.0,5900.0,2025-08-31T14:07:09.030194
2025-08-31,27249,2025083104009533,RHPL,Aryatara Investment & Securities,Midas Stock Broking Company Private Limited,500,295.0,147500.0,2025-08-31T14:07:09.030249
2025-08-31,27248,2025083104009534,RHPL,Vision Securities Pvt. Ltd,Midas Stock Broking Company Private Limited,25,295.0,7375.0,2025-08-31T14:07:09.030304
2025-08-31,27247,2025083104009535,RHPL,Asian Securities Private Ltd.,Midas Stock Broking Company Private Limited,25,295.0,7375.0,2025-08-31T14:07:09.030365
2025-08-31,27246,2025083104009536,RHPL,Infinity Securities Limited,Midas Stock Broking Company Private Limited,500,295.0,147500.0,2025-08-31T14:07:09.030421
2025-08-31,26895,2025083104009606,RHPL,Sundhara Securities Limited,Sweta Securities Private Limited,80,295.0,23600.0,2025-08-31T14:07:56.543557
2025-08-31,25822,2025083104009861,RHPL,Opal Securities Investment (PVT) Ltd.,Midas Stock Broking Company Private Limited,100,295.0,29500.0,2025-08-31T14:11:06.268779
2025-08-31,25821,2025083104009862,RHPL,Bhrikuti Stock Broking Co. Pvt. Ltd.,Midas Stock Broking Company Private Limited,31,295.0,9145.0,2025-08-31T14:11:06.269098
2025-08-31,25783,2025083104009873,RHPL,Bhrikuti Stock Broking Co. Pvt. Ltd.,Sundhara Securities Limited,332,295.0,97940.0,2025-08-31T14:11:12.588058
2025-08-31,25782,2025083104009874,RHPL,J.F. Securites (PVT) Ltd.,Sundhara Securities Limited,30,295.0,8850.0,2025-08-31T14:11:12.588097
2025-08-31,25781,2025083104009875,RHPL,Agrawal Securities (PVT) Ltd.,Sundhara Securities Limited,50,294.9,14745.0,2025-08-31T14:11:12.588122
2025-08-31,25780,2025083104009876,RHPL,Trisul Securities & Invt. Ltd.,Sundhara Securities Limited,100,294.9,29490.0,2025-08-31T14:11:12.588147
2025-08-31,25779,2025083104009877,RHPL,J.F. Securites (PVT) Ltd.,Sundhara Securities Limited,488,294.8,143862.4,2025-08-31T14:11:12.588169
2025-08-31,25521,2025083104009926,RHPL,Kumari Securities Private Limited,Trishakti Securities Public Limited,100,295.0,29500.0,2025-08-31T14:11:56.346217
2025-08-31,25520,2025083104009927,RHPL,J.F. Securites (PVT) Ltd.,Trishakti Securities Public Limited,262,294.8,77237.6,2025-08-31T14:11:56.346543
2025-08-31,25519,2025083104009928,RHPL,Imperial Securities Company Pvt. Ltd.,Trishakti Securities Public Limited,30,294.8,8844.0,2025-08-31T14:11:56.346721
2025-08-31,25147,2025083104009982,RHPL,Oxford Securities Pvt. Ltd.,Trishakti Securities Public Limited,500,294.8,147400.0,2025-08-31T14:12:50.437715
2025-08-31,25120,2025083104009998,RHPL,Sri Hari Securities Pvt. Ltd.,Trishakti Securities Public Limited,50,294.8,14740.0,2025-08-31T14:12:53.166753
2025-08-31,24919,2025083104010035,RHPL,Imperial Securities Company Pvt. Ltd.,Dipshikha Dhitopatra Karobar Co. Pvt Ltd.,1000,294.6,294600.0,2025-08-31T14:13:20.388563
2025-08-31,24745,2025083104010087,RHPL,Sundhara Securities Limited,Vision Securities Pvt. Ltd,30,294.5,8835.0,2025-08-31T14:13:37.830206
2025-08-31,24744,2025083104010088,RHPL,Asian Securities Private Ltd.,Vision Securities Pvt. Ltd,50,294.5,14725.0,2025-08-31T14:13:37.83036
2025-08-31,24743,2025083104010089,RHPL,Opal Securities Investment (PVT) Ltd.,Vision Securities Pvt. Ltd,120,294.0,35280.0,2025-08-31T14:13:37.830425
2025-08-31,24646,2025083104010125,RHPL,Opal Securities Investment (PVT) Ltd.,Trishakti Securities Public Limited,108,294.0,31752.0,2025-08-31T14:13:51.039776
2025-08-31,24626,2025083104010127,RHPL,Opal Securities Investment (PVT) Ltd.,ABC Securities Private Limited,50,294.0,14700.0,2025-08-31T14:13:56.591273
2025-08-31,24446,2025083104010148,RHPL,Opal Securities Investment (PVT) Ltd.,Trishakti Securities Public Limited,80,294.0,23520.0,2025-08-31T14:14:33.307657
2025-08-31,24301,2025083104010191,RHPL,Nepal Stock House (PVT) Ltd.,Aryatara Investment & Securities,100,294.1,29410.0,2025-08-31T14:15:03.581656
2025-08-31,24266,2025083104010194,RHPL,Online Securities Pvt. Ltd.,Sundhara Securities Limited,100,294.6,29460.0,2025-08-31T14:15:11.283891
2025-08-31,23539,2025083104010317,RHPL,Oxford Securities Pvt. Ltd.,Primo Securities (PVT) Ltd.,80,294.1,23528.0,2025-08-31T14:17:12.299542
2025-08-31,23538,2025083104010318,RHPL,Shree Krishna Securities Ltd.,Primo Securities (PVT) Ltd.,100,294.1,29410.0,2025-08-31T14:17:12.299856
2025-08-31,23537,2025083104010319,RHPL,Naasa Securities Co. Ltd.,Primo Securities (PVT) Ltd.,50,294.1,14705.0,2025-08-31T14:17:12.300048
2025-08-31,23536,2025083104010320,RHPL,Opal Securities Investment (PVT) Ltd.,Primo Securities (PVT) Ltd.,107,294.0,31458.0,2025-08-31T14:17:12.300214
2025-08-31,23535,2025083104010321,RHPL,Neev Securities Pvt. Ltd.,Primo Securities (PVT) Ltd.,100,294.0,29400.0,2025-08-31T14:17:12.300413
2025-08-31,23534,2025083104010322,RHPL,Linch Stock Market Ltd.,Primo Securities (PVT) Ltd.,50,294.0,14700.0,2025-08-31T14:17:12.300609
2025-08-31,23533,2025083104010323,RHPL,Agrawal Securities (PVT) Ltd.,Primo Securities (PVT) Ltd.,273,294.0,80262.0,2025-08-31T14:17:12.30079
2025-08-31,23439,2025083104010362,RHPL,Agrawal Securities (PVT) Ltd.,Primo Securities (PVT) Ltd.,10,294.0,2940.0,2025-08-31T14:17:31.371533
2025-08-31,23406,2025083104010366,RHPL,Agrawal Securities (PVT) Ltd.,Sri Hari Securities Pvt. Ltd.,80,294.0,23520.0,2025-08-31T14:17:37.959537
2025-08-31,23308,2025083104010381,RHPL,Sani Securities Company Ltd.,Sani Securities Company Ltd.,600,294.3,176580.0,2025-08-31T14:17:48.306844
2025-08-31,23307,2025083104010382,RHPL,Sani Securities Company Ltd.,Sundhara Securities Limited,900,294.6,265140.0,2025-08-31T14:17:48.307148
2025-08-31,23306,2025083104010383,RHPL,Sani Securities Company Ltd.,Magnet Securities and Investment Company Private Limited,200,294.6,58920.0,2025-08-31T14:17:48.307364
2025-08-31,23305,2025083104010384,RHPL,Sani Securities Company Ltd.,Sundhara Securities Limited,300,294.7,88410.0,2025-08-31T14:17:48.307541
2025-08-31,23240,2025083104010401,RHPL,Agrawal Securities (PVT) Ltd.,Himalayan Brokerage Company Limited,137,294.0,40278.0,2025-08-31T14:18:00.40681
2025-08-31,23239,2025083104010402,RHPL,Naasa Securities Co. Ltd.,Himalayan Brokerage Company Limited,80,294.0,23520.0,2025-08-31T14:18:00.406875
2025-08-31,23238,2025083104010403,RHPL,Infinity Securities Limited,Himalayan Brokerage Company Limited,15,294.0,4410.0,2025-08-31T14:18:00.406902
2025-08-31,23237,2025083104010404,RHPL,Sundhara Securities Limited,Himalayan Brokerage Company Limited,10,294.0,2940.0,2025-08-31T14:18:00.406925
2025-08-31,23236,2025083104010405,RHPL,Sani Securities Company Ltd.,Himalayan Brokerage Company Limited,34,294.0,9996.0,2025-08-31T14:18:00.406949
2025-08-31,23235,2025083104010406,RHPL,Primo Securities (PVT) Ltd.,Himalayan Brokerage Company Limited,200,294.0,58800.0,2025-08-31T14:18:00.406969
2025-08-31,23234,2025083104010407,RHPL,ABC Securities Private Limited,Himalayan Brokerage Company Limited,200,294.0,58800.0,2025-08-31T14:18:00.406989
2025-08-31,23233,2025083104010408,RHPL,Sri Hari Securities Pvt. Ltd.,Himalayan Brokerage Company Limited,35,293.9,10286.5,2025-08-31T14:18:00.40701
2025-08-31,23232,2025083104010409,RHPL,Trisul Securities & Invt. Ltd.,Himalayan Brokerage Company Limited,50,293.8,14690.0,2025-08-31T14:18:00.407034
2025-08-31,23231,2025083104010410,RHPL,Sweta Securities Private Limited,Himalayan Brokerage Company Limited,100,293.7,29370.0,2025-08-31T14:18:00.407066
2025-08-31,23230,2025083104010411,RHPL,Naasa Securities Co. Ltd.,Himalayan Brokerage Company Limited,50,293.5,14675.0,2025-08-31T14:18:00.407108
2025-08-31,23229,2025083104010412,RHPL,Dakshinkali Investment & Securities Pvt. Ltd.,Himalayan Brokerage Company Limited,1000,293.5,293500.0,2025-08-31T14:18:00.407147
2025-08-31,23228,2025083104010413,RHPL,Aryatara Investment & Securities,Himalayan Brokerage Company Limited,110,293.3,32263.0,2025-08-31T14:18:00.407168
2025-08-31,23227,2025083104010414,RHPL,Sani Securities Company Ltd.,Himalayan Brokerage Company Limited,50,293.2,14660.0,2025-08-31T14:18:00.40719
2025-08-31,23226,2025083104010415,RHPL,ABC Securities Private Limited,Himalayan Brokerage Company Limited,50,293.1,14655.0,2025-08-31T14:18:00.407216
2025-08-31,23225,2025083104010416,RHPL,South Asian Bulls Pvt. Ltd.,Himalayan Brokerage Company Limited,200,293.1,58620.0,2025-08-31T14:18:00.407243
2025-08-31,23224,2025083104010417,RHPL,Agrawal Securities (PVT) Ltd.,Himalayan Brokerage Company Limited,100,293.1,29310.0,2025-08-31T14:18:00.407264
2025-08-31,23223,2025083104010418,RHPL,Sani Securities Company Ltd.,Himalayan Brokerage Company Limited,250,293.0,73250.0,2025-08-31T14:18:00.407284
2025-08-31,23222,2025083104010419,RHPL,Bhrikuti Stock Broking Co. Pvt. Ltd.,Himalayan Brokerage Company Limited,400,293.0,117200.0,2025-08-31T14:18:00.407307
2025-08-31,23221,2025083104010420,RHPL,Property Wiard Limited,Himalayan Brokerage Company Limited,330,293.0,96690.0,2025-08-31T14:18:00.407335
2025-08-31,23220,2025083104010421,RHPL,Online Securities Pvt. Ltd.,Himalayan Brokerage Company Limited,50,293.0,14650.0,2025-08-31T14:18:00.407353
2025-08-31,23219,2025083104010422,RHPL,Capital Max Securities Ltd,Himalayan Brokerage Company Limited,20,293.0,5860.0,2025-08-31T14:18:00.407374
2025-08-31,23218,2025083104010423,RHPL,Aakashbhairab Securities Ltd.,Himalayan Brokerage Company Limited,100,293.0,29300.0,2025-08-31T14:18:00.407398
2025-08-31,23217,2025083104010424,RHPL,Sweta Securities Private Limited,Himalayan Brokerage Company Limited,100,292.9,29290.0,2025-08-31T14:18:00.407418
2025-08-31,23216,2025083104010425,RHPL,Neev Securities Pvt. Ltd.,Himalayan Brokerage Company Limited,200,292.6,58520.0,2025-08-31T14:18:00.407439
2025-08-31,23215,2025083104010426,RHPL,Asian Securities Private Ltd.,Himalayan Brokerage Company Limited,60,292.6,17556.0,2025-08-31T14:18:00.407461
2025-08-31,23214,2025083104010427,RHPL,Imperial Securities Company Pvt. Ltd.,Himalayan Brokerage Company Limited,50,292.1,14605.0,2025-08-31T14:18:00.407485
2025-08-31,23213,2025083104010428,RHPL,Agrawal Securities (PVT) Ltd.,Himalayan Brokerage Company Limited,300,292.1,87630.0,2025-08-31T14:18:00.40751
2025-08-31,23212,2025083104010429,RHPL,Aryatara Investment & Securities,Himalayan Brokerage Company Limited,500,292.0,146000.0,2025-08-31T14:18:00.407533
2025-08-31,23211,2025083104010430,RHPL,Vision Securities Pvt. Ltd,Himalayan Brokerage Company Limited,100,292.0,29200.0,2025-08-31T14:18:00.407556
2025-08-31,23210,2025083104010431,RHPL,Dipshikha Dhitopatra Karobar Co. Pvt Ltd.,Himalayan Brokerage Company Limited,100,292.0,29200.0,2025-08-31T14:18:00.407581
2025-08-31,23209,2025083104010432,RHPL,Primo Securities (PVT) Ltd.,Himalayan Brokerage Company Limited,100,292.0,29200.0,2025-08-31T14:18:00.407602
2025-08-31,23208,2025083104010433,RHPL,Midas Stock Broking Company Private Limited,Himalayan Brokerage Company Limited,50,292.0,14600.0,2025-08-31T14:18:00.407626
2025-08-31,23207,2025083104010434,RHPL,Sweta Securities Private Limited,Himalayan Brokerage Company Limited,80,292.0,23360.0,2025-08-31T14:18:00.407646
2025-08-31,23206,2025083104010435,RHPL,Aryatara Investment & Securities,Himalayan Brokerage Company Limited,100,292.0,29200.0,2025-08-31T14:18:00.407676
2025-08-31,23205,2025083104010436,RHPL,Kumari Securities Private Limited,Himalayan Brokerage Company Limited,320,292.0,93440.0,2025-08-31T14:18:00.407697
2025-08-31,23204,2025083104010437,RHPL,Dakshinkali Investment & Securities Pvt. Ltd.,Himalayan Brokerage Company Limited,1000,292.0,292000.0,2025-08-31T14:18:00.407718
2025-08-31,23203,2025083104010438,RHPL,Agrawal Securities (PVT) Ltd.,Himalayan Brokerage Company Limited,100,291.1,29110.0,2025-08-31T14:18:00.407739
2025-08-31,23202,2025083104010439,RHPL,Ashutosh Brokerage & Securities (PVT) Ltd.,Himalayan Brokerage Company Limited,500,291.0,145500.0,2025-08-31T14:18:00.40776
2025-08-31,23201,2025083104010440,RHPL,Agrawal Securities (PVT) Ltd.,Himalayan Brokerage Company Limited,100,290.1,29010.0,2025-08-31T14:18:00.407786
2025-08-31,23200,2025083104010441,RHPL,Kumari Securities Private Limited,Himalayan Brokerage Company Limited,100,290.0,29000.0,2025-08-31T14:18:00.407808
2025-08-31,23199,2025083104010442,RHPL,Sundhara Securities Limited,Himalayan Brokerage Company Limited,50,290.0,14500.0,2025-08-31T14:18:00.407853
2025-08-31,23198,2025083104010443,RHPL,Oxford Securities Pvt. Ltd.,Himalayan Brokerage Company Limited,1000,290.0,290000.0,2025-08-31T14:18:00.407874
2025-08-31,23197,2025083104010444,RHPL,South Asian Bulls Pvt. Ltd.,Himalayan Brokerage Company Limited,500,290.0,145000.0,2025-08-31T14:18:00.407894
2025-08-31,23196,2025083104010445,RHPL,Asian Securities Private Ltd.,Himalayan Brokerage Company Limited,100,290.0,29000.0,2025-08-31T14:18:00.407913
2025-08-31,23195,2025083104010446,RHPL,SHUBHAKAMANA SECURITIES PVT. LTD,Himalayan Brokerage Company Limited,2377,290.0,689330.0,2025-08-31T14:18:00.407933
2025-08-31,23194,2025083104010447,RHPL,Opal Securities Investment (PVT) Ltd.,Himalayan Brokerage Company Limited,200,290.0,58000.0,2025-08-31T14:18:00.407953
2025-08-31,23193,2025083104010448,RHPL,Agrawal Securities (PVT) Ltd.,Himalayan Brokerage Company Limited,500,290.0,145000.0,2025-08-31T14:18:00.407975
2025-08-31,23192,2025083104010449,RHPL,Midas Stock Broking Company Private Limited,Himalayan Brokerage Company Limited,200,290.0,58000.0,2025-08-31T14:18:00.407994
2025-08-31,23191,2025083104010450,RHPL,Oxford Securities Pvt. Ltd.,Himalayan Brokerage Company Limited,50,290.0,14500.0,2025-08-31T14:18:00.408015
2025-08-31,23190,2025083104010451,RHPL,Dynamic Money Managers Securities Pvt. Ltd.,Himalayan Brokerage Company Limited,200,290.0,58000.0,2025-08-31T14:18:00.408033
2025-08-31,23189,2025083104010452,RHPL,Sri Hari Securities Pvt. Ltd.,Himalayan Brokerage Company Limited,100,290.0,29000.0,2025-08-31T14:18:00.40805
2025-08-31,23188,2025083104010453,RHPL,Asian Securities Private Ltd.,Himalayan Brokerage Company Limited,335,290.0,97150.0,2025-08-31T14:18:00.40807
2025-08-31,23187,2025083104010454,RHPL,Deevyaa Securities & Stock House Pvt. Ltd,Himalayan Brokerage Company Limited,500,289.1,144550.0,2025-08-31T14:18:00.408091
2025-08-31,23186,2025083104010455,RHPL,Vision Securities Pvt. Ltd,Himalayan Brokerage Company Limited,50,289.1,14455.0,2025-08-31T14:18:00.408112
2025-08-31,23185,2025083104010456,RHPL,Online Securities Pvt. Ltd.,Himalayan Brokerage Company Limited,10,289.1,2891.0,2025-08-31T14:18:00.408131
2025-08-31,23184,2025083104010457,RHPL,Deevyaa Securities & Stock House Pvt. Ltd,Himalayan Brokerage Company Limited,50,289.1,14455.0,2025-08-31T14:18:00.40815
2025-08-31,23183,2025083104010458,RHPL,Dynamic Money Managers Securities Pvt. Ltd.,Himalayan Brokerage Company Limited,1347,289.1,389417.7,2025-08-31T14:18:00.408169
2025-08-31,23138,2025083104010464,RHPL,Agrawal Securities (PVT) Ltd.,Deevyaa Securities & Stock House Pvt. Ltd,10,294.1,2941.0,2025-08-31T14:18:08.857588
2025-08-31,21882,2025083104010677,RHPL,Infinity Securities Limited,Naasa Securities Co. Ltd.,235,293.0,68855.0,2025-08-31T14:21:33.203882
2025-08-31,21765,2025083104010708,RHPL,Infinity Securities Limited,Naasa Securities Co. Ltd.,50,293.0,14650.0,2025-08-31T14:22:00.60686
2025-08-31,21647,2025083104010747,RHPL,Infinity Securities Limited,Imperial Securities Company Pvt. Ltd.,200,292.0,58400.0,2025-08-31T14:22:25.25769
2025-08-31,21646,2025083104010748,RHPL,ABC Securities Private Limited,Imperial Securities Company Pvt. Ltd.,200,291.1,58220.0,2025-08-31T14:22:25.257816
2025-08-31,21645,2025083104010749,RHPL,Hatemalo Financial Services Private Limited,Imperial Securities Company Pvt. Ltd.,100,291.0,29100.0,2025-08-31T14:22:25.257865
2025-08-31,21255,2025083104010826,RHPL,Linch Stock Market Ltd.,Dynamic Money Managers Securities Pvt. Ltd.,100,292.0,29200.0,2025-08-31T14:23:19.140924
2025-08-31,21201,2025083104010835,RHPL,Sundhara Securities Limited,Dynamic Money Managers Securities Pvt. Ltd.,100,292.0,29200.0,2025-08-31T14:23:29.092735
2025-08-31,20209,2025083104011089,RHPL,Naasa Securities Co. Ltd.,Neev Securities Pvt. Ltd.,40,292.0,11680.0,2025-08-31T14:25:59.39014
2025-08-31,19675,2025083104011208,RHPL,Agrawal Securities (PVT) Ltd.,Sundhara Securities Limited,200,294.7,58940.0,2025-08-31T14:27:15.839138
2025-08-31,19513,2025083104011240,RHPL,Agrawal Securities (PVT) Ltd.,Sundhara Securities Limited,100,292.2,29220.0,2025-08-31T14:27:36.331472
2025-08-31,19512,2025083104011241,RHPL,Online Securities Pvt. Ltd.,Sundhara Securities Limited,50,292.2,14610.0,2025-08-31T14:27:36.331635
2025-08-31,19207,2025083104011271,RHPL,Online Securities Pvt. Ltd.,Deevyaa Securities & Stock House Pvt. Ltd,80,292.2,23376.0,2025-08-31T14:28:11.915343
2025-08-31,19051,2025083104011308,RHPL,Naasa Securities Co. Ltd.,Naasa Securities Co. Ltd.,27,292.3,7892.1,2025-08-31T14:28:32.603586
2025-08-31,19050,2025083104011309,RHPL,Online Securities Pvt. Ltd.,Naasa Securities Co. Ltd.,53,292.2,15486.6,2025-08-31T14:28:32.603776
2025-08-31,18708,2025083104011392,RHPL,Nepal Stock House (PVT) Ltd.,Shree Krishna Securities Ltd.,30,294.6,8838.0,2025-08-31T14:29:30.165476
2025-08-31,18537,2025083104011420,RHPL,Nepal Stock House (PVT) Ltd.,Sundhara Securities Limited,70,294.7,20629.0,2025-08-31T14:29:47.624597
2025-08-31,18476,2025083104011423,RHPL,Cristal Kanchanjanga Securites Pvt. Ltd.,Sundhara Securities Limited,430,294.7,126721.0,2025-08-31T14:29:55.560148
2025-08-31,18475,2025083104011424,RHPL,Cristal Kanchanjanga Securites Pvt. Ltd.,Premier Securities Company Ltd.,100,295.0,29500.0,2025-08-31T14:29:55.560305
2025-08-31,18474,2025083104011425,RHPL,Cristal Kanchanjanga Securites Pvt. Ltd.,Trishakti Securities Public Limited,50,295.0,14750.0,2025-08-31T14:29:55.56038
2025-08-31,18473,2025083104011426,RHPL,Cristal Kanchanjanga Securites Pvt. Ltd.,Midas Stock Broking Company Private Limited,100,295.0,29500.0,2025-08-31T14:29:55.560444
2025-08-31,18472,2025083104011427,RHPL,Cristal Kanchanjanga Securites Pvt. Ltd.,South Asian Bulls Pvt. Ltd.,50,295.0,14750.0,2025-08-31T14:29:55.560509
2025-08-31,18455,2025083104011429,RHPL,Cristal Kanchanjanga Securites Pvt. Ltd.,Secured Securities Ltd.,50,295.0,14750.0,2025-08-31T14:29:59.730991
2025-08-31,18258,2025083104011502,RHPL,Cristal Kanchanjanga Securites Pvt. Ltd.,Midas Stock Broking Company Private Limited,1796,295.0,529820.0,2025-08-31T14:30:38.052404
2025-08-31,17632,2025083104011657,RHPL,Nepal Stock House (PVT) Ltd.,Cristal Kanchanjanga Securites Pvt. Ltd.,70,294.6,20622.0,2025-08-31T14:31:56.15997
2025-08-31,17631,2025083104011658,RHPL,Siprabi Securities Pvt. Ltd.,Cristal Kanchanjanga Securites Pvt. Ltd.,20,294.0,5880.0,2025-08-31T14:31:56.160295
2025-08-31,17296,2025083104011748,RHPL,Deevyaa Securities & Stock House Pvt. Ltd,Cristal Kanchanjanga Securites Pvt. Ltd.,10,294.0,2940.0,2025-08-31T14:32:33.363282
2025-08-31,17158,2025083104011796,RHPL,Imperial Securities Company Pvt. Ltd.,Midas Stock Broking Company Private Limited,1000,293.0,293000.0,2025-08-31T14:32:46.772606
2025-08-31,16598,2025083104011899,RHPL,Online Securities Pvt. Ltd.,Midas Stock Broking Company Private Limited,1500,292.5,438750.0,2025-08-31T14:34:00.216787
2025-08-31,16597,2025083104011900,RHPL,Sewa Securities Pvt. Ltd.,Midas Stock Broking Company Private Limited,100,292.5,29250.0,2025-08-31T14:34:00.217133
2025-08-31,16596,2025083104011901,RHPL,Agrawal Securities (PVT) Ltd.,Midas Stock Broking Company Private Limited,500,292.4,146200.0,2025-08-31T14:34:00.217361
2025-08-31,16595,2025083104011902,RHPL,INDEX SECURITIES LIMITED,Midas Stock Broking Company Private Limited,500,292.3,146150.0,2025-08-31T14:34:00.217554
2025-08-31,15682,2025083104012061,RHPL,Aryatara Investment & Securities,Sani Securities Company Ltd.,80,292.3,23384.0,2025-08-31T14:36:10.097788
2025-08-31,15351,2025083104012136,RHPL,Opal Securities Investment (PVT) Ltd.,Himalayan Brokerage Company Limited,100,295.0,29500.0,2025-08-31T14:37:00.855655
2025-08-31,15220,2025083104012160,RHPL,Agrawal Securities (PVT) Ltd.,Kumari Securities Private Limited,70,292.4,20468.0,2025-08-31T14:37:21.029268
2025-08-31,15081,2025083104012192,RHPL,Agrawal Securities (PVT) Ltd.,Opal Securities Investment (PVT) Ltd.,20,292.4,5848.0,2025-08-31T14:37:42.194599
2025-08-31,12459,2025083104012694,RHPL,Kohinoor Investment & Securities Pvt. Ltd.,Aryatara Investment & Securities,120,294.0,35280.0,2025-08-31T14:43:13.741024
2025-08-31,12458,2025083104012695,RHPL,Kohinoor Investment & Securities Pvt. Ltd.,Sundhara Securities Limited,10,294.5,2945.0,2025-08-31T14:43:13.741245
2025-08-31,12457,2025083104012696,RHPL,Kohinoor Investment & Securities Pvt. Ltd.,Bhrikuti Stock Broking Co. Pvt. Ltd.,280,294.5,82460.0,2025-08-31T14:43:13.741331
2025-08-31,12323,2025083104012734,RHPL,Kohinoor Investment & Securities Pvt. Ltd.,Sundhara Securities Limited,90,294.5,26505.0,2025-08-31T14:43:31.338621
2025-08-31,11158,2025083104013074,RHPL,Kumari Securities Private Limited,Sundhara Securities Limited,10,294.3,2943.0,2025-08-31T14:45:19.03351
2025-08-31,11070,2025083104013089,RHPL,Aakashbhairab Securities Ltd.,Citizens Share Broker Limited,500,294.0,147000.0,2025-08-31T14:45:27.735436
2025-08-31,10853,2025083104013133,RHPL,Siprabi Securities Pvt. Ltd.,Midas Stock Broking Company Private Limited,15,293.2,4398.0,2025-08-31T14:45:48.998879
2025-08-31,10852,2025083104013134,RHPL,Creative Securities Pvt Ltd,Midas Stock Broking Company Private Limited,500,293.1,146550.0,2025-08-31T14:45:48.999102
2025-08-31,10851,2025083104013135,RHPL,Oxford Securities Pvt. Ltd.,Midas Stock Broking Company Private Limited,500,293.1,146550.0,2025-08-31T14:45:48.999183
2025-08-31,10850,2025083104013136,RHPL,Imperial Securities Company Pvt. Ltd.,Midas Stock Broking Company Private Limited,1000,293.0,293000.0,2025-08-31T14:45:48.999254
2025-08-31,10849,2025083104013137,RHPL,Siprabi Securities Pvt. Ltd.,Midas Stock Broking Company Private Limited,100,293.0,29300.0,2025-08-31T14:45:48.999337
2025-08-31,10848,2025083104013138,RHPL,Aakashbhairab Securities Ltd.,Midas Stock Broking Company Private Limited,500,293.0,146500.0,2025-08-31T14:45:48.999408
2025-08-31,10532,2025083104013209,RHPL,Sri Hari Securities Pvt. Ltd.,Cristal Kanchanjanga Securites Pvt. Ltd.,15,292.7,4390.5,2025-08-31T14:46:24.354646
2025-08-31,10531,2025083104013210,RHPL,Kumari Securities Private Limited,Cristal Kanchanjanga Securites Pvt. Ltd.,100,292.7,29270.0,2025-08-31T14:46:24.355063
2025-08-31,10530,2025083104013211,RHPL,SHUBHAKAMANA SECURITIES PVT. LTD,Cristal Kanchanjanga Securites Pvt. Ltd.,285,292.6,83391.0,2025-08-31T14:46:24.35529
2025-08-31,10472,2025083104013214,RHPL,Online Securities Pvt. Ltd.,Sweta Securities Private Limited,70,293.2,20524.0,2025-08-31T14:46:32.546643
2025-08-31,10189,2025083104013260,RHPL,Agrawal Securities (PVT) Ltd.,Sundhara Securities Limited,500,292.7,146350.0,2025-08-31T14:47:02.686133
2025-08-31,10188,2025083104013261,RHPL,SHUBHAKAMANA SECURITIES PVT. LTD,Sundhara Securities Limited,50,292.6,14630.0,2025-08-31T14:47:02.686387
2025-08-31,9396,2025083104013370,RHPL,Kohinoor Investment & Securities Pvt. Ltd.,Citizens Share Broker Limited,10,294.0,2940.0,2025-08-31T14:48:36.963096
2025-08-31,9314,2025083104013398,RHPL,Linch Stock Market Ltd.,Citizens Share Broker Limited,100,294.0,29400.0,2025-08-31T14:48:47.725046
2025-08-31,9222,2025083104013410,RHPL,Kalika Securities Pvt. Ltd.,Aryatara Investment & Securities,20,293.0,5860.0,2025-08-31T14:49:01.205395
2025-08-31,9028,2025083104013428,RHPL,Kohinoor Investment & Securities Pvt. Ltd.,Aryatara Investment & Securities,10,293.0,2930.0,2025-08-31T14:49:21.345775
2025-08-31,7893,2025083104013694,RHPL,Online Securities Pvt. Ltd.,Citizens Share Broker Limited,10,293.7,2937.0,2025-08-31T14:51:16.781542
2025-08-31,7892,2025083104013695,RHPL,KALASH STOCK MARKET PVT. LTD.,Citizens Share Broker Limited,351,293.7,103088.7,2025-08-31T14:51:16.781947
2025-08-31,7346,2025083104013811,RHPL,Kalika Securities Pvt. Ltd.,Trishakti Securities Public Limited,40,294.0,11760.0,2025-08-31T14:52:05.225403
2025-08-31,7345,2025083104013812,RHPL,Kalika Securities Pvt. Ltd.,Kohinoor Investment & Securities Pvt. Ltd.,160,294.0,47040.0,2025-08-31T14:52:05.225648
2025-08-31,7195,2025083104013850,RHPL,Market Securities & Exchange (PVT) Ltd.,Kohinoor Investment & Securities Pvt. Ltd.,100,294.0,29400.0,2025-08-31T14:52:18.519065
2025-08-31,7043,2025083104013885,RHPL,Agrawal Securities (PVT) Ltd.,Kohinoor Investment & Securities Pvt. Ltd.,340,294.0,99960.0,2025-08-31T14:52:31.560055
2025-08-31,6600,2025083104013950,RHPL,Linch Stock Market Ltd.,Naasa Securities Co. Ltd.,300,294.0,88200.0,2025-08-31T14:53:11.074682
2025-08-31,6591,2025083104013953,RHPL,Kumari Securities Private Limited,Sundhara Securities Limited,30,294.3,8829.0,2025-08-31T14:53:11.965028
2025-08-31,6120,2025083104014067,RHPL,South Asian Bulls Pvt. Ltd.,Aryatara Investment & Securities,30,294.0,8820.0,2025-08-31T14:53:57.351558
2025-08-31,6091,2025083104014069,RHPL,Kalika Securities Pvt. Ltd.,Sundhara Securities Limited,25,294.3,7357.5,2025-08-31T14:53:59.829165
2025-08-31,5777,2025083104014140,RHPL,Online Securities Pvt. Ltd.,Sundhara Securities Limited,121,294.3,35610.3,2025-08-31T14:54:31.07848
2025-08-31,5776,2025083104014141,RHPL,Online Securities Pvt. Ltd.,Himalayan Brokerage Company Limited,539,295.0,159005.0,2025-08-31T14:54:31.078713
2025-08-31,4891,2025083104014329,RHPL,South Asian Bulls Pvt. Ltd.,Primo Securities (PVT) Ltd.,70,294.8,20636.0,2025-08-31T14:55:48.177248
2025-08-31,4717,2025083104014332,RHPL,Asian Securities Private Ltd.,Primo Securities (PVT) Ltd.,100,294.8,29480.0,2025-08-31T14:55:54.719943
2025-08-31,4650,2025083104014349,RHPL,Investment Management Nepal Pvt. Ltd.,Primo Securities (PVT) Ltd.,100,294.8,29480.0,2025-08-31T14:56:02.131121
2025-08-31,3676,2025083104014571,RHPL,Online Securities Pvt. Ltd.,Primo Securities (PVT) Ltd.,330,294.8,97284.0,2025-08-31T14:57:01.585862
2025-08-31,3675,2025083104014572,RHPL,Online Securities Pvt. Ltd.,Citizens Share Broker Limited,170,294.9,50133.0,2025-08-31T14:57:01.58605
2025-08-31,3203,2025083104014672,RHPL,Online Securities Pvt. Ltd.,Citizens Share Broker Limited,100,294.1,29410.0,2025-08-31T14:57:30.953623
2025-08-31,3202,2025083104014673,RHPL,Aryatara Investment & Securities,Citizens Share Broker Limited,500,294.1,147050.0,2025-08-31T14:57:30.953827
2025-08-31,3201,2025083104014674,RHPL,Swarna Laxmi Securities Pvt. Ltd.,Citizens Share Broker Limited,230,294.1,67643.0,2025-08-31T14:57:30.953909
2025-08-31,2793,2025083104014767,RHPL,Deevyaa Securities & Stock House Pvt. Ltd,Himalayan Brokerage Company Limited,10,295.0,2950.0,2025-08-31T14:57:54.904725
2025-08-31,2244,2025083104014896,RHPL,ABC Securities Private Limited,Linch Stock Market Ltd.,113,294.2,33244.6,2025-08-31T14:58:26.408904
2025-08-31,1736,2025083104014978,RHPL,Sani Securities Company Ltd.,Naasa Securities Co. Ltd.,135,294.5,39757.5,2025-08-31T14:58:56.286922
2025-08-31,1502,2025083104015020,RHPL,Sani Securities Company Ltd.,Midas Stock Broking Company Private Limited,365,294.5,107492.5,2025-08-31T14:59:08.922542
2025-08-31,1501,2025083104015021,RHPL,Swarna Laxmi Securities Pvt. Ltd.,Midas Stock Broking Company Private Limited,270,294.1,79407.0,2025-08-31T14:59:08.922754
2025-08-31,1500,2025083104015022,RHPL,Opal Securities Investment (PVT) Ltd.,Midas Stock Broking Company Private Limited,1000,294.0,294000.0,2025-08-31T14:59:08.922849
2025-08-31,1499,2025083104015023,RHPL,Online Securities Pvt. Ltd.,Midas Stock Broking Company Private Limited,500,294.0,147000.0,2025-08-31T14:59:08.922928
2025-08-31,1498,2025083104015024,RHPL,Naasa Securities Co. Ltd.,Midas Stock Broking Company Private Limited,34,294.0,9996.0,2025-08-31T14:59:08.923006
2025-08-31,1497,2025083104015025,RHPL,Sri Hari Securities Pvt. Ltd.,Midas Stock Broking Company Private Limited,31,294.0,9114.0,2025-08-31T14:59:08.923083
2025-08-31,602,2025083104015192,RHPL,ABC Securities Private Limited,Himalayan Brokerage Company Limited,51,295.0,15045.0,2025-08-31T14:59:40.10609
2025-08-31,601,2025083104015193,RHPL,ABC Securities Private Limited,Nepal Investment And Securities Trading Private Limited,50,295.0,14750.0,2025-08-31T14:59:40.106295
2025-08-31,600,2025083104015194,RHPL,ABC Securities Private Limited,Cristal Kanchanjanga Securites Pvt. Ltd.,25,295.0,7375.0,2025-08-31T14:59:40.106392
2025-08-31,599,2025083104015195,RHPL,ABC Securities Private Limited,Naasa Securities Co. Ltd.,50,295.0,14750.0,2025-08-31T14:59:40.106472
