Date,S.N.,Contract ID,Symbol,Buyer Broker,Seller Broker,quantity,rate,amount,transaction_time
2025-08-31,97155,2025083104000014,UPPER,Sri Hari Securities Pvt. Ltd.,Neev Securities Pvt. Ltd.,50,195.5,9775.0,2025-08-31T10:46:00.033195
2025-08-31,96476,2025083104000040,UPPER,Malla & Malla Stock Broking Company Pvt. Limited,Neev Securities Pvt. Ltd.,100,195.0,19500.0,2025-08-31T11:00:50.376491
2025-08-31,96054,2025083104000057,UPPER,Sundhara Securities Limited,Neev Securities Pvt. Ltd.,50,195.0,9750.0,2025-08-31T11:01:24.796139
2025-08-31,95043,2025083104000094,UPPER,Agrawal Securities (PVT) Ltd.,Citizens Share Broker Limited,10,194.3,1943.0,2025-08-31T11:02:40.267006
2025-08-31,93757,2025083104000177,UPPER,Sani Securities Company Ltd.,Neev Securities Pvt. Ltd.,20,193.2,3864.0,2025-08-31T11:04:40.675183
2025-08-31,93756,2025083104000178,UPPER,Sri Hari Securities Pvt. Ltd.,Neev Securities Pvt. Ltd.,30,193.0,5790.0,2025-08-31T11:04:40.675366
2025-08-31,93505,2025083104000186,UPPER,Sri Hari Securities Pvt. Ltd.,Arun Securities (PVT) Ltd.,14,193.0,2702.0,2025-08-31T11:05:00.713884
2025-08-31,93485,2025083104000187,UPPER,Imperial Securities Company Pvt. Ltd.,Arun Securities (PVT) Ltd.,10,193.0,1930.0,2025-08-31T11:05:04.577739
2025-08-31,93169,2025083104000205,UPPER,Imperial Securities Company Pvt. Ltd.,Naasa Securities Co. Ltd.,70,193.0,13510.0,2025-08-31T11:05:42.575416
2025-08-31,93147,2025083104000208,UPPER,Imperial Securities Company Pvt. Ltd.,Kumari Securities Private Limited,25,193.0,4825.0,2025-08-31T11:05:45.91196
2025-08-31,92935,2025083104000220,UPPER,Imperial Securities Company Pvt. Ltd.,Linch Stock Market Ltd.,95,193.0,18335.0,2025-08-31T11:06:09.055394
2025-08-31,92934,2025083104000221,UPPER,Sundhara Securities Limited,Linch Stock Market Ltd.,40,193.0,7720.0,2025-08-31T11:06:09.055491
2025-08-31,92933,2025083104000222,UPPER,Oxford Securities Pvt. Ltd.,Linch Stock Market Ltd.,50,193.0,9650.0,2025-08-31T11:06:09.055536
2025-08-31,92932,2025083104000223,UPPER,Aryatara Investment & Securities,Linch Stock Market Ltd.,15,193.0,2895.0,2025-08-31T11:06:09.055573
2025-08-31,92255,2025083104000250,UPPER,Aryatara Investment & Securities,Naasa Securities Co. Ltd.,10,192.7,1927.0,2025-08-31T11:07:27.000749
2025-08-31,91894,2025083104000263,UPPER,Aryatara Investment & Securities,Asian Securities Private Ltd.,160,192.7,30832.0,2025-08-31T11:08:05.067537
2025-08-31,91893,2025083104000264,UPPER,Sani Securities Company Ltd.,Asian Securities Private Ltd.,150,192.5,28875.0,2025-08-31T11:08:05.067613
2025-08-31,91892,2025083104000265,UPPER,South Asian Bulls Pvt. Ltd.,Asian Securities Private Ltd.,190,192.2,36518.0,2025-08-31T11:08:05.067658
2025-08-31,90890,2025083104000324,UPPER,Online Securities Pvt. Ltd.,Trishakti Securities Public Limited,25,192.4,4810.0,2025-08-31T11:09:35.517404
2025-08-31,90889,2025083104000325,UPPER,Opal Securities Investment (PVT) Ltd.,Trishakti Securities Public Limited,71,192.4,13660.4,2025-08-31T11:09:35.517506
2025-08-31,90674,2025083104000344,UPPER,Opal Securities Investment (PVT) Ltd.,Linch Stock Market Ltd.,217,192.4,41750.8,2025-08-31T11:09:58.386879
2025-08-31,90673,2025083104000345,UPPER,Asian Securities Private Ltd.,Linch Stock Market Ltd.,500,192.3,96150.0,2025-08-31T11:09:58.38701
2025-08-31,90672,2025083104000346,UPPER,South Asian Bulls Pvt. Ltd.,Linch Stock Market Ltd.,101,192.2,19412.2,2025-08-31T11:09:58.387058
2025-08-31,89914,2025083104000401,UPPER,Aryatara Investment & Securities,Naasa Securities Co. Ltd.,10,192.3,1923.0,2025-08-31T11:11:22.432653
2025-08-31,89784,2025083104000406,UPPER,Aryatara Investment & Securities,Naasa Securities Co. Ltd.,10,192.3,1923.0,2025-08-31T11:11:35.705798
2025-08-31,89495,2025083104000417,UPPER,Sundhara Securities Limited,ABC Securities Private Limited,60,192.5,11550.0,2025-08-31T11:12:09.298792
2025-08-31,89494,2025083104000418,UPPER,Online Securities Pvt. Ltd.,ABC Securities Private Limited,20,192.4,3848.0,2025-08-31T11:12:09.299106
2025-08-31,89301,2025083104000442,UPPER,Neev Securities Pvt. Ltd.,Premier Securities Company Ltd.,25,193.0,4825.0,2025-08-31T11:12:29.689263
2025-08-31,89121,2025083104000461,UPPER,Naasa Securities Co. Ltd.,Premier Securities Company Ltd.,28,193.0,5404.0,2025-08-31T11:12:43.391177
2025-08-31,88832,2025083104000475,UPPER,Aryatara Investment & Securities,Sani Securities Company Ltd.,280,192.3,53844.0,2025-08-31T11:13:07.518678
2025-08-31,88831,2025083104000476,UPPER,South Asian Bulls Pvt. Ltd.,Sani Securities Company Ltd.,209,192.2,40169.8,2025-08-31T11:13:07.518815
2025-08-31,88830,2025083104000477,UPPER,Creative Securities Pvt Ltd,Sani Securities Company Ltd.,100,192.2,19220.0,2025-08-31T11:13:07.51887
2025-08-31,88829,2025083104000478,UPPER,Sewa Securities Pvt. Ltd.,Sani Securities Company Ltd.,166,192.2,31905.2,2025-08-31T11:13:07.518944
2025-08-31,88828,2025083104000479,UPPER,Agrawal Securities (PVT) Ltd.,Sani Securities Company Ltd.,50,192.0,9600.0,2025-08-31T11:13:07.518993
2025-08-31,88827,2025083104000480,UPPER,Nepal Stock House (PVT) Ltd.,Sani Securities Company Ltd.,195,192.0,37440.0,2025-08-31T11:13:07.519048
2025-08-31,88690,2025083104000483,UPPER,Trishakti Securities Public Limited,Imperial Securities Company Pvt. Ltd.,80,192.0,15360.0,2025-08-31T11:13:17.303502
2025-08-31,87900,2025083104000525,UPPER,Sipla Securities Private Limited,Online Securities Pvt. Ltd.,230,192.1,44183.0,2025-08-31T11:14:43.130259
2025-08-31,87279,2025083104000572,UPPER,Imperial Securities Company Pvt. Ltd.,Imperial Securities Company Pvt. Ltd.,40,192.2,7688.0,2025-08-31T11:15:33.001737
2025-08-31,87170,2025083104000586,UPPER,Imperial Securities Company Pvt. Ltd.,Nepal Investment And Securities Trading Private Limited,210,192.2,40362.0,2025-08-31T11:15:41.800346
2025-08-31,87169,2025083104000587,UPPER,Sipla Securities Private Limited,Nepal Investment And Securities Trading Private Limited,70,192.1,13447.0,2025-08-31T11:15:41.800501
2025-08-31,87168,2025083104000588,UPPER,Deevyaa Securities & Stock House Pvt. Ltd,Nepal Investment And Securities Trading Private Limited,950,192.1,182495.0,2025-08-31T11:15:41.800565
2025-08-31,87167,2025083104000589,UPPER,Sipla Securities Private Limited,Nepal Investment And Securities Trading Private Limited,500,192.1,96050.0,2025-08-31T11:15:41.800628
2025-08-31,87166,2025083104000590,UPPER,Sani Securities Company Ltd.,Nepal Investment And Securities Trading Private Limited,28,192.1,5378.8,2025-08-31T11:15:41.800684
2025-08-31,87165,2025083104000591,UPPER,Trishakti Securities Public Limited,Nepal Investment And Securities Trading Private Limited,420,192.0,80640.0,2025-08-31T11:15:41.800742
2025-08-31,87164,2025083104000592,UPPER,Vision Securities Pvt. Ltd,Nepal Investment And Securities Trading Private Limited,247,192.0,47424.0,2025-08-31T11:15:41.800804
2025-08-31,87077,2025083104000599,UPPER,Sani Securities Company Ltd.,Kalika Securities Pvt. Ltd.,155,192.1,29775.5,2025-08-31T11:15:56.744208
2025-08-31,86950,2025083104000603,UPPER,Dipshikha Dhitopatra Karobar Co. Pvt Ltd.,J.F. Securites (PVT) Ltd.,25,192.0,4800.0,2025-08-31T11:16:04.561713
2025-08-31,86949,2025083104000604,UPPER,Vision Securities Pvt. Ltd,J.F. Securites (PVT) Ltd.,75,192.0,14400.0,2025-08-31T11:16:04.561874
2025-08-31,86891,2025083104000609,UPPER,Cristal Kanchanjanga Securites Pvt. Ltd.,Kalika Securities Pvt. Ltd.,345,192.1,66274.5,2025-08-31T11:16:10.954841
2025-08-31,86612,2025083104000625,UPPER,Sani Securities Company Ltd.,Sri Hari Securities Pvt. Ltd.,425,192.1,81642.5,2025-08-31T11:16:48.64968
2025-08-31,86611,2025083104000626,UPPER,Vision Securities Pvt. Ltd,Sri Hari Securities Pvt. Ltd.,925,192.0,177600.0,2025-08-31T11:16:48.649848
2025-08-31,86610,2025083104000627,UPPER,Dipshikha Dhitopatra Karobar Co. Pvt Ltd.,Sri Hari Securities Pvt. Ltd.,200,192.0,38400.0,2025-08-31T11:16:48.64991
2025-08-31,86609,2025083104000628,UPPER,Neev Securities Pvt. Ltd.,Sri Hari Securities Pvt. Ltd.,500,192.0,96000.0,2025-08-31T11:16:48.64997
2025-08-31,86608,2025083104000629,UPPER,Vision Securities Pvt. Ltd,Sri Hari Securities Pvt. Ltd.,10,192.0,1920.0,2025-08-31T11:16:48.650024
2025-08-31,86607,2025083104000630,UPPER,Premier Securities Company Ltd.,Sri Hari Securities Pvt. Ltd.,100,192.0,19200.0,2025-08-31T11:16:48.650078
2025-08-31,86606,2025083104000631,UPPER,Naasa Securities Co. Ltd.,Sri Hari Securities Pvt. Ltd.,10,192.0,1920.0,2025-08-31T11:16:48.65015
2025-08-31,86605,2025083104000632,UPPER,Neev Securities Pvt. Ltd.,Sri Hari Securities Pvt. Ltd.,40,192.0,7680.0,2025-08-31T11:16:48.650218
2025-08-31,86604,2025083104000633,UPPER,Vision Securities Pvt. Ltd,Sri Hari Securities Pvt. Ltd.,10,192.0,1920.0,2025-08-31T11:16:48.650272
2025-08-31,86603,2025083104000634,UPPER,Dipshikha Dhitopatra Karobar Co. Pvt Ltd.,Sri Hari Securities Pvt. Ltd.,500,192.0,96000.0,2025-08-31T11:16:48.650346
2025-08-31,86602,2025083104000635,UPPER,Neev Securities Pvt. Ltd.,Sri Hari Securities Pvt. Ltd.,200,192.0,38400.0,2025-08-31T11:16:48.650394
2025-08-31,86601,2025083104000636,UPPER,Dipshikha Dhitopatra Karobar Co. Pvt Ltd.,Sri Hari Securities Pvt. Ltd.,180,192.0,34560.0,2025-08-31T11:16:48.650448
2025-08-31,86584,2025083104000638,UPPER,Dipshikha Dhitopatra Karobar Co. Pvt Ltd.,Dipshikha Dhitopatra Karobar Co. Pvt Ltd.,25,192.0,4800.0,2025-08-31T11:16:50.690096
2025-08-31,83941,2025083104000861,UPPER,Naasa Securities Co. Ltd.,Trishakti Securities Public Limited,100,192.5,19250.0,2025-08-31T11:21:32.721799
2025-08-31,83628,2025083104000880,UPPER,Naasa Securities Co. Ltd.,Naasa Securities Co. Ltd.,40,192.5,7700.0,2025-08-31T11:22:06.874269
2025-08-31,83182,2025083104000916,UPPER,Nepal Investment And Securities Trading Private Limited,Premier Securities Company Ltd.,10,193.0,1930.0,2025-08-31T11:22:45.605067
2025-08-31,83076,2025083104000928,UPPER,Naasa Securities Co. Ltd.,Vision Securities Pvt. Ltd,100,192.5,19250.0,2025-08-31T11:22:57.783792
2025-08-31,83064,2025083104000929,UPPER,Naasa Securities Co. Ltd.,Kohinoor Investment & Securities Pvt. Ltd.,400,192.5,77000.0,2025-08-31T11:22:58.633761
2025-08-31,82368,2025083104001027,UPPER,Imperial Securities Company Pvt. Ltd.,Premier Securities Company Ltd.,400,193.0,77200.0,2025-08-31T11:24:27.456629
2025-08-31,82279,2025083104001036,UPPER,Naasa Securities Co. Ltd.,J.F. Securites (PVT) Ltd.,250,192.6,48150.0,2025-08-31T11:24:41.067574
2025-08-31,82278,2025083104001037,UPPER,Naasa Securities Co. Ltd.,J.F. Securites (PVT) Ltd.,750,192.5,144375.0,2025-08-31T11:24:41.067904
2025-08-31,81687,2025083104001125,UPPER,Nepal Stock House (PVT) Ltd.,J.F. Securites (PVT) Ltd.,62,192.6,11941.2,2025-08-31T11:25:46.358646
2025-08-31,79972,2025083104001301,UPPER,Nepal Stock House (PVT) Ltd.,Trisul Securities & Invt. Ltd.,60,192.6,11556.0,2025-08-31T11:29:09.03916
2025-08-31,79945,2025083104001302,UPPER,Sani Securities Company Ltd.,Premier Securities Company Ltd.,20,193.0,3860.0,2025-08-31T11:29:14.338897
2025-08-31,79795,2025083104001337,UPPER,Nepal Stock House (PVT) Ltd.,KALASH STOCK MARKET PVT. LTD.,378,192.6,72802.8,2025-08-31T11:29:36.156017
2025-08-31,79794,2025083104001338,UPPER,Aryatara Investment & Securities,KALASH STOCK MARKET PVT. LTD.,22,192.6,4237.2,2025-08-31T11:29:36.156225
2025-08-31,79551,2025083104001363,UPPER,Sunrise Securities Limited,Premier Securities Company Ltd.,10,193.0,1930.0,2025-08-31T11:30:04.396011
2025-08-31,79342,2025083104001390,UPPER,Sani Securities Company Ltd.,Imperial Securities Company Pvt. Ltd.,11,192.7,2119.7,2025-08-31T11:30:28.549806
2025-08-31,79218,2025083104001403,UPPER,Sani Securities Company Ltd.,Kalika Securities Pvt. Ltd.,1510,192.7,290977.0,2025-08-31T11:30:47.93553
2025-08-31,79126,2025083104001410,UPPER,Dynamic Money Managers Securities Pvt. Ltd.,Premier Securities Company Ltd.,507,193.0,97851.0,2025-08-31T11:30:58.69777
2025-08-31,79125,2025083104001411,UPPER,Dynamic Money Managers Securities Pvt. Ltd.,Vision Securities Pvt. Ltd,100,193.0,19300.0,2025-08-31T11:30:58.698227
2025-08-31,79124,2025083104001412,UPPER,Dynamic Money Managers Securities Pvt. Ltd.,Arun Securities (PVT) Ltd.,68,193.0,13124.0,2025-08-31T11:30:58.69856
2025-08-31,79123,2025083104001413,UPPER,Dynamic Money Managers Securities Pvt. Ltd.,Naasa Securities Co. Ltd.,150,193.0,28950.0,2025-08-31T11:30:58.698824
2025-08-31,79122,2025083104001414,UPPER,Dynamic Money Managers Securities Pvt. Ltd.,Naasa Securities Co. Ltd.,175,193.0,33775.0,2025-08-31T11:30:58.699106
2025-08-31,78540,2025083104001481,UPPER,Sani Securities Company Ltd.,Imperial Securities Company Pvt. Ltd.,10,192.7,1927.0,2025-08-31T11:32:17.502073
2025-08-31,77928,2025083104001543,UPPER,Sani Securities Company Ltd.,Dipshikha Dhitopatra Karobar Co. Pvt Ltd.,86,192.7,16572.2,2025-08-31T11:33:39.866114
2025-08-31,77874,2025083104001550,UPPER,Sani Securities Company Ltd.,Aryatara Investment & Securities,50,192.7,9635.0,2025-08-31T11:33:46.973969
2025-08-31,77653,2025083104001579,UPPER,Sani Securities Company Ltd.,Dipshikha Dhitopatra Karobar Co. Pvt Ltd.,10,192.7,1927.0,2025-08-31T11:34:18.095812
2025-08-31,76997,2025083104001644,UPPER,Malla & Malla Stock Broking Company Pvt. Limited,Dipshikha Dhitopatra Karobar Co. Pvt Ltd.,86,192.8,16580.8,2025-08-31T11:35:37.607271
2025-08-31,76765,2025083104001665,UPPER,Malla & Malla Stock Broking Company Pvt. Limited,Dipshikha Dhitopatra Karobar Co. Pvt Ltd.,10,192.8,1928.0,2025-08-31T11:35:58.805209
2025-08-31,76761,2025083104001666,UPPER,Vision Securities Pvt. Ltd,Naasa Securities Co. Ltd.,25,193.0,4825.0,2025-08-31T11:35:59.278478
2025-08-31,76760,2025083104001667,UPPER,Vision Securities Pvt. Ltd,Nepal Stock House (PVT) Ltd.,55,193.0,10615.0,2025-08-31T11:35:59.278737
2025-08-31,76524,2025083104001693,UPPER,Siprabi Securities Pvt. Ltd.,Nepal Stock House (PVT) Ltd.,11,193.0,2123.0,2025-08-31T11:36:31.250906
2025-08-31,75950,2025083104001740,UPPER,Sani Securities Company Ltd.,Naasa Securities Co. Ltd.,10,192.7,1927.0,2025-08-31T11:37:50.408708
2025-08-31,75761,2025083104001753,UPPER,Premier Securities Company Ltd.,Nepal Stock House (PVT) Ltd.,10,193.0,1930.0,2025-08-31T11:38:07.491258
2025-08-31,75585,2025083104001770,UPPER,Malla & Malla Stock Broking Company Pvt. Limited,Nepal Stock House (PVT) Ltd.,20,193.0,3860.0,2025-08-31T11:38:44.369345
2025-08-31,75348,2025083104001790,UPPER,Sewa Securities Pvt. Ltd.,Nepal Stock House (PVT) Ltd.,80,193.0,15440.0,2025-08-31T11:39:26.875708
2025-08-31,74805,2025083104001830,UPPER,Kumari Securities Private Limited,Nepal Stock House (PVT) Ltd.,50,193.0,9650.0,2025-08-31T11:40:33.227538
2025-08-31,74402,2025083104001883,UPPER,Nepal Stock House (PVT) Ltd.,Trishakti Securities Public Limited,62,192.8,11953.6,2025-08-31T11:41:38.873517
2025-08-31,74304,2025083104001893,UPPER,N.I.M.B. Stock Markets Limited,Nepal Stock House (PVT) Ltd.,32,193.0,6176.0,2025-08-31T11:41:55.567649
2025-08-31,74294,2025083104001894,UPPER,Naasa Securities Co. Ltd.,Sani Securities Company Ltd.,5,193.0,965.0,2025-08-31T11:41:56.934556
2025-08-31,73647,2025083104001949,UPPER,Nepal Stock House (PVT) Ltd.,Trishakti Securities Public Limited,38,192.8,7326.4,2025-08-31T11:43:05.315206
2025-08-31,73646,2025083104001950,UPPER,Sani Securities Company Ltd.,Trishakti Securities Public Limited,313,192.7,60315.1,2025-08-31T11:43:05.315549
2025-08-31,73645,2025083104001951,UPPER,Aryatara Investment & Securities,Trishakti Securities Public Limited,28,192.7,5395.6,2025-08-31T11:43:05.315672
2025-08-31,73644,2025083104001952,UPPER,J.F. Securites (PVT) Ltd.,Trishakti Securities Public Limited,100,192.7,19270.0,2025-08-31T11:43:05.31579
2025-08-31,73643,2025083104001953,UPPER,Deevyaa Securities & Stock House Pvt. Ltd,Trishakti Securities Public Limited,521,192.7,100396.7,2025-08-31T11:43:05.315905
2025-08-31,73542,2025083104001964,UPPER,Linch Stock Market Ltd.,Nepal Stock House (PVT) Ltd.,235,193.0,45355.0,2025-08-31T11:43:29.7524
2025-08-31,73066,2025083104002010,UPPER,Deevyaa Securities & Stock House Pvt. Ltd,Nepal Stock House (PVT) Ltd.,200,192.7,38540.0,2025-08-31T11:44:45.294533
2025-08-31,73059,2025083104002011,UPPER,Aryatara Investment & Securities,Nepal Stock House (PVT) Ltd.,93,193.0,17949.0,2025-08-31T11:44:45.76563
2025-08-31,73058,2025083104002012,UPPER,Aryatara Investment & Securities,Sani Securities Company Ltd.,100,193.0,19300.0,2025-08-31T11:44:45.765899
2025-08-31,73057,2025083104002013,UPPER,Aryatara Investment & Securities,Miyo Securities Pvt Ltd,60,193.0,11580.0,2025-08-31T11:44:45.766025
2025-08-31,73056,2025083104002014,UPPER,Aryatara Investment & Securities,Trisul Securities & Invt. Ltd.,747,193.0,144171.0,2025-08-31T11:44:45.766146
2025-08-31,72851,2025083104002032,UPPER,Imperial Securities Company Pvt. Ltd.,Trisul Securities & Invt. Ltd.,753,193.0,145329.0,2025-08-31T11:45:26.303053
2025-08-31,72850,2025083104002033,UPPER,Imperial Securities Company Pvt. Ltd.,Neev Securities Pvt. Ltd.,10,193.0,1930.0,2025-08-31T11:45:26.303329
2025-08-31,72805,2025083104002043,UPPER,Naasa Securities Co. Ltd.,Neev Securities Pvt. Ltd.,1,191.1,191.1,2025-08-31T11:45:34.587712
2025-08-31,72764,2025083104002045,UPPER,Imperial Securities Company Pvt. Ltd.,Miyo Securities Pvt Ltd,100,193.0,19300.0,2025-08-31T11:45:39.206024
2025-08-31,71987,2025083104002112,UPPER,Bhrikuti Stock Broking Co. Pvt. Ltd.,Sani Securities Company Ltd.,180,193.1,34758.0,2025-08-31T11:47:52.063216
2025-08-31,71971,2025083104002115,UPPER,Online Securities Pvt. Ltd.,Aryatara Investment & Securities,25,193.9,4847.5,2025-08-31T11:47:59.270684
2025-08-31,71970,2025083104002116,UPPER,Online Securities Pvt. Ltd.,Thrive Brokerage House Pvt. Ltd,95,193.9,18420.5,2025-08-31T11:47:59.271002
2025-08-31,71946,2025083104002117,UPPER,Bhrikuti Stock Broking Co. Pvt. Ltd.,Imperial Securities Company Pvt. Ltd.,18,193.1,3475.8,2025-08-31T11:48:03.378633
2025-08-31,71522,2025083104002161,UPPER,Bhrikuti Stock Broking Co. Pvt. Ltd.,Cristal Kanchanjanga Securites Pvt. Ltd.,50,193.1,9655.0,2025-08-31T11:49:20.650797
2025-08-31,70978,2025083104002222,UPPER,Bhrikuti Stock Broking Co. Pvt. Ltd.,Asian Securities Private Ltd.,50,193.1,9655.0,2025-08-31T11:50:46.824792
2025-08-31,70946,2025083104002225,UPPER,Kalika Securities Pvt. Ltd.,Nepal Stock House (PVT) Ltd.,500,193.8,96900.0,2025-08-31T11:50:53.513266
2025-08-31,70472,2025083104002277,UPPER,Bhrikuti Stock Broking Co. Pvt. Ltd.,Cristal Kanchanjanga Securites Pvt. Ltd.,100,193.1,19310.0,2025-08-31T11:51:36.192843
2025-08-31,70319,2025083104002324,UPPER,Bhrikuti Stock Broking Co. Pvt. Ltd.,Bhrikuti Stock Broking Co. Pvt. Ltd.,100,193.1,19310.0,2025-08-31T11:51:58.03449
2025-08-31,70074,2025083104002380,UPPER,ABC Securities Private Limited,Neev Securities Pvt. Ltd.,55,193.5,10642.5,2025-08-31T11:52:39.445841
2025-08-31,69820,2025083104002404,UPPER,Bhrikuti Stock Broking Co. Pvt. Ltd.,Naasa Securities Co. Ltd.,10,193.1,1931.0,2025-08-31T11:53:35.200967
2025-08-31,69683,2025083104002420,UPPER,Dipshikha Dhitopatra Karobar Co. Pvt Ltd.,Creative Securities Pvt Ltd,4,192.0,768.0,2025-08-31T11:54:02.202666
2025-08-31,69646,2025083104002423,UPPER,Bhrikuti Stock Broking Co. Pvt. Ltd.,Siprabi Securities Pvt. Ltd.,100,193.1,19310.0,2025-08-31T11:54:06.342283
2025-08-31,69342,2025083104002443,UPPER,Bhrikuti Stock Broking Co. Pvt. Ltd.,Naasa Securities Co. Ltd.,30,193.1,5793.0,2025-08-31T11:54:45.992849
2025-08-31,69335,2025083104002446,UPPER,Bhrikuti Stock Broking Co. Pvt. Ltd.,Neev Securities Pvt. Ltd.,139,193.1,26840.9,2025-08-31T11:54:49.777097
2025-08-31,69294,2025083104002458,UPPER,Bhrikuti Stock Broking Co. Pvt. Ltd.,Online Securities Pvt. Ltd.,57,193.1,11006.7,2025-08-31T11:54:54.083059
2025-08-31,69011,2025083104002501,UPPER,Naasa Securities Co. Ltd.,Thrive Brokerage House Pvt. Ltd,10,193.2,1932.0,2025-08-31T11:55:45.778431
2025-08-31,68612,2025083104002561,UPPER,Bhrikuti Stock Broking Co. Pvt. Ltd.,Trisul Securities & Invt. Ltd.,68,193.1,13130.8,2025-08-31T11:56:39.256465
2025-08-31,68198,2025083104002588,UPPER,South Asian Bulls Pvt. Ltd.,Thrive Brokerage House Pvt. Ltd,20,193.2,3864.0,2025-08-31T11:57:37.946727
2025-08-31,68072,2025083104002602,UPPER,Bhrikuti Stock Broking Co. Pvt. Ltd.,Deevyaa Securities & Stock House Pvt. Ltd,80,193.1,15448.0,2025-08-31T11:57:58.233938
2025-08-31,67790,2025083104002652,UPPER,Bhrikuti Stock Broking Co. Pvt. Ltd.,Himalayan Brokerage Company Limited,18,193.1,3475.8,2025-08-31T11:58:45.886227
2025-08-31,67789,2025083104002653,UPPER,Imperial Securities Company Pvt. Ltd.,Himalayan Brokerage Company Limited,137,193.0,26441.0,2025-08-31T11:58:45.886369
2025-08-31,67788,2025083104002654,UPPER,Aryatara Investment & Securities,Himalayan Brokerage Company Limited,500,193.0,96500.0,2025-08-31T11:58:45.886438
2025-08-31,67787,2025083104002655,UPPER,Neev Securities Pvt. Ltd.,Himalayan Brokerage Company Limited,150,193.0,28950.0,2025-08-31T11:58:45.886501
2025-08-31,67786,2025083104002656,UPPER,Sani Securities Company Ltd.,Himalayan Brokerage Company Limited,20,193.0,3860.0,2025-08-31T11:58:45.886569
2025-08-31,67785,2025083104002657,UPPER,Shree Krishna Securities Ltd.,Himalayan Brokerage Company Limited,100,193.0,19300.0,2025-08-31T11:58:45.886674
2025-08-31,67784,2025083104002658,UPPER,Naasa Securities Co. Ltd.,Himalayan Brokerage Company Limited,75,193.0,14475.0,2025-08-31T11:58:45.886743
2025-08-31,67715,2025083104002669,UPPER,Naasa Securities Co. Ltd.,J.F. Securites (PVT) Ltd.,15,193.5,2902.5,2025-08-31T11:59:01.856866
2025-08-31,66630,2025083104002762,UPPER,Dakshinkali Investment & Securities Pvt. Ltd.,J.F. Securites (PVT) Ltd.,65,193.5,12577.5,2025-08-31T12:01:17.903815
2025-08-31,66024,2025083104002815,UPPER,Dakshinkali Investment & Securities Pvt. Ltd.,Linch Stock Market Ltd.,135,193.5,26122.5,2025-08-31T12:02:53.539831
2025-08-31,65476,2025083104002861,UPPER,Nepal Stock House (PVT) Ltd.,Siprabi Securities Pvt. Ltd.,70,193.1,13517.0,2025-08-31T12:04:16.847733
2025-08-31,65439,2025083104002872,UPPER,Nepal Stock House (PVT) Ltd.,Online Securities Pvt. Ltd.,30,193.1,5793.0,2025-08-31T12:04:23.664226
2025-08-31,65163,2025083104002921,UPPER,Sani Securities Company Ltd.,Online Securities Pvt. Ltd.,20,193.0,3860.0,2025-08-31T12:05:08.138909
2025-08-31,65162,2025083104002922,UPPER,Aryatara Investment & Securities,Online Securities Pvt. Ltd.,200,193.0,38600.0,2025-08-31T12:05:08.139544
2025-08-31,65161,2025083104002923,UPPER,Sundhara Securities Limited,Online Securities Pvt. Ltd.,10,193.0,1930.0,2025-08-31T12:05:08.140006
2025-08-31,65160,2025083104002924,UPPER,Sani Securities Company Ltd.,Online Securities Pvt. Ltd.,120,193.0,23160.0,2025-08-31T12:05:08.140458
2025-08-31,65159,2025083104002925,UPPER,Nepal Investment And Securities Trading Private Limited,Online Securities Pvt. Ltd.,200,193.0,38600.0,2025-08-31T12:05:08.140899
2025-08-31,65158,2025083104002926,UPPER,Thrive Brokerage House Pvt. Ltd,Online Securities Pvt. Ltd.,200,193.0,38600.0,2025-08-31T12:05:08.141418
2025-08-31,64527,2025083104003046,UPPER,Naasa Securities Co. Ltd.,Pragyan Securities (PVT) Ltd.,1425,192.9,274882.5,2025-08-31T12:06:46.514169
2025-08-31,64385,2025083104003079,UPPER,Naasa Securities Co. Ltd.,Pragyan Securities (PVT) Ltd.,1000,192.8,192800.0,2025-08-31T12:07:09.556521
2025-08-31,64384,2025083104003080,UPPER,Dakshinkali Investment & Securities Pvt. Ltd.,Pragyan Securities (PVT) Ltd.,500,192.8,96400.0,2025-08-31T12:07:09.556877
2025-08-31,64204,2025083104003111,UPPER,Deevyaa Securities & Stock House Pvt. Ltd,Vision Securities Pvt. Ltd,80,192.7,15416.0,2025-08-31T12:07:41.325016
2025-08-31,63955,2025083104003151,UPPER,Deevyaa Securities & Stock House Pvt. Ltd,South Asian Bulls Pvt. Ltd.,54,192.7,10405.8,2025-08-31T12:08:30.2004
2025-08-31,63405,2025083104003269,UPPER,Swarna Laxmi Securities Pvt. Ltd.,Premier Securities Company Ltd.,500,192.8,96400.0,2025-08-31T12:10:32.081022
2025-08-31,63404,2025083104003270,UPPER,Deevyaa Securities & Stock House Pvt. Ltd,Premier Securities Company Ltd.,145,192.7,27941.5,2025-08-31T12:10:32.081792
2025-08-31,63403,2025083104003271,UPPER,Sumeru Securities Pvt. Ltd.,Premier Securities Company Ltd.,80,192.7,15416.0,2025-08-31T12:10:32.082442
2025-08-31,63402,2025083104003272,UPPER,Deevyaa Securities & Stock House Pvt. Ltd,Premier Securities Company Ltd.,1475,192.7,284232.5,2025-08-31T12:10:32.083228
2025-08-31,63083,2025083104003320,UPPER,Naasa Securities Co. Ltd.,Ashutosh Brokerage & Securities (PVT) Ltd.,10,193.0,1930.0,2025-08-31T12:11:27.614267
2025-08-31,62971,2025083104003332,UPPER,Deevyaa Securities & Stock House Pvt. Ltd,Machhapuchchhre Securities Limited,38,192.7,7322.6,2025-08-31T12:11:56.62862
2025-08-31,62559,2025083104003395,UPPER,Deevyaa Securities & Stock House Pvt. Ltd,Oxford Securities Pvt. Ltd.,40,192.7,7708.0,2025-08-31T12:13:25.813805
2025-08-31,62529,2025083104003398,UPPER,Deevyaa Securities & Stock House Pvt. Ltd,Nepal Stock House (PVT) Ltd.,240,192.7,46248.0,2025-08-31T12:13:32.989073
2025-08-31,62487,2025083104003403,UPPER,Deevyaa Securities & Stock House Pvt. Ltd,Online Securities Pvt. Ltd.,207,192.7,39888.9,2025-08-31T12:13:50.092962
2025-08-31,62486,2025083104003404,UPPER,Secured Securities Ltd.,Online Securities Pvt. Ltd.,50,192.7,9635.0,2025-08-31T12:13:50.093704
2025-08-31,62485,2025083104003405,UPPER,Asian Securities Private Ltd.,Online Securities Pvt. Ltd.,30,192.7,5781.0,2025-08-31T12:13:50.094217
2025-08-31,62484,2025083104003406,UPPER,Naasa Securities Co. Ltd.,Online Securities Pvt. Ltd.,250,192.6,48150.0,2025-08-31T12:13:50.094751
2025-08-31,62483,2025083104003407,UPPER,Dynamic Money Managers Securities Pvt. Ltd.,Online Securities Pvt. Ltd.,1000,192.6,192600.0,2025-08-31T12:13:50.095249
2025-08-31,62458,2025083104003409,UPPER,Naasa Securities Co. Ltd.,Ashutosh Brokerage & Securities (PVT) Ltd.,12,193.0,2316.0,2025-08-31T12:13:56.828595
2025-08-31,62132,2025083104003457,UPPER,Sani Securities Company Ltd.,Ashutosh Brokerage & Securities (PVT) Ltd.,30,193.0,5790.0,2025-08-31T12:15:20.35609
2025-08-31,62131,2025083104003458,UPPER,Sani Securities Company Ltd.,Vision Securities Pvt. Ltd,80,193.0,15440.0,2025-08-31T12:15:20.356513
2025-08-31,61808,2025083104003487,UPPER,Online Securities Pvt. Ltd.,KALASH STOCK MARKET PVT. LTD.,10,192.8,1928.0,2025-08-31T12:16:22.431655
2025-08-31,61807,2025083104003488,UPPER,Pragyan Securities (PVT) Ltd.,KALASH STOCK MARKET PVT. LTD.,400,192.7,77080.0,2025-08-31T12:16:22.432617
2025-08-31,61806,2025083104003489,UPPER,Sewa Securities Pvt. Ltd.,KALASH STOCK MARKET PVT. LTD.,1670,192.6,321642.0,2025-08-31T12:16:22.433307
2025-08-31,61115,2025083104003597,UPPER,Pragyan Securities (PVT) Ltd.,Pragyan Securities (PVT) Ltd.,1075,193.3,207797.5,2025-08-31T12:19:13.141035
2025-08-31,61114,2025083104003598,UPPER,Pragyan Securities (PVT) Ltd.,Linch Stock Market Ltd.,378,193.5,73143.0,2025-08-31T12:19:13.141854
2025-08-31,61113,2025083104003599,UPPER,Pragyan Securities (PVT) Ltd.,ABC Securities Private Limited,10,193.6,1936.0,2025-08-31T12:19:13.142504
2025-08-31,61112,2025083104003600,UPPER,Pragyan Securities (PVT) Ltd.,ABC Securities Private Limited,10,193.7,1937.0,2025-08-31T12:19:13.14309
2025-08-31,61111,2025083104003601,UPPER,Pragyan Securities (PVT) Ltd.,Nepal Stock House (PVT) Ltd.,495,193.8,95931.0,2025-08-31T12:19:13.143683
2025-08-31,59895,2025083104003778,UPPER,Naasa Securities Co. Ltd.,Malla & Malla Stock Broking Company Pvt. Limited,10,193.0,1930.0,2025-08-31T12:23:37.012971
2025-08-31,59894,2025083104003779,UPPER,Primo Securities (PVT) Ltd.,Malla & Malla Stock Broking Company Pvt. Limited,50,192.7,9635.0,2025-08-31T12:23:37.013793
2025-08-31,59747,2025083104003792,UPPER,Primo Securities (PVT) Ltd.,Kumari Securities Private Limited,100,192.7,19270.0,2025-08-31T12:24:03.431335
2025-08-31,59481,2025083104003814,UPPER,Primo Securities (PVT) Ltd.,J.F. Securites (PVT) Ltd.,100,192.7,19270.0,2025-08-31T12:25:13.242452
2025-08-31,59480,2025083104003815,UPPER,Sani Securities Company Ltd.,J.F. Securites (PVT) Ltd.,349,192.7,67252.3,2025-08-31T12:25:13.243438
2025-08-31,59378,2025083104003821,UPPER,Sani Securities Company Ltd.,Midas Stock Broking Company Private Limited,100,192.7,19270.0,2025-08-31T12:25:38.753007
2025-08-31,59211,2025083104003838,UPPER,Sani Securities Company Ltd.,Kumari Securities Private Limited,80,192.7,15416.0,2025-08-31T12:26:21.115942
2025-08-31,58596,2025083104003932,UPPER,Sani Securities Company Ltd.,Oxford Securities Pvt. Ltd.,25,192.7,4817.5,2025-08-31T12:29:03.085
2025-08-31,58338,2025083104003958,UPPER,Sani Securities Company Ltd.,Online Securities Pvt. Ltd.,144,192.7,27748.8,2025-08-31T12:30:04.430056
2025-08-31,57985,2025083104003993,UPPER,Sani Securities Company Ltd.,Linch Stock Market Ltd.,140,192.7,26978.0,2025-08-31T12:31:16.823407
2025-08-31,57681,2025083104004019,UPPER,Sani Securities Company Ltd.,Imperial Securities Company Pvt. Ltd.,50,192.7,9635.0,2025-08-31T12:32:34.732264
2025-08-31,57241,2025083104004082,UPPER,Siprabi Securities Pvt. Ltd.,Imperial Securities Company Pvt. Ltd.,700,193.0,135100.0,2025-08-31T12:34:26.325505
2025-08-31,57158,2025083104004096,UPPER,Siprabi Securities Pvt. Ltd.,Online Securities Pvt. Ltd.,80,193.0,15440.0,2025-08-31T12:34:53.115163
2025-08-31,56974,2025083104004109,UPPER,Siprabi Securities Pvt. Ltd.,ABC Securities Private Limited,820,193.0,158260.0,2025-08-31T12:35:33.94444
2025-08-31,56973,2025083104004110,UPPER,Pragyan Securities (PVT) Ltd.,ABC Securities Private Limited,190,193.0,36670.0,2025-08-31T12:35:33.944864
2025-08-31,56972,2025083104004111,UPPER,Trishakti Securities Public Limited,ABC Securities Private Limited,156,193.0,30108.0,2025-08-31T12:35:33.945123
2025-08-31,56971,2025083104004112,UPPER,Siprabi Securities Pvt. Ltd.,ABC Securities Private Limited,1000,193.0,193000.0,2025-08-31T12:35:33.945349
2025-08-31,56970,2025083104004113,UPPER,Online Securities Pvt. Ltd.,ABC Securities Private Limited,620,193.0,119660.0,2025-08-31T12:35:33.94558
2025-08-31,56553,2025083104004189,UPPER,Asian Securities Private Ltd.,Sundhara Securities Limited,80,193.7,15496.0,2025-08-31T12:37:07.813014
2025-08-31,56359,2025083104004223,UPPER,Sumeru Securities Pvt. Ltd.,ABC Securities Private Limited,200,192.8,38560.0,2025-08-31T12:37:43.901042
2025-08-31,56358,2025083104004224,UPPER,Sani Securities Company Ltd.,ABC Securities Private Limited,207,192.7,39888.9,2025-08-31T12:37:43.901925
2025-08-31,56204,2025083104004234,UPPER,Sani Securities Company Ltd.,South Asian Bulls Pvt. Ltd.,40,192.7,7708.0,2025-08-31T12:38:11.986213
2025-08-31,56060,2025083104004271,UPPER,Sani Securities Company Ltd.,Deevyaa Securities & Stock House Pvt. Ltd,52,192.7,10020.4,2025-08-31T12:38:40.779337
2025-08-31,55959,2025083104004285,UPPER,Sani Securities Company Ltd.,Dipshikha Dhitopatra Karobar Co. Pvt Ltd.,222,192.7,42779.4,2025-08-31T12:39:03.125705
2025-08-31,55958,2025083104004286,UPPER,Aryatara Investment & Securities,Dipshikha Dhitopatra Karobar Co. Pvt Ltd.,200,192.7,38540.0,2025-08-31T12:39:03.126146
2025-08-31,55957,2025083104004287,UPPER,Naasa Securities Co. Ltd.,Dipshikha Dhitopatra Karobar Co. Pvt Ltd.,72,192.7,13874.4,2025-08-31T12:39:03.126393
2025-08-31,55956,2025083104004288,UPPER,Dipshikha Dhitopatra Karobar Co. Pvt Ltd.,Dipshikha Dhitopatra Karobar Co. Pvt Ltd.,129,192.7,24858.3,2025-08-31T12:39:03.126607
2025-08-31,55955,2025083104004289,UPPER,Dipshikha Dhitopatra Karobar Co. Pvt Ltd.,Dipshikha Dhitopatra Karobar Co. Pvt Ltd.,213,192.7,41045.1,2025-08-31T12:39:03.126818
2025-08-31,55930,2025083104004292,UPPER,Dipshikha Dhitopatra Karobar Co. Pvt Ltd.,Dipshikha Dhitopatra Karobar Co. Pvt Ltd.,10,192.7,1927.0,2025-08-31T12:39:11.177644
2025-08-31,55602,2025083104004318,UPPER,J.F. Securites (PVT) Ltd.,N.I.M.B. Stock Markets Limited,100,192.8,19280.0,2025-08-31T12:40:20.56279
2025-08-31,55575,2025083104004319,UPPER,Dipshikha Dhitopatra Karobar Co. Pvt Ltd.,Capital Max Securities Ltd,10,192.7,1927.0,2025-08-31T12:40:24.687918
2025-08-31,55548,2025083104004328,UPPER,Dipshikha Dhitopatra Karobar Co. Pvt Ltd.,Sweta Securities Private Limited,85,192.7,16379.5,2025-08-31T12:40:31.665086
2025-08-31,55547,2025083104004329,UPPER,Siprabi Securities Pvt. Ltd.,Sweta Securities Private Limited,20,192.7,3854.0,2025-08-31T12:40:31.665982
2025-08-31,55546,2025083104004330,UPPER,Sewa Securities Pvt. Ltd.,Sweta Securities Private Limited,19,192.6,3659.4,2025-08-31T12:40:31.666661
2025-08-31,55353,2025083104004361,UPPER,Indira securities pvt. ltd,Kumari Securities Private Limited,200,193.0,38600.0,2025-08-31T12:41:18.659267
2025-08-31,53457,2025083104004710,UPPER,Dynamic Money Managers Securities Pvt. Ltd.,Online Securities Pvt. Ltd.,60,193.4,11604.0,2025-08-31T12:46:59.55379
2025-08-31,53159,2025083104004766,UPPER,Dynamic Money Managers Securities Pvt. Ltd.,Sewa Securities Pvt. Ltd.,180,193.0,34740.0,2025-08-31T12:47:43.430962
2025-08-31,52777,2025083104004814,UPPER,Sewa Securities Pvt. Ltd.,Thrive Brokerage House Pvt. Ltd,445,192.6,85707.0,2025-08-31T12:48:54.262565
2025-08-31,52641,2025083104004822,UPPER,Sewa Securities Pvt. Ltd.,N.I.M.B. Stock Markets Limited,50,192.6,9630.0,2025-08-31T12:49:18.344165
2025-08-31,52637,2025083104004823,UPPER,Sewa Securities Pvt. Ltd.,Thrive Brokerage House Pvt. Ltd,316,192.6,60861.6,2025-08-31T12:49:19.327908
2025-08-31,52636,2025083104004824,UPPER,J.F. Securites (PVT) Ltd.,Thrive Brokerage House Pvt. Ltd,100,192.6,19260.0,2025-08-31T12:49:19.328867
2025-08-31,52635,2025083104004825,UPPER,Kumari Securities Private Limited,Thrive Brokerage House Pvt. Ltd,84,192.6,16178.4,2025-08-31T12:49:19.329555
2025-08-31,52524,2025083104004845,UPPER,Aryatara Investment & Securities,Naasa Securities Co. Ltd.,10,192.7,1927.0,2025-08-31T12:49:36.035025
2025-08-31,52354,2025083104004908,UPPER,Dynamic Money Managers Securities Pvt. Ltd.,Sewa Securities Pvt. Ltd.,10,193.0,1930.0,2025-08-31T12:49:54.035394
2025-08-31,52107,2025083104004953,UPPER,Aryatara Investment & Securities,Aakashbhairab Securities Ltd.,190,192.7,36613.0,2025-08-31T12:50:36.629988
2025-08-31,52106,2025083104004954,UPPER,Kumari Securities Private Limited,Aakashbhairab Securities Ltd.,416,192.6,80121.6,2025-08-31T12:50:36.630555
2025-08-31,52105,2025083104004955,UPPER,SHUBHAKAMANA SECURITIES PVT. LTD,Aakashbhairab Securities Ltd.,394,192.6,75884.4,2025-08-31T12:50:36.630803
2025-08-31,51646,2025083104005047,UPPER,J.F. Securites (PVT) Ltd.,Sewa Securities Pvt. Ltd.,10,193.0,1930.0,2025-08-31T12:52:18.385632
2025-08-31,51645,2025083104005048,UPPER,J.F. Securites (PVT) Ltd.,ABC Securities Private Limited,60,193.0,11580.0,2025-08-31T12:52:18.386123
2025-08-31,51051,2025083104005146,UPPER,J.F. Securites (PVT) Ltd.,Dakshinkali Investment & Securities Pvt. Ltd.,30,193.0,5790.0,2025-08-31T12:54:11.155778
2025-08-31,50284,2025083104005307,UPPER,SHUBHAKAMANA SECURITIES PVT. LTD,Siprabi Securities Pvt. Ltd.,40,192.6,7704.0,2025-08-31T12:56:37.059998
2025-08-31,49952,2025083104005388,UPPER,SHUBHAKAMANA SECURITIES PVT. LTD,Online Securities Pvt. Ltd.,80,192.6,15408.0,2025-08-31T12:57:28.425609
2025-08-31,49317,2025083104005537,UPPER,SHUBHAKAMANA SECURITIES PVT. LTD,Online Securities Pvt. Ltd.,80,192.6,15408.0,2025-08-31T12:59:27.758739
2025-08-31,47712,2025083104005788,UPPER,Sewa Securities Pvt. Ltd.,Secured Securities Ltd.,100,192.9,19290.0,2025-08-31T13:04:04.115965
2025-08-31,47691,2025083104005789,UPPER,Sweta Securities Private Limited,Secured Securities Ltd.,900,192.9,173610.0,2025-08-31T13:04:08.298092
2025-08-31,47355,2025083104005833,UPPER,Sweta Securities Private Limited,Neev Securities Pvt. Ltd.,100,192.9,19290.0,2025-08-31T13:04:59.809379
2025-08-31,47354,2025083104005834,UPPER,Dipshikha Dhitopatra Karobar Co. Pvt Ltd.,Neev Securities Pvt. Ltd.,11,192.7,2119.7,2025-08-31T13:04:59.810455
2025-08-31,47353,2025083104005835,UPPER,SHUBHAKAMANA SECURITIES PVT. LTD,Neev Securities Pvt. Ltd.,889,192.6,171221.4,2025-08-31T13:04:59.811235
2025-08-31,46868,2025083104005893,UPPER,Linch Stock Market Ltd.,Nagarik Stock Dealer ,16,192.8,3084.8,2025-08-31T13:06:07.020666
2025-08-31,46867,2025083104005894,UPPER,SHUBHAKAMANA SECURITIES PVT. LTD,Nagarik Stock Dealer ,84,192.6,16178.4,2025-08-31T13:06:07.021164
2025-08-31,46376,2025083104006061,UPPER,SHUBHAKAMANA SECURITIES PVT. LTD,ABC Securities Private Limited,100,192.6,19260.0,2025-08-31T13:07:26.436068
2025-08-31,46263,2025083104006085,UPPER,SHUBHAKAMANA SECURITIES PVT. LTD,Infinity Securities Limited,400,192.6,77040.0,2025-08-31T13:07:45.989656
2025-08-31,45659,2025083104006186,UPPER,SHUBHAKAMANA SECURITIES PVT. LTD,Nagarik Stock Dealer ,150,192.6,28890.0,2025-08-31T13:09:26.57028
2025-08-31,45557,2025083104006201,UPPER,SHUBHAKAMANA SECURITIES PVT. LTD,Oxford Securities Pvt. Ltd.,283,192.6,54505.8,2025-08-31T13:09:48.72105
2025-08-31,45556,2025083104006202,UPPER,Kumari Securities Private Limited,Oxford Securities Pvt. Ltd.,200,192.6,38520.0,2025-08-31T13:09:48.722081
2025-08-31,45555,2025083104006203,UPPER,SHUBHAKAMANA SECURITIES PVT. LTD,Oxford Securities Pvt. Ltd.,617,192.6,118834.2,2025-08-31T13:09:48.72291
2025-08-31,44843,2025083104006337,UPPER,Sundhara Securities Limited,Opal Securities Investment (PVT) Ltd.,110,192.7,21197.0,2025-08-31T13:12:06.822239
2025-08-31,44842,2025083104006338,UPPER,SHUBHAKAMANA SECURITIES PVT. LTD,Opal Securities Investment (PVT) Ltd.,4383,192.6,844165.8,2025-08-31T13:12:06.823357
2025-08-31,44841,2025083104006339,UPPER,Sewa Securities Pvt. Ltd.,Opal Securities Investment (PVT) Ltd.,507,192.6,97648.2,2025-08-31T13:12:06.823701
2025-08-31,44681,2025083104006362,UPPER,Online Securities Pvt. Ltd.,Secured Securities Ltd.,20,192.9,3858.0,2025-08-31T13:12:34.246775
2025-08-31,44522,2025083104006387,UPPER,South Asian Bulls Pvt. Ltd.,Secured Securities Ltd.,20,192.9,3858.0,2025-08-31T13:13:00.695919
2025-08-31,44379,2025083104006409,UPPER,Sewa Securities Pvt. Ltd.,Malla & Malla Stock Broking Company Pvt. Limited,1000,192.6,192600.0,2025-08-31T13:13:27.898399
2025-08-31,43851,2025083104006519,UPPER,Sewa Securities Pvt. Ltd.,Naasa Securities Co. Ltd.,102,192.6,19645.2,2025-08-31T13:15:14.043807
2025-08-31,43001,2025083104006692,UPPER,Sewa Securities Pvt. Ltd.,SUN SECURITIES PVT LTD,80,192.6,15408.0,2025-08-31T13:17:53.918371
2025-08-31,42967,2025083104006699,UPPER,Sewa Securities Pvt. Ltd.,Naasa Securities Co. Ltd.,10,192.6,1926.0,2025-08-31T13:18:02.028671
2025-08-31,42862,2025083104006715,UPPER,Sewa Securities Pvt. Ltd.,Imperial Securities Company Pvt. Ltd.,137,192.6,26386.2,2025-08-31T13:18:22.468473
2025-08-31,42849,2025083104006717,UPPER,Sewa Securities Pvt. Ltd.,Aryatara Investment & Securities,50,192.6,9630.0,2025-08-31T13:18:25.899117
2025-08-31,42559,2025083104006787,UPPER,Sewa Securities Pvt. Ltd.,Linch Stock Market Ltd.,500,192.6,96300.0,2025-08-31T13:19:25.408807
2025-08-31,41379,2025083104007008,UPPER,Kohinoor Investment & Securities Pvt. Ltd.,Kalika Securities Pvt. Ltd.,100,192.7,19270.0,2025-08-31T13:23:24.958535
2025-08-31,40953,2025083104007062,UPPER,K.B.L. Securities Limited ,Secured Securities Ltd.,40,192.9,7716.0,2025-08-31T13:24:26.927604
2025-08-31,40899,2025083104007064,UPPER,Kohinoor Investment & Securities Pvt. Ltd.,SUN SECURITIES PVT LTD,50,192.7,9635.0,2025-08-31T13:24:33.85375
2025-08-31,40898,2025083104007065,UPPER,Sewa Securities Pvt. Ltd.,SUN SECURITIES PVT LTD,114,192.6,21956.4,2025-08-31T13:24:33.854358
2025-08-31,40897,2025083104007066,UPPER,South Asian Bulls Pvt. Ltd.,SUN SECURITIES PVT LTD,30,192.6,5778.0,2025-08-31T13:24:33.854745
2025-08-31,40896,2025083104007067,UPPER,Siprabi Securities Pvt. Ltd.,SUN SECURITIES PVT LTD,48,192.6,9244.8,2025-08-31T13:24:33.855136
2025-08-31,40618,2025083104007100,UPPER,J.F. Securites (PVT) Ltd.,Sumeru Securities Pvt. Ltd.,70,192.7,13489.0,2025-08-31T13:25:18.263208
2025-08-31,40362,2025083104007138,UPPER,Opal Securities Investment (PVT) Ltd.,Secured Securities Ltd.,17,192.9,3279.3,2025-08-31T13:25:59.06023
2025-08-31,40095,2025083104007178,UPPER,Imperial Securities Company Pvt. Ltd.,Naasa Securities Co. Ltd.,32,192.7,6166.4,2025-08-31T13:26:49.472495
2025-08-31,40094,2025083104007179,UPPER,Siprabi Securities Pvt. Ltd.,Naasa Securities Co. Ltd.,452,192.6,87055.2,2025-08-31T13:26:49.473086
2025-08-31,40093,2025083104007180,UPPER,Sani Securities Company Ltd.,Naasa Securities Co. Ltd.,200,192.6,38520.0,2025-08-31T13:26:49.473412
2025-08-31,40092,2025083104007181,UPPER,Cristal Kanchanjanga Securites Pvt. Ltd.,Naasa Securities Co. Ltd.,500,192.6,96300.0,2025-08-31T13:26:49.473723
2025-08-31,40091,2025083104007182,UPPER,Sri Hari Securities Pvt. Ltd.,Naasa Securities Co. Ltd.,1000,192.6,192600.0,2025-08-31T13:26:49.474028
2025-08-31,40090,2025083104007183,UPPER,Naasa Securities Co. Ltd.,Naasa Securities Co. Ltd.,3610,192.5,694925.0,2025-08-31T13:26:49.474343
2025-08-31,40089,2025083104007184,UPPER,Naasa Securities Co. Ltd.,Naasa Securities Co. Ltd.,10,192.5,1925.0,2025-08-31T13:26:49.474643
2025-08-31,40088,2025083104007185,UPPER,Oxford Securities Pvt. Ltd.,Naasa Securities Co. Ltd.,44,192.5,8470.0,2025-08-31T13:26:49.474975
2025-08-31,40087,2025083104007186,UPPER,Kohinoor Investment & Securities Pvt. Ltd.,Naasa Securities Co. Ltd.,150,192.5,28875.0,2025-08-31T13:26:49.475284
2025-08-31,40086,2025083104007187,UPPER,ABC Securities Private Limited,Naasa Securities Co. Ltd.,150,192.5,28875.0,2025-08-31T13:26:49.475588
2025-08-31,40085,2025083104007188,UPPER,Naasa Securities Co. Ltd.,Naasa Securities Co. Ltd.,500,192.5,96250.0,2025-08-31T13:26:49.475911
2025-08-31,40084,2025083104007189,UPPER,Naasa Securities Co. Ltd.,Naasa Securities Co. Ltd.,500,192.5,96250.0,2025-08-31T13:26:49.476406
2025-08-31,40083,2025083104007190,UPPER,Nabil Stock Dealer Ltd.,Naasa Securities Co. Ltd.,10,192.5,1925.0,2025-08-31T13:26:49.476901
2025-08-31,40082,2025083104007191,UPPER,J.F. Securites (PVT) Ltd.,Naasa Securities Co. Ltd.,100,192.5,19250.0,2025-08-31T13:26:49.477407
2025-08-31,40081,2025083104007192,UPPER,Deevyaa Securities & Stock House Pvt. Ltd,Naasa Securities Co. Ltd.,200,192.5,38500.0,2025-08-31T13:26:49.477906
2025-08-31,40080,2025083104007193,UPPER,Online Securities Pvt. Ltd.,Naasa Securities Co. Ltd.,1000,192.4,192400.0,2025-08-31T13:26:49.478412
2025-08-31,40079,2025083104007194,UPPER,Siprabi Securities Pvt. Ltd.,Naasa Securities Co. Ltd.,500,192.4,96200.0,2025-08-31T13:26:49.478913
2025-08-31,40078,2025083104007195,UPPER,Dynamic Money Managers Securities Pvt. Ltd.,Naasa Securities Co. Ltd.,310,192.4,59644.0,2025-08-31T13:26:49.479417
2025-08-31,40077,2025083104007196,UPPER,Nepal Investment And Securities Trading Private Limited,Naasa Securities Co. Ltd.,400,192.3,76920.0,2025-08-31T13:26:49.47992
2025-08-31,40076,2025083104007197,UPPER,Opal Securities Investment (PVT) Ltd.,Naasa Securities Co. Ltd.,260,192.2,49972.0,2025-08-31T13:26:49.480428
2025-08-31,40075,2025083104007198,UPPER,Arun Securities (PVT) Ltd.,Naasa Securities Co. Ltd.,72,192.2,13838.4,2025-08-31T13:26:49.480984
2025-08-31,40018,2025083104007201,UPPER,Capital Max Securities Ltd,Dakshinkali Investment & Securities Pvt. Ltd.,50,193.0,9650.0,2025-08-31T13:27:01.949175
2025-08-31,39774,2025083104007253,UPPER,Oxford Securities Pvt. Ltd.,Online Securities Pvt. Ltd.,9,190.0,1710.0,2025-08-31T13:28:00.413201
2025-08-31,39716,2025083104007258,UPPER,Arun Securities (PVT) Ltd.,Naasa Securities Co. Ltd.,28,192.2,5381.6,2025-08-31T13:28:12.226444
2025-08-31,39715,2025083104007259,UPPER,Sri Hari Securities Pvt. Ltd.,Naasa Securities Co. Ltd.,10,192.2,1922.0,2025-08-31T13:28:12.227003
2025-08-31,39714,2025083104007260,UPPER,Sani Securities Company Ltd.,Naasa Securities Co. Ltd.,260,192.2,49972.0,2025-08-31T13:28:12.227343
2025-08-31,39713,2025083104007261,UPPER,Opal Securities Investment (PVT) Ltd.,Naasa Securities Co. Ltd.,200,192.1,38420.0,2025-08-31T13:28:12.227666
2025-08-31,39712,2025083104007262,UPPER,Deevyaa Securities & Stock House Pvt. Ltd,Naasa Securities Co. Ltd.,270,192.1,51867.0,2025-08-31T13:28:12.227981
2025-08-31,39711,2025083104007263,UPPER,Deevyaa Securities & Stock House Pvt. Ltd,Naasa Securities Co. Ltd.,2500,192.1,480250.0,2025-08-31T13:28:12.228293
2025-08-31,39710,2025083104007264,UPPER,Secured Securities Ltd.,Naasa Securities Co. Ltd.,50,192.1,9605.0,2025-08-31T13:28:12.228611
2025-08-31,39709,2025083104007265,UPPER,South Asian Bulls Pvt. Ltd.,Naasa Securities Co. Ltd.,500,192.1,96050.0,2025-08-31T13:28:12.228911
2025-08-31,39708,2025083104007266,UPPER,Nepal Stock House (PVT) Ltd.,Naasa Securities Co. Ltd.,300,192.1,57630.0,2025-08-31T13:28:12.229226
2025-08-31,39707,2025083104007267,UPPER,Sweta Securities Private Limited,Naasa Securities Co. Ltd.,50,192.1,9605.0,2025-08-31T13:28:12.229536
2025-08-31,39706,2025083104007268,UPPER,Sundhara Securities Limited,Naasa Securities Co. Ltd.,500,192.1,96050.0,2025-08-31T13:28:12.229833
2025-08-31,39705,2025083104007269,UPPER,Dipshikha Dhitopatra Karobar Co. Pvt Ltd.,Naasa Securities Co. Ltd.,295,192.0,56640.0,2025-08-31T13:28:12.230139
2025-08-31,39704,2025083104007270,UPPER,ABC Securities Private Limited,Naasa Securities Co. Ltd.,1000,192.0,192000.0,2025-08-31T13:28:12.23045
2025-08-31,39703,2025083104007271,UPPER,Online Securities Pvt. Ltd.,Naasa Securities Co. Ltd.,385,192.0,73920.0,2025-08-31T13:28:12.23074
2025-08-31,39702,2025083104007272,UPPER,Ashutosh Brokerage & Securities (PVT) Ltd.,Naasa Securities Co. Ltd.,1000,192.0,192000.0,2025-08-31T13:28:12.231039
2025-08-31,39701,2025083104007273,UPPER,J.F. Securites (PVT) Ltd.,Naasa Securities Co. Ltd.,50,192.0,9600.0,2025-08-31T13:28:12.231347
2025-08-31,39700,2025083104007274,UPPER,Dipshikha Dhitopatra Karobar Co. Pvt Ltd.,Naasa Securities Co. Ltd.,230,192.0,44160.0,2025-08-31T13:28:12.231648
2025-08-31,39699,2025083104007275,UPPER,Dipshikha Dhitopatra Karobar Co. Pvt Ltd.,Naasa Securities Co. Ltd.,1000,192.0,192000.0,2025-08-31T13:28:12.231944
2025-08-31,39698,2025083104007276,UPPER,Dipshikha Dhitopatra Karobar Co. Pvt Ltd.,Naasa Securities Co. Ltd.,500,192.0,96000.0,2025-08-31T13:28:12.232245
2025-08-31,39697,2025083104007277,UPPER,Aryatara Investment & Securities,Naasa Securities Co. Ltd.,400,192.0,76800.0,2025-08-31T13:28:12.232545
2025-08-31,39696,2025083104007278,UPPER,Vision Securities Pvt. Ltd,Naasa Securities Co. Ltd.,472,192.0,90624.0,2025-08-31T13:28:12.23284
2025-08-31,39532,2025083104007318,UPPER,Vision Securities Pvt. Ltd,Oxford Securities Pvt. Ltd.,300,192.0,57600.0,2025-08-31T13:28:55.831079
2025-08-31,38910,2025083104007454,UPPER,Primo Securities (PVT) Ltd.,Dakshinkali Investment & Securities Pvt. Ltd.,418,193.0,80674.0,2025-08-31T13:31:25.093649
2025-08-31,38868,2025083104007464,UPPER,Premier Securities Company Ltd.,Dakshinkali Investment & Securities Pvt. Ltd.,100,193.0,19300.0,2025-08-31T13:31:36.921872
2025-08-31,38832,2025083104007465,UPPER,Naasa Securities Co. Ltd.,ABC Securities Private Limited,10,192.2,1922.0,2025-08-31T13:31:47.067104
2025-08-31,38574,2025083104007526,UPPER,Agrawal Securities (PVT) Ltd.,Dakshinkali Investment & Securities Pvt. Ltd.,100,193.0,19300.0,2025-08-31T13:32:34.130676
2025-08-31,38493,2025083104007540,UPPER,Naasa Securities Co. Ltd.,Naasa Securities Co. Ltd.,250,192.5,48125.0,2025-08-31T13:32:52.30766
2025-08-31,38483,2025083104007542,UPPER,Naasa Securities Co. Ltd.,ABC Securities Private Limited,10,192.5,1925.0,2025-08-31T13:32:53.592647
2025-08-31,38325,2025083104007567,UPPER,Naasa Securities Co. Ltd.,Online Securities Pvt. Ltd.,60,192.5,11550.0,2025-08-31T13:33:30.567138
2025-08-31,38308,2025083104007568,UPPER,Naasa Securities Co. Ltd.,Imperial Securities Company Pvt. Ltd.,280,192.5,53900.0,2025-08-31T13:33:34.419245
2025-08-31,38307,2025083104007569,UPPER,Naasa Securities Co. Ltd.,Imperial Securities Company Pvt. Ltd.,10,192.5,1925.0,2025-08-31T13:33:34.420419
2025-08-31,38023,2025083104007614,UPPER,Siprabi Securities Pvt. Ltd.,Sani Securities Company Ltd.,50,192.4,9620.0,2025-08-31T13:34:22.290511
2025-08-31,38022,2025083104007615,UPPER,Kumari Securities Private Limited,Sani Securities Company Ltd.,40,192.3,7692.0,2025-08-31T13:34:22.291643
2025-08-31,37513,2025083104007759,UPPER,Kumari Securities Private Limited,Secured Securities Ltd.,260,192.3,49998.0,2025-08-31T13:36:17.071953
2025-08-31,37512,2025083104007760,UPPER,Naasa Securities Co. Ltd.,Secured Securities Ltd.,140,192.2,26908.0,2025-08-31T13:36:17.073203
2025-08-31,36999,2025083104007844,UPPER,Naasa Securities Co. Ltd.,Kohinoor Investment & Securities Pvt. Ltd.,104,192.2,19988.8,2025-08-31T13:38:09.214005
2025-08-31,36669,2025083104007919,UPPER,Naasa Securities Co. Ltd.,Nabil Stock Dealer Ltd.,20,192.3,3846.0,2025-08-31T13:39:03.649761
2025-08-31,36668,2025083104007920,UPPER,Naasa Securities Co. Ltd.,Imperial Securities Company Pvt. Ltd.,80,192.5,15400.0,2025-08-31T13:39:03.650963
2025-08-31,36199,2025083104007997,UPPER,Sani Securities Company Ltd.,Siprabi Securities Pvt. Ltd.,50,192.5,9625.0,2025-08-31T13:40:29.645819
2025-08-31,36021,2025083104008032,UPPER,Beni Securities Pvt.Ltd.,Imperial Securities Company Pvt. Ltd.,60,192.3,11538.0,2025-08-31T13:41:00.527175
2025-08-31,35826,2025083104008072,UPPER,Sani Securities Company Ltd.,K.B.L. Securities Limited ,96,192.4,18470.4,2025-08-31T13:41:38.036672
2025-08-31,35670,2025083104008091,UPPER,Beni Securities Pvt.Ltd.,Sri Hari Securities Pvt. Ltd.,70,192.3,13461.0,2025-08-31T13:42:07.310291
2025-08-31,35669,2025083104008092,UPPER,Naasa Securities Co. Ltd.,Sri Hari Securities Pvt. Ltd.,130,192.2,24986.0,2025-08-31T13:42:07.310905
2025-08-31,35287,2025083104008174,UPPER,Naasa Securities Co. Ltd.,Imperial Securities Company Pvt. Ltd.,87,192.2,16721.4,2025-08-31T13:43:21.914792
2025-08-31,35121,2025083104008204,UPPER,Naasa Securities Co. Ltd.,Online Securities Pvt. Ltd.,38,192.2,7303.6,2025-08-31T13:44:01.06351
2025-08-31,34939,2025083104008221,UPPER,Naasa Securities Co. Ltd.,Deevyaa Securities & Stock House Pvt. Ltd,491,192.2,94370.2,2025-08-31T13:44:49.681429
2025-08-31,34938,2025083104008222,UPPER,Dynamic Money Managers Securities Pvt. Ltd.,Deevyaa Securities & Stock House Pvt. Ltd,1000,192.2,192200.0,2025-08-31T13:44:49.682031
2025-08-31,34582,2025083104008313,UPPER,Vision Securities Pvt. Ltd,Imperial Securities Company Pvt. Ltd.,100,192.1,19210.0,2025-08-31T13:45:41.197049
2025-08-31,34415,2025083104008347,UPPER,Online Securities Pvt. Ltd.,Deevyaa Securities & Stock House Pvt. Ltd,10,192.2,1922.0,2025-08-31T13:46:21.600092
2025-08-31,34166,2025083104008385,UPPER,Naasa Securities Co. Ltd.,Dynamic Money Managers Securities Pvt. Ltd.,5,192.6,963.0,2025-08-31T13:47:08.428142
2025-08-31,33851,2025083104008439,UPPER,Sani Securities Company Ltd.,Deevyaa Securities & Stock House Pvt. Ltd,200,192.2,38440.0,2025-08-31T13:48:33.545909
2025-08-31,33732,2025083104008470,UPPER,South Asian Bulls Pvt. Ltd.,Deevyaa Securities & Stock House Pvt. Ltd,30,192.2,5766.0,2025-08-31T13:48:56.470829
2025-08-31,33345,2025083104008512,UPPER,Kohinoor Investment & Securities Pvt. Ltd.,Deevyaa Securities & Stock House Pvt. Ltd,520,192.2,99944.0,2025-08-31T13:50:14.196852
2025-08-31,33228,2025083104008534,UPPER,BHOLE GANESH SECURITIES LTD,Deevyaa Securities & Stock House Pvt. Ltd,249,192.2,47857.8,2025-08-31T13:50:37.025943
2025-08-31,33002,2025083104008579,UPPER,BHOLE GANESH SECURITIES LTD,Online Securities Pvt. Ltd.,40,192.2,7688.0,2025-08-31T13:51:26.662472
2025-08-31,32397,2025083104008686,UPPER,Shree Krishna Securities Ltd.,Sajilo Broker Limited,50,192.5,9625.0,2025-08-31T13:53:33.496791
2025-08-31,32312,2025083104008697,UPPER,Vision Securities Pvt. Ltd,Sajilo Broker Limited,15,192.5,2887.5,2025-08-31T13:53:50.452789
2025-08-31,32127,2025083104008739,UPPER,Market Securities & Exchange (PVT) Ltd.,Online Securities Pvt. Ltd.,104,192.3,19999.2,2025-08-31T13:54:18.67229
2025-08-31,31861,2025083104008816,UPPER,Oxford Securities Pvt. Ltd.,Sajilo Broker Limited,100,192.5,19250.0,2025-08-31T13:55:02.296685
2025-08-31,31366,2025083104008889,UPPER,Oxford Securities Pvt. Ltd.,Sajilo Broker Limited,98,192.5,18865.0,2025-08-31T13:56:54.086682
2025-08-31,30759,2025083104008972,UPPER,Sani Securities Company Ltd.,Sajilo Broker Limited,15,192.5,2887.5,2025-08-31T13:58:47.764061
2025-08-31,29674,2025083104009157,UPPER,Dipshikha Dhitopatra Karobar Co. Pvt Ltd.,ABC Securities Private Limited,13,192.4,2501.2,2025-08-31T14:01:47.933539
2025-08-31,29325,2025083104009180,UPPER,Dipshikha Dhitopatra Karobar Co. Pvt Ltd.,Vision Securities Pvt. Ltd,87,192.4,16738.8,2025-08-31T14:02:42.480729
2025-08-31,29324,2025083104009181,UPPER,Himalayan Securities Limited,Vision Securities Pvt. Ltd,10,192.4,1924.0,2025-08-31T14:02:42.482214
2025-08-31,29323,2025083104009182,UPPER,Market Securities & Exchange (PVT) Ltd.,Vision Securities Pvt. Ltd,748,192.3,143840.4,2025-08-31T14:02:42.483495
2025-08-31,28773,2025083104009231,UPPER,Online Securities Pvt. Ltd.,Sajilo Broker Limited,22,192.5,4235.0,2025-08-31T14:03:30.994309
2025-08-31,28772,2025083104009232,UPPER,Online Securities Pvt. Ltd.,Agrawal Securities (PVT) Ltd.,78,192.7,15030.6,2025-08-31T14:03:30.994929
2025-08-31,28129,2025083104009329,UPPER,Opal Securities Investment (PVT) Ltd.,Agrawal Securities (PVT) Ltd.,385,192.7,74189.5,2025-08-31T14:04:48.263632
2025-08-31,28052,2025083104009376,UPPER,Sani Securities Company Ltd.,Agrawal Securities (PVT) Ltd.,10,192.7,1927.0,2025-08-31T14:04:59.234113
2025-08-31,27716,2025083104009451,UPPER,Sewa Securities Pvt. Ltd.,Premier Securities Company Ltd.,10,192.4,1924.0,2025-08-31T14:06:03.006478
2025-08-31,27715,2025083104009452,UPPER,Market Securities & Exchange (PVT) Ltd.,Premier Securities Company Ltd.,70,192.3,13461.0,2025-08-31T14:06:03.007804
2025-08-31,27582,2025083104009466,UPPER,Market Securities & Exchange (PVT) Ltd.,Pragyan Securities (PVT) Ltd.,78,192.3,14999.4,2025-08-31T14:06:30.538381
2025-08-31,27581,2025083104009467,UPPER,BHOLE GANESH SECURITIES LTD,Pragyan Securities (PVT) Ltd.,211,192.2,40554.2,2025-08-31T14:06:30.539805
2025-08-31,27580,2025083104009468,UPPER,Kumari Securities Private Limited,Pragyan Securities (PVT) Ltd.,200,192.2,38440.0,2025-08-31T14:06:30.541175
2025-08-31,27579,2025083104009469,UPPER,Kumari Securities Private Limited,Pragyan Securities (PVT) Ltd.,1000,192.2,192200.0,2025-08-31T14:06:30.542742
2025-08-31,27578,2025083104009470,UPPER,Vision Securities Pvt. Ltd,Pragyan Securities (PVT) Ltd.,11,192.1,2113.1,2025-08-31T14:06:30.54423
2025-08-31,27174,2025083104009550,UPPER,Sundhara Securities Limited,Sumeru Securities Pvt. Ltd.,1,188.7,188.7,2025-08-31T14:07:21.379069
2025-08-31,27168,2025083104009551,UPPER,Sani Securities Company Ltd.,Agrawal Securities (PVT) Ltd.,10,192.7,1927.0,2025-08-31T14:07:23.037145
2025-08-31,27163,2025083104009552,UPPER,Vision Securities Pvt. Ltd,Property Wiard Limited,389,192.1,74726.9,2025-08-31T14:07:24.035693
2025-08-31,27162,2025083104009553,UPPER,Thrive Brokerage House Pvt. Ltd,Property Wiard Limited,611,192.1,117373.1,2025-08-31T14:07:24.036284
2025-08-31,27129,2025083104009556,UPPER,Thrive Brokerage House Pvt. Ltd,Primo Securities (PVT) Ltd.,50,192.1,9605.0,2025-08-31T14:07:29.546505
2025-08-31,27045,2025083104009591,UPPER,Thrive Brokerage House Pvt. Ltd,Nepal Investment And Securities Trading Private Limited,339,192.1,65121.9,2025-08-31T14:07:41.198626
2025-08-31,27044,2025083104009592,UPPER,Kalika Securities Pvt. Ltd.,Nepal Investment And Securities Trading Private Limited,161,192.1,30928.1,2025-08-31T14:07:41.200024
2025-08-31,26349,2025083104009716,UPPER,Vision Securities Pvt. Ltd,Market Securities & Exchange (PVT) Ltd.,180,192.2,34596.0,2025-08-31T14:09:30.146146
2025-08-31,26348,2025083104009717,UPPER,Kalika Securities Pvt. Ltd.,Market Securities & Exchange (PVT) Ltd.,39,192.1,7491.9,2025-08-31T14:09:30.147638
2025-08-31,26347,2025083104009718,UPPER,Online Securities Pvt. Ltd.,Market Securities & Exchange (PVT) Ltd.,181,192.1,34770.1,2025-08-31T14:09:30.14839
2025-08-31,26066,2025083104009813,UPPER,Cristal Kanchanjanga Securites Pvt. Ltd.,Linch Stock Market Ltd.,10,192.2,1922.0,2025-08-31T14:10:16.161869
2025-08-31,26065,2025083104009814,UPPER,Online Securities Pvt. Ltd.,Linch Stock Market Ltd.,58,192.1,11141.8,2025-08-31T14:10:16.163503
2025-08-31,25922,2025083104009850,UPPER,Online Securities Pvt. Ltd.,Naasa Securities Co. Ltd.,35,192.1,6723.5,2025-08-31T14:10:44.248513
2025-08-31,25921,2025083104009851,UPPER,Deevyaa Securities & Stock House Pvt. Ltd,Naasa Securities Co. Ltd.,25,192.1,4802.5,2025-08-31T14:10:44.249844
2025-08-31,25672,2025083104009911,UPPER,Opal Securities Investment (PVT) Ltd.,Opal Securities Investment (PVT) Ltd.,10,192.2,1922.0,2025-08-31T14:11:29.496784
2025-08-31,25588,2025083104009921,UPPER,Trishakti Securities Public Limited,Vision Securities Pvt. Ltd,300,192.1,57630.0,2025-08-31T14:11:47.760804
2025-08-31,25133,2025083104009988,UPPER,Bhrikuti Stock Broking Co. Pvt. Ltd.,Aryatara Investment & Securities,200,192.2,38440.0,2025-08-31T14:12:53.056663
2025-08-31,25132,2025083104009989,UPPER,Trishakti Securities Public Limited,Aryatara Investment & Securities,200,192.1,38420.0,2025-08-31T14:12:53.058069
2025-08-31,25131,2025083104009990,UPPER,Cristal Kanchanjanga Securites Pvt. Ltd.,Aryatara Investment & Securities,500,192.1,96050.0,2025-08-31T14:12:53.059188
2025-08-31,25130,2025083104009991,UPPER,Sundhara Securities Limited,Aryatara Investment & Securities,207,192.1,39764.7,2025-08-31T14:12:53.060327
2025-08-31,25129,2025083104009992,UPPER,Aryatara Investment & Securities,Aryatara Investment & Securities,10,192.1,1921.0,2025-08-31T14:12:53.061441
2025-08-31,25128,2025083104009993,UPPER,Vision Securities Pvt. Ltd,Aryatara Investment & Securities,228,192.0,43776.0,2025-08-31T14:12:53.062578
2025-08-31,25127,2025083104009994,UPPER,Aryatara Investment & Securities,Aryatara Investment & Securities,15,192.0,2880.0,2025-08-31T14:12:53.06369
2025-08-31,25126,2025083104009995,UPPER,Aryatara Investment & Securities,Aryatara Investment & Securities,500,192.0,96000.0,2025-08-31T14:12:53.064796
2025-08-31,25125,2025083104009996,UPPER,Kohinoor Investment & Securities Pvt. Ltd.,Aryatara Investment & Securities,50,192.0,9600.0,2025-08-31T14:12:53.065906
2025-08-31,25124,2025083104009997,UPPER,Market Securities & Exchange (PVT) Ltd.,Aryatara Investment & Securities,990,192.0,190080.0,2025-08-31T14:12:53.066906
2025-08-31,25029,2025083104010012,UPPER,Market Securities & Exchange (PVT) Ltd.,Investment Management Nepal Pvt. Ltd.,10,192.0,1920.0,2025-08-31T14:13:06.784356
2025-08-31,25028,2025083104010013,UPPER,Arun Securities (PVT) Ltd.,Investment Management Nepal Pvt. Ltd.,200,192.0,38400.0,2025-08-31T14:13:06.785768
2025-08-31,25027,2025083104010014,UPPER,Online Securities Pvt. Ltd.,Investment Management Nepal Pvt. Ltd.,100,192.0,19200.0,2025-08-31T14:13:06.786907
2025-08-31,25026,2025083104010015,UPPER,Imperial Securities Company Pvt. Ltd.,Investment Management Nepal Pvt. Ltd.,20,192.0,3840.0,2025-08-31T14:13:06.788392
2025-08-31,25025,2025083104010016,UPPER,Nepal Stock House (PVT) Ltd.,Investment Management Nepal Pvt. Ltd.,2000,192.0,384000.0,2025-08-31T14:13:06.789872
2025-08-31,25024,2025083104010017,UPPER,Kumari Securities Private Limited,Investment Management Nepal Pvt. Ltd.,30,192.0,5760.0,2025-08-31T14:13:06.791395
2025-08-31,25023,2025083104010018,UPPER,South Asian Bulls Pvt. Ltd.,Investment Management Nepal Pvt. Ltd.,115,192.0,22080.0,2025-08-31T14:13:06.792899
2025-08-31,25022,2025083104010019,UPPER,Sani Securities Company Ltd.,Investment Management Nepal Pvt. Ltd.,100,192.0,19200.0,2025-08-31T14:13:06.794357
2025-08-31,25021,2025083104010020,UPPER,Naasa Securities Co. Ltd.,Investment Management Nepal Pvt. Ltd.,348,192.0,66816.0,2025-08-31T14:13:06.795714
2025-08-31,25020,2025083104010021,UPPER,Linch Stock Market Ltd.,Investment Management Nepal Pvt. Ltd.,1000,192.0,192000.0,2025-08-31T14:13:06.796988
2025-08-31,25019,2025083104010022,UPPER,South Asian Bulls Pvt. Ltd.,Investment Management Nepal Pvt. Ltd.,85,192.0,16320.0,2025-08-31T14:13:06.797764
2025-08-31,25018,2025083104010023,UPPER,Sundhara Securities Limited,Investment Management Nepal Pvt. Ltd.,200,192.0,38400.0,2025-08-31T14:13:06.798124
2025-08-31,25017,2025083104010024,UPPER,Premier Securities Company Ltd.,Investment Management Nepal Pvt. Ltd.,100,192.0,19200.0,2025-08-31T14:13:06.798527
2025-08-31,25016,2025083104010025,UPPER,Sumeru Securities Pvt. Ltd.,Investment Management Nepal Pvt. Ltd.,10,192.0,1920.0,2025-08-31T14:13:06.798944
2025-08-31,25015,2025083104010026,UPPER,South Asian Bulls Pvt. Ltd.,Investment Management Nepal Pvt. Ltd.,682,192.0,130944.0,2025-08-31T14:13:06.79938
2025-08-31,24702,2025083104010101,UPPER,South Asian Bulls Pvt. Ltd.,Kohinoor Investment & Securities Pvt. Ltd.,100,192.0,19200.0,2025-08-31T14:13:42.617158
2025-08-31,24681,2025083104010110,UPPER,South Asian Bulls Pvt. Ltd.,Investment Management Nepal Pvt. Ltd.,218,192.0,41856.0,2025-08-31T14:13:46.974185
2025-08-31,24680,2025083104010111,UPPER,Agrawal Securities (PVT) Ltd.,Investment Management Nepal Pvt. Ltd.,25,192.0,4800.0,2025-08-31T14:13:46.974776
2025-08-31,24679,2025083104010112,UPPER,Neev Securities Pvt. Ltd.,Investment Management Nepal Pvt. Ltd.,750,192.0,144000.0,2025-08-31T14:13:46.975138
2025-08-31,24678,2025083104010113,UPPER,Opal Securities Investment (PVT) Ltd.,Investment Management Nepal Pvt. Ltd.,10,192.0,1920.0,2025-08-31T14:13:46.975471
2025-08-31,24677,2025083104010114,UPPER,Pragyan Securities (PVT) Ltd.,Investment Management Nepal Pvt. Ltd.,40,192.0,7680.0,2025-08-31T14:13:46.975795
2025-08-31,24676,2025083104010115,UPPER,Bhrikuti Stock Broking Co. Pvt. Ltd.,Investment Management Nepal Pvt. Ltd.,20,192.0,3840.0,2025-08-31T14:13:46.976117
2025-08-31,24675,2025083104010116,UPPER,Cristal Kanchanjanga Securites Pvt. Ltd.,Investment Management Nepal Pvt. Ltd.,250,192.0,48000.0,2025-08-31T14:13:46.976471
2025-08-31,24674,2025083104010117,UPPER,ABC Securities Private Limited,Investment Management Nepal Pvt. Ltd.,50,192.0,9600.0,2025-08-31T14:13:46.976788
2025-08-31,24673,2025083104010118,UPPER,Agrawal Securities (PVT) Ltd.,Investment Management Nepal Pvt. Ltd.,1000,192.0,192000.0,2025-08-31T14:13:46.977118
2025-08-31,24672,2025083104010119,UPPER,Dipshikha Dhitopatra Karobar Co. Pvt Ltd.,Investment Management Nepal Pvt. Ltd.,50,192.0,9600.0,2025-08-31T14:13:46.977445
2025-08-31,24671,2025083104010120,UPPER,Online Securities Pvt. Ltd.,Investment Management Nepal Pvt. Ltd.,500,192.0,96000.0,2025-08-31T14:13:46.97777
2025-08-31,24670,2025083104010121,UPPER,Nepal Stock House (PVT) Ltd.,Investment Management Nepal Pvt. Ltd.,2087,192.0,400704.0,2025-08-31T14:13:46.978248
2025-08-31,24652,2025083104010123,UPPER,Nepal Stock House (PVT) Ltd.,Vision Securities Pvt. Ltd,100,192.0,19200.0,2025-08-31T14:13:49.952331
2025-08-31,24599,2025083104010132,UPPER,Nepal Stock House (PVT) Ltd.,Dipshikha Dhitopatra Karobar Co. Pvt Ltd.,70,192.0,13440.0,2025-08-31T14:14:02.740448
2025-08-31,22930,2025083104010499,UPPER,Kohinoor Investment & Securities Pvt. Ltd.,ABC Securities Private Limited,20,192.5,3850.0,2025-08-31T14:18:35.154627
2025-08-31,22576,2025083104010560,UPPER,Dipshikha Dhitopatra Karobar Co. Pvt Ltd.,Bhrikuti Stock Broking Co. Pvt. Ltd.,10,192.6,1926.0,2025-08-31T14:19:36.428889
2025-08-31,22294,2025083104010614,UPPER,Kohinoor Investment & Securities Pvt. Ltd.,Deevyaa Securities & Stock House Pvt. Ltd,80,192.5,15400.0,2025-08-31T14:20:14.464725
2025-08-31,22293,2025083104010615,UPPER,Online Securities Pvt. Ltd.,Deevyaa Securities & Stock House Pvt. Ltd,420,192.5,80850.0,2025-08-31T14:20:14.465351
2025-08-31,22244,2025083104010618,UPPER,Online Securities Pvt. Ltd.,Sri Hari Securities Pvt. Ltd.,120,192.5,23100.0,2025-08-31T14:20:27.152108
2025-08-31,22243,2025083104010619,UPPER,Online Securities Pvt. Ltd.,Sri Hari Securities Pvt. Ltd.,105,192.3,20191.5,2025-08-31T14:20:27.153664
2025-08-31,22241,2025083104010620,UPPER,Imperial Securities Company Pvt. Ltd.,Sri Hari Securities Pvt. Ltd.,200,192.1,38420.0,2025-08-31T14:20:27.155134
2025-08-31,22240,2025083104010621,UPPER,Online Securities Pvt. Ltd.,Sri Hari Securities Pvt. Ltd.,25,192.1,4802.5,2025-08-31T14:20:27.156502
2025-08-31,21653,2025083104010743,UPPER,Online Securities Pvt. Ltd.,J.F. Securites (PVT) Ltd.,75,192.1,14407.5,2025-08-31T14:22:24.888995
2025-08-31,21652,2025083104010744,UPPER,Aryatara Investment & Securities,J.F. Securites (PVT) Ltd.,500,192.1,96050.0,2025-08-31T14:22:24.89036
2025-08-31,21651,2025083104010745,UPPER,Sani Securities Company Ltd.,J.F. Securites (PVT) Ltd.,25,192.1,4802.5,2025-08-31T14:22:24.891422
2025-08-31,21259,2025083104010825,UPPER,Sewa Securities Pvt. Ltd.,Imperial Securities Company Pvt. Ltd.,114,192.3,21922.2,2025-08-31T14:23:17.921572
2025-08-31,21133,2025083104010854,UPPER,Sewa Securities Pvt. Ltd.,Kohinoor Investment & Securities Pvt. Ltd.,86,192.3,16537.8,2025-08-31T14:23:37.243953
2025-08-31,20890,2025083104010911,UPPER,Siprabi Securities Pvt. Ltd.,J.F. Securites (PVT) Ltd.,200,192.2,38440.0,2025-08-31T14:24:12.488329
2025-08-31,20879,2025083104010918,UPPER,Siprabi Securities Pvt. Ltd.,Midas Stock Broking Company Private Limited,50,192.2,9610.0,2025-08-31T14:24:14.716775
2025-08-31,20853,2025083104010929,UPPER,Sani Securities Company Ltd.,Dynamic Money Managers Securities Pvt. Ltd.,81,192.2,15568.2,2025-08-31T14:24:18.734817
2025-08-31,20731,2025083104010960,UPPER,Sani Securities Company Ltd.,Trisul Securities & Invt. Ltd.,20,192.1,3842.0,2025-08-31T14:24:35.789011
2025-08-31,20730,2025083104010961,UPPER,Sani Securities Company Ltd.,Trisul Securities & Invt. Ltd.,500,192.1,96050.0,2025-08-31T14:24:35.790348
2025-08-31,20729,2025083104010962,UPPER,Sani Securities Company Ltd.,Trisul Securities & Invt. Ltd.,700,192.1,134470.0,2025-08-31T14:24:35.791404
2025-08-31,20594,2025083104011001,UPPER,Neev Securities Pvt. Ltd.,Trisul Securities & Invt. Ltd.,300,192.1,57630.0,2025-08-31T14:25:00.011769
2025-08-31,20555,2025083104011011,UPPER,Nepal Stock House (PVT) Ltd.,Dynamic Money Managers Securities Pvt. Ltd.,29,192.0,5568.0,2025-08-31T14:25:10.464337
2025-08-31,20506,2025083104011019,UPPER,Nepal Stock House (PVT) Ltd.,Linch Stock Market Ltd.,314,192.0,60288.0,2025-08-31T14:25:19.984272
2025-08-31,20505,2025083104011020,UPPER,Nepal Investment And Securities Trading Private Limited,Linch Stock Market Ltd.,500,192.0,96000.0,2025-08-31T14:25:19.984924
2025-08-31,20504,2025083104011021,UPPER,Sani Securities Company Ltd.,Linch Stock Market Ltd.,186,192.0,35712.0,2025-08-31T14:25:19.985474
2025-08-31,20326,2025083104011068,UPPER,Sani Securities Company Ltd.,N.I.M.B. Stock Markets Limited,40,192.0,7680.0,2025-08-31T14:25:46.786458
2025-08-31,20299,2025083104011071,UPPER,Naasa Securities Co. Ltd.,Trisul Securities & Invt. Ltd.,19,192.1,3649.9,2025-08-31T14:25:49.300168
2025-08-31,20171,2025083104011096,UPPER,Sani Securities Company Ltd.,Imperial Securities Company Pvt. Ltd.,224,192.0,43008.0,2025-08-31T14:26:07.057892
2025-08-31,20170,2025083104011097,UPPER,Vision Securities Pvt. Ltd,Imperial Securities Company Pvt. Ltd.,100,192.0,19200.0,2025-08-31T14:26:07.058521
2025-08-31,20169,2025083104011098,UPPER,Shree Krishna Securities Ltd.,Imperial Securities Company Pvt. Ltd.,676,192.0,129792.0,2025-08-31T14:26:07.058973
2025-08-31,20064,2025083104011116,UPPER,Online Securities Pvt. Ltd.,Trisul Securities & Invt. Ltd.,10,192.1,1921.0,2025-08-31T14:26:17.166049
2025-08-31,19895,2025083104011173,UPPER,Imperial Securities Company Pvt. Ltd.,Trisul Securities & Invt. Ltd.,100,192.1,19210.0,2025-08-31T14:26:45.451342
2025-08-31,19856,2025083104011176,UPPER,Shree Krishna Securities Ltd.,Nepal Stock House (PVT) Ltd.,200,192.0,38400.0,2025-08-31T14:26:50.590554
2025-08-31,19510,2025083104011242,UPPER,Dipshikha Dhitopatra Karobar Co. Pvt Ltd.,Trisul Securities & Invt. Ltd.,100,192.1,19210.0,2025-08-31T14:27:36.358985
2025-08-31,19485,2025083104011247,UPPER,Sundhara Securities Limited,Trisul Securities & Invt. Ltd.,50,192.1,9605.0,2025-08-31T14:27:42.360828
2025-08-31,19290,2025083104011262,UPPER,Dipshikha Dhitopatra Karobar Co. Pvt Ltd.,Trisul Securities & Invt. Ltd.,100,192.1,19210.0,2025-08-31T14:28:00.615653
2025-08-31,19247,2025083104011267,UPPER,Aryatara Investment & Securities,Trisul Securities & Invt. Ltd.,100,192.1,19210.0,2025-08-31T14:28:07.463854
2025-08-31,18992,2025083104011336,UPPER,Shree Krishna Securities Ltd.,Deevyaa Securities & Stock House Pvt. Ltd,586,192.0,112512.0,2025-08-31T14:28:39.039783
2025-08-31,18987,2025083104011337,UPPER,Shree Krishna Securities Ltd.,Creative Securities Pvt Ltd,500,192.0,96000.0,2025-08-31T14:28:41.886624
2025-08-31,18938,2025083104011348,UPPER,Premier Securities Company Ltd.,Bhrikuti Stock Broking Co. Pvt. Ltd.,30,192.1,5763.0,2025-08-31T14:28:49.975824
2025-08-31,18860,2025083104011362,UPPER,Shree Krishna Securities Ltd.,Midas Stock Broking Company Private Limited,3038,192.0,583296.0,2025-08-31T14:29:07.555826
2025-08-31,18859,2025083104011363,UPPER,Creative Securities Pvt Ltd,Midas Stock Broking Company Private Limited,712,192.0,136704.0,2025-08-31T14:29:07.557153
2025-08-31,18726,2025083104011390,UPPER,Creative Securities Pvt Ltd,Kohinoor Investment & Securities Pvt. Ltd.,14,192.0,2688.0,2025-08-31T14:29:26.388869
2025-08-31,18435,2025083104011439,UPPER,Creative Securities Pvt Ltd,Kalika Securities Pvt. Ltd.,206,192.0,39552.0,2025-08-31T14:30:03.824708
2025-08-31,18321,2025083104011489,UPPER,Creative Securities Pvt Ltd,Vision Securities Pvt. Ltd,68,192.0,13056.0,2025-08-31T14:30:24.81703
2025-08-31,18320,2025083104011490,UPPER,Imperial Securities Company Pvt. Ltd.,Vision Securities Pvt. Ltd,43,192.0,8256.0,2025-08-31T14:30:24.817686
2025-08-31,18159,2025083104011526,UPPER,Malla & Malla Stock Broking Company Pvt. Limited,Dynamic Money Managers Securities Pvt. Ltd.,10,192.0,1920.0,2025-08-31T14:30:47.567629
2025-08-31,18158,2025083104011527,UPPER,SHUBHAKAMANA SECURITIES PVT. LTD,Dynamic Money Managers Securities Pvt. Ltd.,490,192.0,94080.0,2025-08-31T14:30:47.569012
2025-08-31,18140,2025083104011536,UPPER,SHUBHAKAMANA SECURITIES PVT. LTD,Sani Securities Company Ltd.,50,192.0,9600.0,2025-08-31T14:30:52.588299
2025-08-31,18126,2025083104011538,UPPER,SHUBHAKAMANA SECURITIES PVT. LTD,Sani Securities Company Ltd.,114,192.0,21888.0,2025-08-31T14:30:54.620724
2025-08-31,17970,2025083104011594,UPPER,SHUBHAKAMANA SECURITIES PVT. LTD,Vision Securities Pvt. Ltd,1350,192.0,259200.0,2025-08-31T14:31:17.430389
2025-08-31,17578,2025083104011671,UPPER,SHUBHAKAMANA SECURITIES PVT. LTD,Sani Securities Company Ltd.,300,192.0,57600.0,2025-08-31T14:32:01.568506
2025-08-31,17385,2025083104011726,UPPER,SHUBHAKAMANA SECURITIES PVT. LTD,ABC Securities Private Limited,200,192.0,38400.0,2025-08-31T14:32:24.376407
2025-08-31,17261,2025083104011769,UPPER,Dipshikha Dhitopatra Karobar Co. Pvt Ltd.,Shree Krishna Securities Ltd.,80,192.1,15368.0,2025-08-31T14:32:35.434931
2025-08-31,16874,2025083104011852,UPPER,Dipshikha Dhitopatra Karobar Co. Pvt Ltd.,Naasa Securities Co. Ltd.,10,192.2,1922.0,2025-08-31T14:33:26.039005
2025-08-31,16873,2025083104011853,UPPER,Dipshikha Dhitopatra Karobar Co. Pvt Ltd.,Sweta Securities Private Limited,10,192.2,1922.0,2025-08-31T14:33:26.039595
2025-08-31,16725,2025083104011875,UPPER,SHUBHAKAMANA SECURITIES PVT. LTD,Sri Hari Securities Pvt. Ltd.,200,192.0,38400.0,2025-08-31T14:33:45.240556
2025-08-31,16363,2025083104011949,UPPER,SHUBHAKAMANA SECURITIES PVT. LTD,Vision Securities Pvt. Ltd,80,192.0,15360.0,2025-08-31T14:34:37.333022
2025-08-31,16099,2025083104011998,UPPER,Opal Securities Investment (PVT) Ltd.,Sweta Securities Private Limited,200,192.2,38440.0,2025-08-31T14:35:14.206502
2025-08-31,15989,2025083104012028,UPPER,Siprabi Securities Pvt. Ltd.,Sweta Securities Private Limited,13,192.2,2498.6,2025-08-31T14:35:28.627151
2025-08-31,15197,2025083104012168,UPPER,Kohinoor Investment & Securities Pvt. Ltd.,Trisul Securities & Invt. Ltd.,600,192.3,115380.0,2025-08-31T14:37:24.330615
2025-08-31,15068,2025083104012196,UPPER,Siprabi Securities Pvt. Ltd.,Kumari Securities Private Limited,58,192.2,11147.6,2025-08-31T14:37:44.262995
2025-08-31,15009,2025083104012199,UPPER,Siprabi Securities Pvt. Ltd.,Opal Securities Investment (PVT) Ltd.,49,192.2,9417.8,2025-08-31T14:37:50.249786
2025-08-31,15008,2025083104012200,UPPER,Nepal Investment And Securities Trading Private Limited,Opal Securities Investment (PVT) Ltd.,100,192.2,19220.0,2025-08-31T14:37:50.250395
2025-08-31,15007,2025083104012201,UPPER,Opal Securities Investment (PVT) Ltd.,Opal Securities Investment (PVT) Ltd.,851,192.2,163562.2,2025-08-31T14:37:50.250778
2025-08-31,14906,2025083104012228,UPPER,Online Securities Pvt. Ltd.,Trisul Securities & Invt. Ltd.,40,192.3,7692.0,2025-08-31T14:38:08.02769
2025-08-31,14671,2025083104012262,UPPER,Opal Securities Investment (PVT) Ltd.,Agrawal Securities (PVT) Ltd.,49,192.2,9417.8,2025-08-31T14:38:33.967875
2025-08-31,14670,2025083104012263,UPPER,Kohinoor Investment & Securities Pvt. Ltd.,Agrawal Securities (PVT) Ltd.,100,192.1,19210.0,2025-08-31T14:38:33.969338
2025-08-31,14669,2025083104012264,UPPER,Imperial Securities Company Pvt. Ltd.,Agrawal Securities (PVT) Ltd.,51,192.1,9797.1,2025-08-31T14:38:33.970401
2025-08-31,14586,2025083104012288,UPPER,Imperial Securities Company Pvt. Ltd.,Oxford Securities Pvt. Ltd.,30,192.1,5763.0,2025-08-31T14:38:41.566372
2025-08-31,14537,2025083104012299,UPPER,Imperial Securities Company Pvt. Ltd.,Online Securities Pvt. Ltd.,60,192.1,11526.0,2025-08-31T14:38:50.585225
2025-08-31,14473,2025083104012309,UPPER,Imperial Securities Company Pvt. Ltd.,Trisul Securities & Invt. Ltd.,59,192.1,11333.9,2025-08-31T14:38:58.928471
2025-08-31,14472,2025083104012310,UPPER,Naasa Securities Co. Ltd.,Trisul Securities & Invt. Ltd.,200,192.1,38420.0,2025-08-31T14:38:58.929996
2025-08-31,14471,2025083104012311,UPPER,Online Securities Pvt. Ltd.,Trisul Securities & Invt. Ltd.,150,192.1,28815.0,2025-08-31T14:38:58.931121
2025-08-31,14470,2025083104012312,UPPER,Dakshinkali Investment & Securities Pvt. Ltd.,Trisul Securities & Invt. Ltd.,92,192.1,17673.2,2025-08-31T14:38:58.932207
2025-08-31,13978,2025083104012417,UPPER,Imperial Securities Company Pvt. Ltd.,Cristal Kanchanjanga Securites Pvt. Ltd.,250,192.3,48075.0,2025-08-31T14:40:06.476273
2025-08-31,13977,2025083104012418,UPPER,Imperial Securities Company Pvt. Ltd.,Sri Hari Securities Pvt. Ltd.,30,192.3,5769.0,2025-08-31T14:40:06.476972
2025-08-31,13394,2025083104012560,UPPER,Dakshinkali Investment & Securities Pvt. Ltd.,Dipshikha Dhitopatra Karobar Co. Pvt Ltd.,34,192.4,6541.6,2025-08-31T14:41:23.140343
2025-08-31,13085,2025083104012623,UPPER,Dakshinkali Investment & Securities Pvt. Ltd.,Dynamic Money Managers Securities Pvt. Ltd.,466,192.4,89658.4,2025-08-31T14:41:55.980005
2025-08-31,13061,2025083104012625,UPPER,Imperial Securities Company Pvt. Ltd.,Dipshikha Dhitopatra Karobar Co. Pvt Ltd.,34,192.3,6538.2,2025-08-31T14:41:59.504603
2025-08-31,12970,2025083104012634,UPPER,Imperial Securities Company Pvt. Ltd.,Primo Securities (PVT) Ltd.,70,192.3,13461.0,2025-08-31T14:42:09.068705
2025-08-31,12894,2025083104012639,UPPER,Imperial Securities Company Pvt. Ltd.,Naasa Securities Co. Ltd.,10,192.3,1923.0,2025-08-31T14:42:20.47301
2025-08-31,12887,2025083104012640,UPPER,Dakshinkali Investment & Securities Pvt. Ltd.,Dynamic Money Managers Securities Pvt. Ltd.,408,192.4,78499.2,2025-08-31T14:42:20.68907
2025-08-31,12852,2025083104012644,UPPER,Imperial Securities Company Pvt. Ltd.,Dipshikha Dhitopatra Karobar Co. Pvt Ltd.,24,192.3,4615.2,2025-08-31T14:42:24.016525
2025-08-31,12831,2025083104012647,UPPER,Imperial Securities Company Pvt. Ltd.,Primo Securities (PVT) Ltd.,10,192.3,1923.0,2025-08-31T14:42:27.142131
2025-08-31,12702,2025083104012663,UPPER,Imperial Securities Company Pvt. Ltd.,Dipshikha Dhitopatra Karobar Co. Pvt Ltd.,10,192.3,1923.0,2025-08-31T14:42:44.407698
2025-08-31,12653,2025083104012668,UPPER,Naasa Securities Co. Ltd.,Dynamic Money Managers Securities Pvt. Ltd.,20,192.4,3848.0,2025-08-31T14:42:52.654839
2025-08-31,12611,2025083104012675,UPPER,Imperial Securities Company Pvt. Ltd.,Thrive Brokerage House Pvt. Ltd,82,192.3,15768.6,2025-08-31T14:42:55.219566
2025-08-31,12610,2025083104012676,UPPER,Imperial Securities Company Pvt. Ltd.,Thrive Brokerage House Pvt. Ltd,55,192.3,10576.5,2025-08-31T14:42:55.22024
2025-08-31,12609,2025083104012677,UPPER,Neev Securities Pvt. Ltd.,Thrive Brokerage House Pvt. Ltd,250,192.2,48050.0,2025-08-31T14:42:55.220611
2025-08-31,12608,2025083104012678,UPPER,Oxford Securities Pvt. Ltd.,Thrive Brokerage House Pvt. Ltd,13,192.1,2497.3,2025-08-31T14:42:55.220999
2025-08-31,12341,2025083104012725,UPPER,Market Securities & Exchange (PVT) Ltd.,Dynamic Money Managers Securities Pvt. Ltd.,50,192.4,9620.0,2025-08-31T14:43:29.574073
2025-08-31,12173,2025083104012767,UPPER,Naasa Securities Co. Ltd.,Dynamic Money Managers Securities Pvt. Ltd.,10,192.4,1924.0,2025-08-31T14:43:47.753663
2025-08-31,11637,2025083104012873,UPPER,Trisul Securities & Invt. Ltd.,Sumeru Securities Pvt. Ltd.,80,192.2,15376.0,2025-08-31T14:44:52.912238
2025-08-31,11231,2025083104013052,UPPER,Trisul Securities & Invt. Ltd.,Imperial Securities Company Pvt. Ltd.,40,192.2,7688.0,2025-08-31T14:45:13.246326
2025-08-31,11026,2025083104013101,UPPER,Sani Securities Company Ltd.,Agrawal Securities (PVT) Ltd.,10,192.3,1923.0,2025-08-31T14:45:32.254554
2025-08-31,10975,2025083104013113,UPPER,Trisul Securities & Invt. Ltd.,Dipshikha Dhitopatra Karobar Co. Pvt Ltd.,350,192.2,67270.0,2025-08-31T14:45:38.273891
2025-08-31,10715,2025083104013162,UPPER,Trisul Securities & Invt. Ltd.,Arun Securities (PVT) Ltd.,30,192.2,5766.0,2025-08-31T14:46:02.835324
2025-08-31,10714,2025083104013163,UPPER,Sweta Securities Private Limited,Arun Securities (PVT) Ltd.,10,192.2,1922.0,2025-08-31T14:46:02.835903
2025-08-31,10713,2025083104013164,UPPER,Imperial Securities Company Pvt. Ltd.,Arun Securities (PVT) Ltd.,50,192.2,9610.0,2025-08-31T14:46:02.836257
2025-08-31,10562,2025083104013203,UPPER,Oxford Securities Pvt. Ltd.,Vision Securities Pvt. Ltd,12,192.1,2305.2,2025-08-31T14:46:17.604534
2025-08-31,10466,2025083104013215,UPPER,Imperial Securities Company Pvt. Ltd.,Arun Securities (PVT) Ltd.,50,192.2,9610.0,2025-08-31T14:46:33.426138
2025-08-31,10382,2025083104013232,UPPER,Oxford Securities Pvt. Ltd.,Imperial Securities Company Pvt. Ltd.,75,192.1,14407.5,2025-08-31T14:46:46.616923
2025-08-31,10381,2025083104013233,UPPER,Imperial Securities Company Pvt. Ltd.,Imperial Securities Company Pvt. Ltd.,65,192.1,12486.5,2025-08-31T14:46:46.618353
2025-08-31,10238,2025083104013241,UPPER,Sumeru Securities Pvt. Ltd.,Arun Securities (PVT) Ltd.,106,192.2,20373.2,2025-08-31T14:46:56.653246
2025-08-31,10210,2025083104013246,UPPER,Siprabi Securities Pvt. Ltd.,Arun Securities (PVT) Ltd.,75,192.2,14415.0,2025-08-31T14:47:00.651112
2025-08-31,10168,2025083104013268,UPPER,Imperial Securities Company Pvt. Ltd.,Trishakti Securities Public Limited,500,192.1,96050.0,2025-08-31T14:47:04.197637
2025-08-31,10007,2025083104013286,UPPER,Sani Securities Company Ltd.,Arun Securities (PVT) Ltd.,18,192.2,3459.6,2025-08-31T14:47:26.865032
2025-08-31,9988,2025083104013292,UPPER,Shree Krishna Securities Ltd.,Arun Securities (PVT) Ltd.,110,192.2,21142.0,2025-08-31T14:47:30.55004
2025-08-31,9537,2025083104013360,UPPER,Sewa Securities Pvt. Ltd.,Arun Securities (PVT) Ltd.,51,192.2,9802.2,2025-08-31T14:48:21.465483
2025-08-31,9536,2025083104013361,UPPER,Sewa Securities Pvt. Ltd.,Agrawal Securities (PVT) Ltd.,345,192.2,66309.0,2025-08-31T14:48:21.466917
2025-08-31,9525,2025083104013362,UPPER,Imperial Securities Company Pvt. Ltd.,Dakshinkali Investment & Securities Pvt. Ltd.,160,192.1,30736.0,2025-08-31T14:48:23.224914
2025-08-31,9153,2025083104013414,UPPER,Imperial Securities Company Pvt. Ltd.,Siprabi Securities Pvt. Ltd.,10,192.1,1921.0,2025-08-31T14:49:08.912681
2025-08-31,9112,2025083104013420,UPPER,Imperial Securities Company Pvt. Ltd.,Naasa Securities Co. Ltd.,170,192.1,32657.0,2025-08-31T14:49:14.339374
2025-08-31,8939,2025083104013446,UPPER,Siprabi Securities Pvt. Ltd.,Agrawal Securities (PVT) Ltd.,250,192.2,48050.0,2025-08-31T14:49:32.120396
2025-08-31,8778,2025083104013477,UPPER,Linch Stock Market Ltd.,Agrawal Securities (PVT) Ltd.,10,192.2,1922.0,2025-08-31T14:49:48.190012
2025-08-31,8709,2025083104013500,UPPER,Imperial Securities Company Pvt. Ltd.,Dipshikha Dhitopatra Karobar Co. Pvt Ltd.,35,192.1,6723.5,2025-08-31T14:49:54.239471
2025-08-31,8592,2025083104013522,UPPER,Imperial Securities Company Pvt. Ltd.,Sani Securities Company Ltd.,40,192.1,7684.0,2025-08-31T14:50:05.958442
2025-08-31,8412,2025083104013562,UPPER,Premier Securities Company Ltd.,Agrawal Securities (PVT) Ltd.,200,192.2,38440.0,2025-08-31T14:50:23.447433
2025-08-31,8404,2025083104013563,UPPER,Imperial Securities Company Pvt. Ltd.,Asian Securities Private Ltd.,20,192.1,3842.0,2025-08-31T14:50:24.577206
2025-08-31,8403,2025083104013564,UPPER,Naasa Securities Co. Ltd.,Asian Securities Private Ltd.,44,192.1,8452.4,2025-08-31T14:50:24.578611
2025-08-31,8169,2025083104013612,UPPER,Naasa Securities Co. Ltd.,Trishakti Securities Public Limited,50,192.1,9605.0,2025-08-31T14:50:48.913843
2025-08-31,7730,2025083104013705,UPPER,Naasa Securities Co. Ltd.,Dipshikha Dhitopatra Karobar Co. Pvt Ltd.,34,192.1,6531.4,2025-08-31T14:51:32.094114
2025-08-31,7729,2025083104013706,UPPER,Sewa Securities Pvt. Ltd.,Dipshikha Dhitopatra Karobar Co. Pvt Ltd.,20,192.1,3842.0,2025-08-31T14:51:32.095554
2025-08-31,7728,2025083104013707,UPPER,South Asian Bulls Pvt. Ltd.,Dipshikha Dhitopatra Karobar Co. Pvt Ltd.,60,192.1,11526.0,2025-08-31T14:51:32.096677
2025-08-31,7727,2025083104013708,UPPER,Kohinoor Investment & Securities Pvt. Ltd.,Dipshikha Dhitopatra Karobar Co. Pvt Ltd.,10,192.1,1921.0,2025-08-31T14:51:32.097781
2025-08-31,7726,2025083104013709,UPPER,Online Securities Pvt. Ltd.,Dipshikha Dhitopatra Karobar Co. Pvt Ltd.,76,192.1,14599.6,2025-08-31T14:51:32.098871
2025-08-31,7565,2025083104013747,UPPER,Kohinoor Investment & Securities Pvt. Ltd.,Agrawal Securities (PVT) Ltd.,50,192.2,9610.0,2025-08-31T14:51:48.499715
2025-08-31,7355,2025083104013804,UPPER,ABC Securities Private Limited,Agrawal Securities (PVT) Ltd.,100,192.2,19220.0,2025-08-31T14:52:04.116238
2025-08-31,7140,2025083104013863,UPPER,Online Securities Pvt. Ltd.,Vision Securities Pvt. Ltd,424,192.1,81450.4,2025-08-31T14:52:24.233275
2025-08-31,7139,2025083104013864,UPPER,Imperial Securities Company Pvt. Ltd.,Vision Securities Pvt. Ltd,1000,192.1,192100.0,2025-08-31T14:52:24.233959
2025-08-31,7138,2025083104013865,UPPER,Sani Securities Company Ltd.,Vision Securities Pvt. Ltd,76,192.1,14599.6,2025-08-31T14:52:24.234385
2025-08-31,7025,2025083104013888,UPPER,Sani Securities Company Ltd.,Sweta Securities Private Limited,24,192.1,4610.4,2025-08-31T14:52:34.215984
2025-08-31,7024,2025083104013889,UPPER,Kohinoor Investment & Securities Pvt. Ltd.,Sweta Securities Private Limited,76,192.1,14599.6,2025-08-31T14:52:34.217416
2025-08-31,6872,2025083104013904,UPPER,Kohinoor Investment & Securities Pvt. Ltd.,Dynamic Money Managers Securities Pvt. Ltd.,64,192.1,12294.4,2025-08-31T14:52:46.07685
2025-08-31,6871,2025083104013905,UPPER,Deevyaa Securities & Stock House Pvt. Ltd,Dynamic Money Managers Securities Pvt. Ltd.,336,192.1,64545.6,2025-08-31T14:52:46.077493
2025-08-31,6840,2025083104013907,UPPER,Deevyaa Securities & Stock House Pvt. Ltd,Sagarmatha Securities Private Limited,150,192.1,28815.0,2025-08-31T14:52:48.169977
2025-08-31,6743,2025083104013925,UPPER,Deevyaa Securities & Stock House Pvt. Ltd,J.F. Securites (PVT) Ltd.,12,192.1,2305.2,2025-08-31T14:52:57.850711
2025-08-31,6742,2025083104013926,UPPER,Online Securities Pvt. Ltd.,J.F. Securites (PVT) Ltd.,168,192.1,32272.8,2025-08-31T14:52:57.851341
2025-08-31,6134,2025083104014061,UPPER,Online Securities Pvt. Ltd.,Kohinoor Investment & Securities Pvt. Ltd.,332,192.1,63777.2,2025-08-31T14:53:55.480086
2025-08-31,6133,2025083104014062,UPPER,Secured Securities Ltd.,Kohinoor Investment & Securities Pvt. Ltd.,100,192.1,19210.0,2025-08-31T14:53:55.480786
2025-08-31,6060,2025083104014076,UPPER,SHUBHAKAMANA SECURITIES PVT. LTD,Aryatara Investment & Securities,100,192.0,19200.0,2025-08-31T14:54:03.463242
2025-08-31,6056,2025083104014077,UPPER,Sundhara Securities Limited,Kohinoor Investment & Securities Pvt. Ltd.,100,192.1,19210.0,2025-08-31T14:54:03.879205
2025-08-31,6009,2025083104014092,UPPER,SHUBHAKAMANA SECURITIES PVT. LTD,Trishakti Securities Public Limited,500,192.0,96000.0,2025-08-31T14:54:07.683598
2025-08-31,5932,2025083104014106,UPPER,SHUBHAKAMANA SECURITIES PVT. LTD,Vision Securities Pvt. Ltd,350,192.0,67200.0,2025-08-31T14:54:14.816066
2025-08-31,5821,2025083104014129,UPPER,SHUBHAKAMANA SECURITIES PVT. LTD,Aryatara Investment & Securities,1266,192.0,243072.0,2025-08-31T14:54:26.739841
2025-08-31,5820,2025083104014130,UPPER,Dakshinkali Investment & Securities Pvt. Ltd.,Aryatara Investment & Securities,25,192.0,4800.0,2025-08-31T14:54:26.740456
2025-08-31,5819,2025083104014131,UPPER,ABC Securities Private Limited,Aryatara Investment & Securities,100,192.0,19200.0,2025-08-31T14:54:26.740844
2025-08-31,5818,2025083104014132,UPPER,Sundhara Securities Limited,Aryatara Investment & Securities,25,192.0,4800.0,2025-08-31T14:54:26.741206
2025-08-31,5817,2025083104014133,UPPER,Bhrikuti Stock Broking Co. Pvt. Ltd.,Aryatara Investment & Securities,28,192.0,5376.0,2025-08-31T14:54:26.741584
2025-08-31,5816,2025083104014134,UPPER,Creative Securities Pvt Ltd,Aryatara Investment & Securities,50,192.0,9600.0,2025-08-31T14:54:26.741949
2025-08-31,5815,2025083104014135,UPPER,Naasa Securities Co. Ltd.,Aryatara Investment & Securities,500,192.0,96000.0,2025-08-31T14:54:26.74231
2025-08-31,5814,2025083104014136,UPPER,Dipshikha Dhitopatra Karobar Co. Pvt Ltd.,Aryatara Investment & Securities,14,192.0,2688.0,2025-08-31T14:54:26.742673
2025-08-31,5687,2025083104014164,UPPER,Dipshikha Dhitopatra Karobar Co. Pvt Ltd.,J.F. Securites (PVT) Ltd.,30,192.0,5760.0,2025-08-31T14:54:41.65777
2025-08-31,5442,2025083104014218,UPPER,Dipshikha Dhitopatra Karobar Co. Pvt Ltd.,Agrawal Securities (PVT) Ltd.,35,192.0,6720.0,2025-08-31T14:55:05.166726
2025-08-31,5423,2025083104014222,UPPER,Midas Stock Broking Company Private Limited,Kohinoor Investment & Securities Pvt. Ltd.,100,192.1,19210.0,2025-08-31T14:55:07.234627
2025-08-31,5356,2025083104014233,UPPER,Aryatara Investment & Securities,Kohinoor Investment & Securities Pvt. Ltd.,300,192.1,57630.0,2025-08-31T14:55:11.463064
2025-08-31,5352,2025083104014234,UPPER,Dipshikha Dhitopatra Karobar Co. Pvt Ltd.,Sundhara Securities Limited,21,192.0,4032.0,2025-08-31T14:55:12.282458
2025-08-31,5351,2025083104014235,UPPER,Naasa Securities Co. Ltd.,Sundhara Securities Limited,130,192.0,24960.0,2025-08-31T14:55:12.283062
2025-08-31,5350,2025083104014236,UPPER,Sewa Securities Pvt. Ltd.,Sundhara Securities Limited,200,192.0,38400.0,2025-08-31T14:55:12.283429
2025-08-31,5349,2025083104014237,UPPER,Naasa Securities Co. Ltd.,Sundhara Securities Limited,300,192.0,57600.0,2025-08-31T14:55:12.283784
2025-08-31,5348,2025083104014238,UPPER,Thrive Brokerage House Pvt. Ltd,Sundhara Securities Limited,30,192.0,5760.0,2025-08-31T14:55:12.28414
2025-08-31,5347,2025083104014239,UPPER,Market Securities & Exchange (PVT) Ltd.,Sundhara Securities Limited,100,192.0,19200.0,2025-08-31T14:55:12.284498
2025-08-31,5346,2025083104014240,UPPER,Naasa Securities Co. Ltd.,Sundhara Securities Limited,218,192.0,41856.0,2025-08-31T14:55:12.284851
2025-08-31,5165,2025083104014279,UPPER,Bhrikuti Stock Broking Co. Pvt. Ltd.,Kohinoor Investment & Securities Pvt. Ltd.,568,192.1,109112.8,2025-08-31T14:55:27.034469
2025-08-31,5143,2025083104014282,UPPER,Bhrikuti Stock Broking Co. Pvt. Ltd.,Bhrikuti Stock Broking Co. Pvt. Ltd.,50,192.1,9605.0,2025-08-31T14:55:29.071915
2025-08-31,5107,2025083104014291,UPPER,Bhrikuti Stock Broking Co. Pvt. Ltd.,Malla & Malla Stock Broking Company Pvt. Limited,382,192.1,73382.2,2025-08-31T14:55:32.805476
2025-08-31,5106,2025083104014292,UPPER,Trisul Securities & Invt. Ltd.,Malla & Malla Stock Broking Company Pvt. Limited,168,192.0,32256.0,2025-08-31T14:55:32.806134
2025-08-31,5096,2025083104014294,UPPER,Opal Securities Investment (PVT) Ltd.,Opal Securities Investment (PVT) Ltd.,500,192.2,96100.0,2025-08-31T14:55:33.945618
2025-08-31,4217,2025083104014409,UPPER,Opal Securities Investment (PVT) Ltd.,Aryatara Investment & Securities,35,192.2,6727.0,2025-08-31T14:56:26.641879
2025-08-31,4216,2025083104014410,UPPER,Neev Securities Pvt. Ltd.,Aryatara Investment & Securities,10,192.1,1921.0,2025-08-31T14:56:26.643304
2025-08-31,4215,2025083104014411,UPPER,Kohinoor Investment & Securities Pvt. Ltd.,Aryatara Investment & Securities,50,192.1,9605.0,2025-08-31T14:56:26.644488
2025-08-31,3615,2025083104014590,UPPER,Sani Securities Company Ltd.,J.F. Securites (PVT) Ltd.,30,192.1,5763.0,2025-08-31T14:57:04.663732
2025-08-31,3336,2025083104014650,UPPER,Sani Securities Company Ltd.,Kumari Securities Private Limited,100,192.1,19210.0,2025-08-31T14:57:21.615613
2025-08-31,2746,2025083104014789,UPPER,Ashutosh Brokerage & Securities (PVT) Ltd.,Siprabi Securities Pvt. Ltd.,30,192.2,5766.0,2025-08-31T14:57:57.157488
2025-08-31,2601,2025083104014820,UPPER,Ashutosh Brokerage & Securities (PVT) Ltd.,Sani Securities Company Ltd.,70,192.2,13454.0,2025-08-31T14:58:05.569718
2025-08-31,2600,2025083104014821,UPPER,Vision Securities Pvt. Ltd,Sani Securities Company Ltd.,30,192.2,5766.0,2025-08-31T14:58:05.571024
2025-08-31,2599,2025083104014822,UPPER,Premier Securities Company Ltd.,Sani Securities Company Ltd.,10,192.2,1922.0,2025-08-31T14:58:05.572067
2025-08-31,2598,2025083104014823,UPPER,Dynamic Money Managers Securities Pvt. Ltd.,Sani Securities Company Ltd.,500,192.2,96100.0,2025-08-31T14:58:05.573108
2025-08-31,2597,2025083104014824,UPPER,Dipshikha Dhitopatra Karobar Co. Pvt Ltd.,Sani Securities Company Ltd.,100,192.2,19220.0,2025-08-31T14:58:05.574147
2025-08-31,2596,2025083104014825,UPPER,Sani Securities Company Ltd.,Sani Securities Company Ltd.,70,192.1,13447.0,2025-08-31T14:58:05.575191
2025-08-31,2595,2025083104014826,UPPER,Vision Securities Pvt. Ltd,Sani Securities Company Ltd.,36,192.1,6915.6,2025-08-31T14:58:05.576242
2025-08-31,2594,2025083104014827,UPPER,Vision Securities Pvt. Ltd,Sani Securities Company Ltd.,184,192.1,35346.4,2025-08-31T14:58:05.577295
2025-08-31,2483,2025083104014848,UPPER,Kalika Securities Pvt. Ltd.,Dynamic Money Managers Securities Pvt. Ltd.,28,192.4,5387.2,2025-08-31T14:58:13.538673
2025-08-31,2354,2025083104014870,UPPER,Aryatara Investment & Securities,Dynamic Money Managers Securities Pvt. Ltd.,18,192.4,3463.2,2025-08-31T14:58:21.277576
2025-08-31,2353,2025083104014871,UPPER,Aryatara Investment & Securities,Dipshikha Dhitopatra Karobar Co. Pvt Ltd.,32,192.4,6156.8,2025-08-31T14:58:21.278187
2025-08-31,1941,2025083104014944,UPPER,Aryatara Investment & Securities,Dipshikha Dhitopatra Karobar Co. Pvt Ltd.,168,192.2,32289.6,2025-08-31T14:58:44.035666
2025-08-31,1747,2025083104014977,UPPER,Aryatara Investment & Securities,Thrive Brokerage House Pvt. Ltd,24,192.4,4617.6,2025-08-31T14:58:55.945595
2025-08-31,1567,2025083104014999,UPPER,Online Securities Pvt. Ltd.,Thrive Brokerage House Pvt. Ltd,108,192.4,20779.2,2025-08-31T14:59:04.506444
2025-08-31,1469,2025083104015041,UPPER,Bhrikuti Stock Broking Co. Pvt. Ltd.,Siprabi Securities Pvt. Ltd.,600,192.3,115380.0,2025-08-31T14:59:10.01975
2025-08-31,1370,2025083104015057,UPPER,Sundhara Securities Limited,Sundhara Securities Limited,1,192.0,192.0,2025-08-31T14:59:13.90724
2025-08-31,1319,2025083104015059,UPPER,Sewa Securities Pvt. Ltd.,Thrive Brokerage House Pvt. Ltd,250,192.4,48100.0,2025-08-31T14:59:15.640512
2025-08-31,952,2025083104015104,UPPER,Bhrikuti Stock Broking Co. Pvt. Ltd.,Thrive Brokerage House Pvt. Ltd,400,192.3,76920.0,2025-08-31T14:59:25.474431
2025-08-31,919,2025083104015107,UPPER,Vision Securities Pvt. Ltd,Thrive Brokerage House Pvt. Ltd,100,192.3,19230.0,2025-08-31T14:59:26.57438
2025-08-31,653,2025083104015180,UPPER,Aryatara Investment & Securities,Aryatara Investment & Securities,332,192.2,63810.4,2025-08-31T14:59:36.608755
2025-08-31,652,2025083104015181,UPPER,Asian Securities Private Ltd.,Aryatara Investment & Securities,500,192.2,96100.0,2025-08-31T14:59:36.60936
2025-08-31,651,2025083104015182,UPPER,Premier Securities Company Ltd.,Aryatara Investment & Securities,50,192.2,9610.0,2025-08-31T14:59:36.60973
2025-08-31,650,2025083104015183,UPPER,Vision Securities Pvt. Ltd,Aryatara Investment & Securities,366,192.1,70308.6,2025-08-31T14:59:36.610072
2025-08-31,649,2025083104015184,UPPER,Dipshikha Dhitopatra Karobar Co. Pvt Ltd.,Aryatara Investment & Securities,752,192.1,144459.2,2025-08-31T14:59:36.61042
2025-08-31,505,2025083104015222,UPPER,Linch Stock Market Ltd.,Thrive Brokerage House Pvt. Ltd,200,192.3,38460.0,2025-08-31T14:59:44.389054
2025-08-31,465,2025083104015239,UPPER,Naasa Securities Co. Ltd.,Thrive Brokerage House Pvt. Ltd,247,192.3,47498.1,2025-08-31T14:59:45.242123
