Date,S.N.,Contract ID,Symbol,Buyer Broker,Seller Broker,quantity,rate,amount,transaction_time
2025-08-04,147672,2025080403000062,MFIL,Bhrikuti Stock Broking Co. Pvt. Ltd.,KALASH STOCK MARKET PVT. LTD.,300,717.0,215100.0,2025-08-04 11:02:02.028701
2025-08-04,147671,2025080403000063,MFIL,Bhrikuti Stock Broking Co. Pvt. Ltd.,Elite Stock House Limited,200,717.9,143580.0,2025-08-04 11:02:02.028770
2025-08-04,147670,2025080403000064,MFIL,Bhrikuti Stock Broking Co. Pvt. Ltd.,Investment Management Nepal Pvt. Ltd.,2000,718.0,1436000.0,2025-08-04 11:02:02.028812
2025-08-04,147669,2025080403000065,MFIL,Bhrikuti Stock Broking Co. Pvt. Ltd.,Trisul Securities & Invt. Ltd.,150,718.0,107700.0,2025-08-04 11:02:02.028836
2025-08-04,147668,2025080403000066,MFIL,Bhrikuti Stock Broking Co. Pvt. Ltd.,Hatemalo Financial Services Private Limited,300,718.5,215550.0,2025-08-04 11:02:02.028859
2025-08-04,147667,2025080403000067,MFIL,Bhrikuti Stock Broking Co. Pvt. Ltd.,Hatemalo Financial Services Private Limited,50,718.5,35925.0,2025-08-04 11:02:02.028876
2025-08-04,142934,2025080403000314,MFIL,Bhrikuti Stock Broking Co. Pvt. Ltd.,Nepal Stock House (PVT) Ltd.,220,714.0,157080.0,2025-08-04 11:06:01.461215
2025-08-04,142933,2025080403000315,MFIL,Bhrikuti Stock Broking Co. Pvt. Ltd.,Naasa Securities Co. Ltd.,780,715.0,557700.0,2025-08-04 11:06:01.461285
2025-08-04,142004,2025080403000381,MFIL,Dynamic Money Managers Securities Pvt. Ltd.,Naasa Securities Co. Ltd.,220,715.0,157300.0,2025-08-04 11:06:47.154626
2025-08-04,142003,2025080403000382,MFIL,Dynamic Money Managers Securities Pvt. Ltd.,Primo Securities (PVT) Ltd.,100,715.0,71500.0,2025-08-04 11:06:47.154716
2025-08-04,139816,2025080403000520,MFIL,Agrawal Securities (PVT) Ltd.,Dynamic Money Managers Securities Pvt. Ltd.,60,716.0,42960.0,2025-08-04 11:08:38.963271
2025-08-04,139815,2025080403000521,MFIL,Agrawal Securities (PVT) Ltd.,Arun Securities (PVT) Ltd.,190,716.0,136040.0,2025-08-04 11:08:38.963369
2025-08-04,139141,2025080403000575,MFIL,Dynamic Money Managers Securities Pvt. Ltd.,Dakshinkali Investment & Securities Pvt. Ltd.,200,715.0,143000.0,2025-08-04 11:09:12.150546
2025-08-04,137805,2025080403000713,MFIL,Bhrikuti Stock Broking Co. Pvt. Ltd.,Online Securities Pvt. Ltd.,25,714.0,17850.0,2025-08-04 11:10:23.337770
2025-08-04,137804,2025080403000714,MFIL,Bhrikuti Stock Broking Co. Pvt. Ltd.,Naasa Securities Co. Ltd.,1000,714.0,714000.0,2025-08-04 11:10:23.337808
2025-08-04,137803,2025080403000715,MFIL,Bhrikuti Stock Broking Co. Pvt. Ltd.,Arun Securities (PVT) Ltd.,810,714.9,579069.0,2025-08-04 11:10:23.337835
2025-08-04,137802,2025080403000716,MFIL,Bhrikuti Stock Broking Co. Pvt. Ltd.,Dakshinkali Investment & Securities Pvt. Ltd.,665,715.0,475475.0,2025-08-04 11:10:23.337861
2025-08-04,135454,2025080403000909,MFIL,Bhrikuti Stock Broking Co. Pvt. Ltd.,Dakshinkali Investment & Securities Pvt. Ltd.,200,714.0,142800.0,2025-08-04 11:12:22.093830
2025-08-04,135453,2025080403000910,MFIL,Bhrikuti Stock Broking Co. Pvt. Ltd.,Dakshinkali Investment & Securities Pvt. Ltd.,85,715.0,60775.0,2025-08-04 11:12:22.093877
2025-08-04,135452,2025080403000911,MFIL,Bhrikuti Stock Broking Co. Pvt. Ltd.,Imperial Securities Company Pvt. Ltd.,500,715.0,357500.0,2025-08-04 11:12:22.093915
2025-08-04,135451,2025080403000912,MFIL,Bhrikuti Stock Broking Co. Pvt. Ltd.,Linch Stock Market Ltd.,15,715.0,10725.0,2025-08-04 11:12:22.093938
2025-08-04,133594,2025080403001049,MFIL,Bhrikuti Stock Broking Co. Pvt. Ltd.,Kohinoor Investment & Securities Pvt. Ltd.,100,712.0,71200.0,2025-08-04 11:13:41.322818
2025-08-04,133593,2025080403001050,MFIL,Bhrikuti Stock Broking Co. Pvt. Ltd.,South Asian Bulls Pvt. Ltd.,400,714.0,285600.0,2025-08-04 11:13:41.322856
2025-08-04,132972,2025080403001092,MFIL,Bhrikuti Stock Broking Co. Pvt. Ltd.,Aakashbhairab Securities Ltd.,500,714.0,357000.0,2025-08-04 11:14:04.753743
2025-08-04,132061,2025080403001159,MFIL,Bhrikuti Stock Broking Co. Pvt. Ltd.,Online Securities Pvt. Ltd.,25,714.9,17872.5,2025-08-04 11:14:40.445775
2025-08-04,132060,2025080403001160,MFIL,Bhrikuti Stock Broking Co. Pvt. Ltd.,Neev Securities Pvt. Ltd.,250,714.9,178725.0,2025-08-04 11:14:40.445827
2025-08-04,132059,2025080403001161,MFIL,Bhrikuti Stock Broking Co. Pvt. Ltd.,Thrive Brokerage House Pvt. Ltd,85,714.9,60766.5,2025-08-04 11:14:40.445849
2025-08-04,132058,2025080403001162,MFIL,Bhrikuti Stock Broking Co. Pvt. Ltd.,Linch Stock Market Ltd.,185,715.0,132275.0,2025-08-04 11:14:40.445875
2025-08-04,132057,2025080403001163,MFIL,Bhrikuti Stock Broking Co. Pvt. Ltd.,Imperial Securities Company Pvt. Ltd.,100,715.0,71500.0,2025-08-04 11:14:40.445911
2025-08-04,132056,2025080403001164,MFIL,Bhrikuti Stock Broking Co. Pvt. Ltd.,J.F. Securites (PVT) Ltd.,55,715.0,39325.0,2025-08-04 11:14:40.445934
2025-08-04,131789,2025080403001180,MFIL,Agrawal Securities (PVT) Ltd.,Premier Securities Company Ltd.,250,709.0,177250.0,2025-08-04 11:14:53.292240
2025-08-04,131039,2025080403001218,MFIL,Vision Securities Pvt. Ltd,Linch Stock Market Ltd.,249,709.0,176541.0,2025-08-04 11:15:30.028237
2025-08-04,130282,2025080403001276,MFIL,Vision Securities Pvt. Ltd,Kumari Securities Private Limited,51,709.0,36159.0,2025-08-04 11:16:08.452823
2025-08-04,129886,2025080403001303,MFIL,Bhrikuti Stock Broking Co. Pvt. Ltd.,Kumari Securities Private Limited,49,709.0,34741.0,2025-08-04 11:16:26.794329
2025-08-04,129885,2025080403001304,MFIL,Bhrikuti Stock Broking Co. Pvt. Ltd.,Asian Securities Private Ltd.,50,710.0,35500.0,2025-08-04 11:16:26.794439
2025-08-04,129884,2025080403001305,MFIL,Bhrikuti Stock Broking Co. Pvt. Ltd.,Naasa Securities Co. Ltd.,300,713.0,213900.0,2025-08-04 11:16:26.794482
2025-08-04,129883,2025080403001306,MFIL,Bhrikuti Stock Broking Co. Pvt. Ltd.,Secured Securities Ltd.,300,713.0,213900.0,2025-08-04 11:16:26.794519
2025-08-04,129882,2025080403001307,MFIL,Bhrikuti Stock Broking Co. Pvt. Ltd.,Vision Securities Pvt. Ltd,100,714.0,71400.0,2025-08-04 11:16:26.794557
2025-08-04,129881,2025080403001308,MFIL,Bhrikuti Stock Broking Co. Pvt. Ltd.,Sani Securities Company Ltd.,201,714.5,143614.5,2025-08-04 11:16:26.794598
2025-08-04,129357,2025080403001345,MFIL,Dynamic Money Managers Securities Pvt. Ltd.,Secured Securities Ltd.,500,708.0,354000.0,2025-08-04 11:16:49.421172
2025-08-04,128845,2025080403001387,MFIL,Bhrikuti Stock Broking Co. Pvt. Ltd.,Sani Securities Company Ltd.,200,714.5,142900.0,2025-08-04 11:17:17.288359
2025-08-04,128400,2025080403001415,MFIL,Bhrikuti Stock Broking Co. Pvt. Ltd.,Sani Securities Company Ltd.,99,714.5,70735.5,2025-08-04 11:17:44.660038
2025-08-04,128399,2025080403001416,MFIL,Bhrikuti Stock Broking Co. Pvt. Ltd.,Naasa Securities Co. Ltd.,101,714.5,72164.5,2025-08-04 11:17:44.660077
2025-08-04,128066,2025080403001430,MFIL,Bhrikuti Stock Broking Co. Pvt. Ltd.,Kumari Securities Private Limited,75,714.0,53550.0,2025-08-04 11:17:59.175820
2025-08-04,128065,2025080403001431,MFIL,Bhrikuti Stock Broking Co. Pvt. Ltd.,Naasa Securities Co. Ltd.,19,714.5,13575.5,2025-08-04 11:17:59.175917
2025-08-04,128064,2025080403001432,MFIL,Bhrikuti Stock Broking Co. Pvt. Ltd.,J.F. Securites (PVT) Ltd.,45,715.0,32175.0,2025-08-04 11:17:59.176005
2025-08-04,128063,2025080403001433,MFIL,Bhrikuti Stock Broking Co. Pvt. Ltd.,Secured Securities Ltd.,45,715.0,32175.0,2025-08-04 11:17:59.176102
2025-08-04,128062,2025080403001434,MFIL,Bhrikuti Stock Broking Co. Pvt. Ltd.,Imperial Securities Company Pvt. Ltd.,200,715.0,143000.0,2025-08-04 11:17:59.176172
2025-08-04,128061,2025080403001435,MFIL,Bhrikuti Stock Broking Co. Pvt. Ltd.,Dynamic Money Managers Securities Pvt. Ltd.,16,715.0,11440.0,2025-08-04 11:17:59.176241
2025-08-04,127869,2025080403001439,MFIL,Bhrikuti Stock Broking Co. Pvt. Ltd.,Dynamic Money Managers Securities Pvt. Ltd.,184,715.0,131560.0,2025-08-04 11:18:09.383169
2025-08-04,127868,2025080403001440,MFIL,Bhrikuti Stock Broking Co. Pvt. Ltd.,South Asian Bulls Pvt. Ltd.,100,715.0,71500.0,2025-08-04 11:18:09.383229
2025-08-04,127867,2025080403001441,MFIL,Bhrikuti Stock Broking Co. Pvt. Ltd.,Dipshikha Dhitopatra Karobar Co. Pvt Ltd.,50,716.0,35800.0,2025-08-04 11:18:09.383258
2025-08-04,127866,2025080403001442,MFIL,Bhrikuti Stock Broking Co. Pvt. Ltd.,Naasa Securities Co. Ltd.,50,716.0,35800.0,2025-08-04 11:18:09.383282
2025-08-04,127865,2025080403001443,MFIL,Bhrikuti Stock Broking Co. Pvt. Ltd.,Dynamic Money Managers Securities Pvt. Ltd.,100,716.0,71600.0,2025-08-04 11:18:09.383303
2025-08-04,127864,2025080403001444,MFIL,Bhrikuti Stock Broking Co. Pvt. Ltd.,Secured Securities Ltd.,300,717.5,215250.0,2025-08-04 11:18:09.383326
2025-08-04,127863,2025080403001445,MFIL,Bhrikuti Stock Broking Co. Pvt. Ltd.,Trishakti Securities Public Limited,216,717.5,154980.0,2025-08-04 11:18:09.383376
2025-08-04,127029,2025080403001511,MFIL,Bhrikuti Stock Broking Co. Pvt. Ltd.,South Asian Bulls Pvt. Ltd.,10,716.0,7160.0,2025-08-04 11:18:51.885554
2025-08-04,127028,2025080403001512,MFIL,Bhrikuti Stock Broking Co. Pvt. Ltd.,Investment Management Nepal Pvt. Ltd.,190,717.0,136230.0,2025-08-04 11:18:51.885597
2025-08-04,124582,2025080403001687,MFIL,Trishakti Securities Public Limited,Asian Securities Private Ltd.,100,714.0,71400.0,2025-08-04 11:21:15.869232
2025-08-04,124581,2025080403001688,MFIL,Trishakti Securities Public Limited,Trishakti Securities Public Limited,10,715.0,7150.0,2025-08-04 11:21:15.869321
2025-08-04,124580,2025080403001689,MFIL,Trishakti Securities Public Limited,Dipshikha Dhitopatra Karobar Co. Pvt Ltd.,150,715.0,107250.0,2025-08-04 11:21:15.869362
2025-08-04,124579,2025080403001690,MFIL,Trishakti Securities Public Limited,Nepal Stock House (PVT) Ltd.,100,715.0,71500.0,2025-08-04 11:21:15.869399
2025-08-04,124164,2025080403001709,MFIL,Trishakti Securities Public Limited,Asian Securities Private Ltd.,100,714.0,71400.0,2025-08-04 11:21:39.239570
2025-08-04,123332,2025080403001756,MFIL,Trishakti Securities Public Limited,Imperial Securities Company Pvt. Ltd.,195,714.0,139230.0,2025-08-04 11:22:19.820532
2025-08-04,122544,2025080403001833,MFIL,Trishakti Securities Public Limited,Nepal Stock House (PVT) Ltd.,100,715.0,71500.0,2025-08-04 11:23:04.489823
2025-08-04,122543,2025080403001834,MFIL,Trishakti Securities Public Limited,Asian Securities Private Ltd.,100,715.0,71500.0,2025-08-04 11:23:04.489919
2025-08-04,122542,2025080403001835,MFIL,Trishakti Securities Public Limited,Sweta Securities Private Limited,25,715.0,17875.0,2025-08-04 11:23:04.489975
2025-08-04,122541,2025080403001836,MFIL,Trishakti Securities Public Limited,Asian Securities Private Ltd.,100,715.0,71500.0,2025-08-04 11:23:04.490020
2025-08-04,122540,2025080403001837,MFIL,Trishakti Securities Public Limited,Asian Securities Private Ltd.,100,715.0,71500.0,2025-08-04 11:23:04.490073
2025-08-04,122319,2025080403001849,MFIL,Midas Stock Broking Company Private Limited,Naasa Securities Co. Ltd.,10,708.0,7080.0,2025-08-04 11:23:20.383423
2025-08-04,122103,2025080403001870,MFIL,Midas Stock Broking Company Private Limited,Secured Securities Ltd.,90,708.0,63720.0,2025-08-04 11:23:33.139873
2025-08-04,120856,2025080403001975,MFIL,Trishakti Securities Public Limited,Secured Securities Ltd.,10,708.0,7080.0,2025-08-04 11:24:51.563992
2025-08-04,118766,2025080403002073,MFIL,Arun Securities (PVT) Ltd.,Nepal Investment And Securities Trading Private Limited,150,713.9,107085.0,2025-08-04 11:26:46.395016
2025-08-04,118765,2025080403002074,MFIL,Arun Securities (PVT) Ltd.,Online Securities Pvt. Ltd.,100,714.0,71400.0,2025-08-04 11:26:46.395288
2025-08-04,118764,2025080403002075,MFIL,Arun Securities (PVT) Ltd.,Dipshikha Dhitopatra Karobar Co. Pvt Ltd.,250,714.8,178700.0,2025-08-04 11:26:46.395441
2025-08-04,117325,2025080403002179,MFIL,Trishakti Securities Public Limited,Online Securities Pvt. Ltd.,25,714.0,17850.0,2025-08-04 11:28:11.134136
2025-08-04,117287,2025080403002183,MFIL,Trishakti Securities Public Limited,Dipshikha Dhitopatra Karobar Co. Pvt Ltd.,50,714.0,35700.0,2025-08-04 11:28:14.321488
2025-08-04,117132,2025080403002193,MFIL,Trishakti Securities Public Limited,Online Securities Pvt. Ltd.,25,714.0,17850.0,2025-08-04 11:28:25.610037
2025-08-04,117059,2025080403002196,MFIL,Trishakti Securities Public Limited,Dipshikha Dhitopatra Karobar Co. Pvt Ltd.,20,714.0,14280.0,2025-08-04 11:28:28.542941
2025-08-04,116699,2025080403002221,MFIL,Neev Securities Pvt. Ltd.,Dipshikha Dhitopatra Karobar Co. Pvt Ltd.,20,714.1,14282.0,2025-08-04 11:28:52.070998
2025-08-04,116691,2025080403002222,MFIL,Neev Securities Pvt. Ltd.,Nepal Stock House (PVT) Ltd.,100,714.1,71410.0,2025-08-04 11:28:52.591067
2025-08-04,116274,2025080403002263,MFIL,Neev Securities Pvt. Ltd.,Dipshikha Dhitopatra Karobar Co. Pvt Ltd.,10,714.1,7141.0,2025-08-04 11:29:20.408750
2025-08-04,116232,2025080403002265,MFIL,Capital Max Securities Ltd,Asian Securities Private Ltd.,100,715.0,71500.0,2025-08-04 11:29:23.748291
2025-08-04,116231,2025080403002266,MFIL,Capital Max Securities Ltd,Kumari Securities Private Limited,65,715.0,46475.0,2025-08-04 11:29:23.748425
2025-08-04,116230,2025080403002267,MFIL,Capital Max Securities Ltd,Dipshikha Dhitopatra Karobar Co. Pvt Ltd.,335,715.0,239525.0,2025-08-04 11:29:23.748491
2025-08-04,115059,2025080403002390,MFIL,Neev Securities Pvt. Ltd.,Dakshinkali Investment & Securities Pvt. Ltd.,370,714.1,264217.0,2025-08-04 11:30:43.695128
2025-08-04,115058,2025080403002391,MFIL,Trishakti Securities Public Limited,Dakshinkali Investment & Securities Pvt. Ltd.,109,714.0,77826.0,2025-08-04 11:30:43.695239
2025-08-04,112518,2025080403002564,MFIL,Trishakti Securities Public Limited,Sani Securities Company Ltd.,21,714.0,14994.0,2025-08-04 11:33:17.467394
2025-08-04,112178,2025080403002587,MFIL,Agrawal Securities (PVT) Ltd.,Capital Max Securities Ltd,10,708.0,7080.0,2025-08-04 11:33:34.028520
2025-08-04,112177,2025080403002588,MFIL,Trishakti Securities Public Limited,Capital Max Securities Ltd,100,708.0,70800.0,2025-08-04 11:33:34.028655
2025-08-04,112176,2025080403002589,MFIL,Sani Securities Company Ltd.,Capital Max Securities Ltd,100,707.1,70710.0,2025-08-04 11:33:34.028715
2025-08-04,112175,2025080403002590,MFIL,Citizens Share Broker Limited,Capital Max Securities Ltd,90,707.0,63630.0,2025-08-04 11:33:34.028766
2025-08-04,111378,2025080403002639,MFIL,Citizens Share Broker Limited,SHUBHAKAMANA SECURITIES PVT. LTD,10,707.0,7070.0,2025-08-04 11:34:10.283494
2025-08-04,110760,2025080403002659,MFIL,Arun Securities (PVT) Ltd.,Vision Securities Pvt. Ltd,280,710.0,198800.0,2025-08-04 11:34:43.340557
2025-08-04,109465,2025080403002740,MFIL,Citizens Share Broker Limited,ABC Securities Private Limited,30,707.0,21210.0,2025-08-04 11:35:52.461714
2025-08-04,109115,2025080403002762,MFIL,Sanima Securities Limited,Capital Max Securities Ltd,100,709.0,70900.0,2025-08-04 11:36:10.031899
2025-08-04,108668,2025080403002790,MFIL,Capital Max Securities Ltd,Capital Max Securities Ltd,200,709.0,141800.0,2025-08-04 11:36:36.046038
2025-08-04,108667,2025080403002791,MFIL,Capital Max Securities Ltd,Vision Securities Pvt. Ltd,720,710.0,511200.0,2025-08-04 11:36:36.046157
2025-08-04,108666,2025080403002792,MFIL,Capital Max Securities Ltd,Online Securities Pvt. Ltd.,80,710.0,56800.0,2025-08-04 11:36:36.046211
2025-08-04,108118,2025080403002829,MFIL,Capital Max Securities Ltd,Online Securities Pvt. Ltd.,300,710.0,213000.0,2025-08-04 11:37:03.152637
2025-08-04,105668,2025080403003026,MFIL,Vision Securities Pvt. Ltd,Online Securities Pvt. Ltd.,20,710.0,14200.0,2025-08-04 11:39:12.585885
2025-08-04,105667,2025080403003027,MFIL,Vision Securities Pvt. Ltd,Capital Max Securities Ltd,300,710.0,213000.0,2025-08-04 11:39:12.585999
2025-08-04,103689,2025080403003226,MFIL,Vision Securities Pvt. Ltd,Aryatara Investment & Securities,80,710.0,56800.0,2025-08-04 11:41:26.862234
2025-08-04,101306,2025080403003475,MFIL,Midas Stock Broking Company Private Limited,Bhrikuti Stock Broking Co. Pvt. Ltd.,600,710.0,426000.0,2025-08-04 11:45:12.250159
2025-08-04,100906,2025080403003521,MFIL,Trishakti Securities Public Limited,Bhrikuti Stock Broking Co. Pvt. Ltd.,263,710.0,186730.0,2025-08-04 11:45:54.345077
2025-08-04,100905,2025080403003522,MFIL,Trishakti Securities Public Limited,Online Securities Pvt. Ltd.,137,710.0,97270.0,2025-08-04 11:45:54.345329
2025-08-04,100447,2025080403003556,MFIL,Vision Securities Pvt. Ltd,Online Securities Pvt. Ltd.,63,710.0,44730.0,2025-08-04 11:46:19.763319
2025-08-04,100446,2025080403003557,MFIL,Vision Securities Pvt. Ltd,Kohinoor Investment & Securities Pvt. Ltd.,37,710.0,26270.0,2025-08-04 11:46:19.763438
2025-08-04,100262,2025080403003575,MFIL,Trishakti Securities Public Limited,Sundhara Securities Limited,100,709.2,70920.0,2025-08-04 11:46:38.755057
2025-08-04,99492,2025080403003697,MFIL,Trishakti Securities Public Limited,Kohinoor Investment & Securities Pvt. Ltd.,47,709.2,33332.4,2025-08-04 11:47:48.743454
2025-08-04,98846,2025080403003781,MFIL,SUN SECURITIES PVT LTD,ABC Securities Private Limited,20,710.0,14200.0,2025-08-04 11:48:53.572407
2025-08-04,98510,2025080403003832,MFIL,SUN SECURITIES PVT LTD,Nepal Stock House (PVT) Ltd.,50,710.0,35500.0,2025-08-04 11:49:31.088084
2025-08-04,98439,2025080403003842,MFIL,SUN SECURITIES PVT LTD,Capital Max Securities Ltd,300,710.0,213000.0,2025-08-04 11:49:37.853424
2025-08-04,97737,2025080403003985,MFIL,SUN SECURITIES PVT LTD,Secured Securities Ltd.,130,710.0,92300.0,2025-08-04 11:50:42.538815
2025-08-04,97566,2025080403004012,MFIL,Trishakti Securities Public Limited,MILKY WAY SHARE BROKER COMPANY LTD ,553,709.2,392187.6,2025-08-04 11:51:05.650055
2025-08-04,97565,2025080403004013,MFIL,Trishakti Securities Public Limited,MILKY WAY SHARE BROKER COMPANY LTD ,47,709.2,33332.4,2025-08-04 11:51:05.650304
2025-08-04,96366,2025080403004228,MFIL,Bhrikuti Stock Broking Co. Pvt. Ltd.,Capital Max Securities Ltd,500,709.3,354650.0,2025-08-04 11:53:14.064931
2025-08-04,96016,2025080403004280,MFIL,Bhrikuti Stock Broking Co. Pvt. Ltd.,Investment Management Nepal Pvt. Ltd.,10,709.3,7093.0,2025-08-04 11:53:51.798580
2025-08-04,94124,2025080403004601,MFIL,Arun Securities (PVT) Ltd.,Asian Securities Private Ltd.,190,711.5,135185.0,2025-08-04 11:57:50.910279
2025-08-04,94123,2025080403004602,MFIL,Arun Securities (PVT) Ltd.,Dynamic Money Managers Securities Pvt. Ltd.,250,712.0,178000.0,2025-08-04 11:57:50.910438
2025-08-04,94122,2025080403004603,MFIL,Arun Securities (PVT) Ltd.,Imperial Securities Company Pvt. Ltd.,500,712.0,356000.0,2025-08-04 11:57:50.910525
2025-08-04,94121,2025080403004604,MFIL,Arun Securities (PVT) Ltd.,Vision Securities Pvt. Ltd,60,712.0,42720.0,2025-08-04 11:57:50.910604
2025-08-04,94070,2025080403004615,MFIL,BHOLE GANESH SECURITIES LTD,Sani Securities Company Ltd.,100,709.4,70940.0,2025-08-04 11:57:58.526435
2025-08-04,94069,2025080403004616,MFIL,Bhrikuti Stock Broking Co. Pvt. Ltd.,Sani Securities Company Ltd.,200,709.3,141860.0,2025-08-04 11:57:58.526607
2025-08-04,93432,2025080403004722,MFIL,Arun Securities (PVT) Ltd.,Online Securities Pvt. Ltd.,50,709.5,35475.0,2025-08-04 11:59:18.647679
2025-08-04,93105,2025080403004779,MFIL,Sani Securities Company Ltd.,Sundhara Securities Limited,32,710.0,22720.0,2025-08-04 11:59:55.191481
2025-08-04,92551,2025080403004845,MFIL,Sani Securities Company Ltd.,Online Securities Pvt. Ltd.,25,710.0,17750.0,2025-08-04 12:00:55.094471
2025-08-04,91960,2025080403004937,MFIL,Sani Securities Company Ltd.,Secured Securities Ltd.,80,710.0,56800.0,2025-08-04 12:02:00.156656
2025-08-04,90514,2025080403005175,MFIL,Arun Securities (PVT) Ltd.,Dynamic Money Managers Securities Pvt. Ltd.,450,709.5,319275.0,2025-08-04 12:04:37.301703
2025-08-04,90513,2025080403005176,MFIL,Bhrikuti Stock Broking Co. Pvt. Ltd.,Dynamic Money Managers Securities Pvt. Ltd.,655,709.3,464591.5,2025-08-04 12:04:37.301974
2025-08-04,89932,2025080403005269,MFIL,Bhrikuti Stock Broking Co. Pvt. Ltd.,Trishakti Securities Public Limited,500,709.3,354650.0,2025-08-04 12:05:34.434570
2025-08-04,89736,2025080403005315,MFIL,Bhrikuti Stock Broking Co. Pvt. Ltd.,Vision Securities Pvt. Ltd,100,709.3,70930.0,2025-08-04 12:05:59.862438
2025-08-04,89428,2025080403005359,MFIL,Bhrikuti Stock Broking Co. Pvt. Ltd.,Vision Securities Pvt. Ltd,35,709.3,24825.5,2025-08-04 12:06:27.320071
2025-08-04,89049,2025080403005420,MFIL,Trishakti Securities Public Limited,Vision Securities Pvt. Ltd,65,709.2,46098.0,2025-08-04 12:06:53.782000
2025-08-04,89020,2025080403005425,MFIL,Trishakti Securities Public Limited,Trishakti Securities Public Limited,88,709.2,62409.6,2025-08-04 12:06:57.135802
2025-08-04,89019,2025080403005426,MFIL,Trisul Securities & Invt. Ltd.,Trishakti Securities Public Limited,412,709.2,292190.4,2025-08-04 12:06:57.135938
2025-08-04,88971,2025080403005430,MFIL,Trisul Securities & Invt. Ltd.,Cristal Kanchanjanga Securites Pvt. Ltd.,88,709.2,62409.6,2025-08-04 12:07:01.096071
2025-08-04,88871,2025080403005449,MFIL,Trishakti Securities Public Limited,Deevyaa Securities & Stock House Pvt. Ltd,200,709.1,141820.0,2025-08-04 12:07:08.845642
2025-08-04,88705,2025080403005476,MFIL,Trishakti Securities Public Limited,Secured Securities Ltd.,300,709.1,212730.0,2025-08-04 12:07:21.809514
2025-08-04,88704,2025080403005477,MFIL,Trishakti Securities Public Limited,Secured Securities Ltd.,400,709.1,283640.0,2025-08-04 12:07:21.809681
2025-08-04,88505,2025080403005509,MFIL,Trishakti Securities Public Limited,Dakshinkali Investment & Securities Pvt. Ltd.,100,709.1,70910.0,2025-08-04 12:07:41.506808
2025-08-04,88504,2025080403005510,MFIL,Trishakti Securities Public Limited,Dakshinkali Investment & Securities Pvt. Ltd.,50,709.1,35455.0,2025-08-04 12:07:41.507075
2025-08-04,88327,2025080403005545,MFIL,Trishakti Securities Public Limited,Sani Securities Company Ltd.,200,709.1,141820.0,2025-08-04 12:07:53.808311
2025-08-04,88059,2025080403005596,MFIL,Vision Securities Pvt. Ltd,Cristal Kanchanjanga Securites Pvt. Ltd.,10,709.2,7092.0,2025-08-04 12:08:19.424344
2025-08-04,87949,2025080403005649,MFIL,Trishakti Securities Public Limited,Vision Securities Pvt. Ltd,100,709.1,70910.0,2025-08-04 12:08:27.539927
2025-08-04,87814,2025080403005686,MFIL,Trishakti Securities Public Limited,Sani Securities Company Ltd.,30,709.1,21273.0,2025-08-04 12:08:40.549429
2025-08-04,87709,2025080403005708,MFIL,Trishakti Securities Public Limited,Vision Securities Pvt. Ltd,120,709.1,85092.0,2025-08-04 12:08:44.813810
2025-08-04,87708,2025080403005709,MFIL,Trishakti Securities Public Limited,Vision Securities Pvt. Ltd,500,709.1,354550.0,2025-08-04 12:08:44.813972
2025-08-04,87707,2025080403005710,MFIL,Trishakti Securities Public Limited,Vision Securities Pvt. Ltd,380,709.1,269458.0,2025-08-04 12:08:44.814042
2025-08-04,87254,2025080403005776,MFIL,Trishakti Securities Public Limited,Imperial Securities Company Pvt. Ltd.,100,709.1,70910.0,2025-08-04 12:09:23.727663
2025-08-04,86643,2025080403005930,MFIL,Trishakti Securities Public Limited,Online Securities Pvt. Ltd.,20,709.1,14182.0,2025-08-04 12:10:19.925553
2025-08-04,86511,2025080403005950,MFIL,Trishakti Securities Public Limited,Neev Securities Pvt. Ltd.,80,709.0,56720.0,2025-08-04 12:10:32.119342
2025-08-04,86306,2025080403005989,MFIL,Trishakti Securities Public Limited,Nabil Stock Dealer Ltd.,220,709.0,155980.0,2025-08-04 12:10:52.854200
2025-08-04,86305,2025080403005990,MFIL,Sewa Securities Pvt. Ltd.,Nabil Stock Dealer Ltd.,60,708.0,42480.0,2025-08-04 12:10:52.854257
2025-08-04,86304,2025080403005991,MFIL,Bhrikuti Stock Broking Co. Pvt. Ltd.,Nabil Stock Dealer Ltd.,120,707.1,84852.0,2025-08-04 12:10:52.854284
2025-08-04,86145,2025080403006014,MFIL,Bhrikuti Stock Broking Co. Pvt. Ltd.,Aryatara Investment & Securities,50,707.1,35355.0,2025-08-04 12:11:07.005158
2025-08-04,85688,2025080403006105,MFIL,Citizens Share Broker Limited,Online Securities Pvt. Ltd.,70,707.0,49490.0,2025-08-04 12:11:53.804287
2025-08-04,85687,2025080403006106,MFIL,Miyo Securities Pvt Ltd,Online Securities Pvt. Ltd.,680,707.0,480760.0,2025-08-04 12:11:53.804427
2025-08-04,85409,2025080403006145,MFIL,Miyo Securities Pvt Ltd,Nepal Stock House (PVT) Ltd.,10,707.0,7070.0,2025-08-04 12:12:14.497001
2025-08-04,85328,2025080403006157,MFIL,Miyo Securities Pvt Ltd,Sagarmatha Securities Private Limited,200,707.0,141400.0,2025-08-04 12:12:20.215099
2025-08-04,84749,2025080403006252,MFIL,Miyo Securities Pvt Ltd,Secured Securities Ltd.,110,707.0,77770.0,2025-08-04 12:13:10.981615
2025-08-04,84241,2025080403006329,MFIL,Dynamic Money Managers Securities Pvt. Ltd.,Secured Securities Ltd.,226,706.3,159623.8,2025-08-04 12:13:53.584740
2025-08-04,84014,2025080403006375,MFIL,Dynamic Money Managers Securities Pvt. Ltd.,Imperial Securities Company Pvt. Ltd.,74,706.3,52266.2,2025-08-04 12:14:15.290138
2025-08-04,83877,2025080403006393,MFIL,J.F. Securites (PVT) Ltd.,Imperial Securities Company Pvt. Ltd.,26,706.0,18356.0,2025-08-04 12:14:29.699921
2025-08-04,83539,2025080403006440,MFIL,J.F. Securites (PVT) Ltd.,Trisul Securities & Invt. Ltd.,174,706.0,122844.0,2025-08-04 12:14:56.352957
2025-08-04,83309,2025080403006470,MFIL,Siprabi Securities Pvt. Ltd.,Creative Securities Pvt Ltd,30,706.0,21180.0,2025-08-04 12:15:17.064251
2025-08-04,82933,2025080403006518,MFIL,Market Securities & Exchange (PVT) Ltd.,Online Securities Pvt. Ltd.,100,705.0,70500.0,2025-08-04 12:15:55.950255
2025-08-04,81476,2025080403006806,MFIL,Dakshinkali Investment & Securities Pvt. Ltd.,Online Securities Pvt. Ltd.,25,703.5,17587.5,2025-08-04 12:18:07.219692
2025-08-04,81066,2025080403006895,MFIL,Siprabi Securities Pvt. Ltd.,Trisul Securities & Invt. Ltd.,10,703.6,7036.0,2025-08-04 12:18:57.244286
2025-08-04,81065,2025080403006896,MFIL,Dakshinkali Investment & Securities Pvt. Ltd.,Trisul Securities & Invt. Ltd.,275,703.5,193462.5,2025-08-04 12:18:57.244430
2025-08-04,81064,2025080403006897,MFIL,Bhrikuti Stock Broking Co. Pvt. Ltd.,Trisul Securities & Invt. Ltd.,15,703.5,10552.5,2025-08-04 12:18:57.244498
2025-08-04,77085,2025080403007578,MFIL,Aryatara Investment & Securities,Aryatara Investment & Securities,10,704.0,7040.0,2025-08-04 12:25:38.106484
2025-08-04,76851,2025080403007625,MFIL,Nepal Stock House (PVT) Ltd.,Aryatara Investment & Securities,90,704.0,63360.0,2025-08-04 12:26:02.082890
2025-08-04,76363,2025080403007704,MFIL,Miyo Securities Pvt Ltd,Imperial Securities Company Pvt. Ltd.,133,703.6,93578.8,2025-08-04 12:27:03.653571
2025-08-04,75491,2025080403007845,MFIL,Miyo Securities Pvt Ltd,Online Securities Pvt. Ltd.,100,703.6,70360.0,2025-08-04 12:28:25.974087
2025-08-04,75353,2025080403007865,MFIL,Miyo Securities Pvt Ltd,Sani Securities Company Ltd.,100,703.6,70360.0,2025-08-04 12:28:39.611761
2025-08-04,75215,2025080403007886,MFIL,Miyo Securities Pvt Ltd,Malla & Malla Stock Broking Company Pvt. Limited,50,703.6,35180.0,2025-08-04 12:28:55.382927
2025-08-04,75133,2025080403007895,MFIL,Miyo Securities Pvt Ltd,Online Securities Pvt. Ltd.,10,703.6,7036.0,2025-08-04 12:28:58.701985
2025-08-04,74302,2025080403008003,MFIL,Bhrikuti Stock Broking Co. Pvt. Ltd.,Premier Securities Company Ltd.,300,703.7,211110.0,2025-08-04 12:30:09.064515
2025-08-04,74239,2025080403008010,MFIL,Bhrikuti Stock Broking Co. Pvt. Ltd.,Online Securities Pvt. Ltd.,25,703.7,17592.5,2025-08-04 12:30:14.261625
2025-08-04,74069,2025080403008042,MFIL,Bhrikuti Stock Broking Co. Pvt. Ltd.,Opal Securities Investment (PVT) Ltd.,200,703.7,140740.0,2025-08-04 12:30:28.951368
2025-08-04,74037,2025080403008044,MFIL,Bhrikuti Stock Broking Co. Pvt. Ltd.,Primo Securities (PVT) Ltd.,290,703.7,204073.0,2025-08-04 12:30:31.837424
2025-08-04,74036,2025080403008045,MFIL,Miyo Securities Pvt Ltd,Primo Securities (PVT) Ltd.,1710,703.6,1203156.0,2025-08-04 12:30:31.837591
2025-08-04,72526,2025080403008258,MFIL,Bhrikuti Stock Broking Co. Pvt. Ltd.,Blue Chip Securities Ltd,50,704.2,35210.0,2025-08-04 12:33:04.792705
2025-08-04,72126,2025080403008338,MFIL,Vision Securities Pvt. Ltd,Kohinoor Investment & Securities Pvt. Ltd.,50,704.4,35220.0,2025-08-04 12:33:43.709916
2025-08-04,71863,2025080403008382,MFIL,Bhrikuti Stock Broking Co. Pvt. Ltd.,Kohinoor Investment & Securities Pvt. Ltd.,50,704.5,35225.0,2025-08-04 12:34:11.429460
2025-08-04,71862,2025080403008383,MFIL,Bhrikuti Stock Broking Co. Pvt. Ltd.,Swarna Laxmi Securities Pvt. Ltd.,75,704.5,52837.5,2025-08-04 12:34:11.429622
2025-08-04,71861,2025080403008384,MFIL,Bhrikuti Stock Broking Co. Pvt. Ltd.,Nepal Stock House (PVT) Ltd.,300,705.0,211500.0,2025-08-04 12:34:11.429689
2025-08-04,71860,2025080403008385,MFIL,Bhrikuti Stock Broking Co. Pvt. Ltd.,Linch Stock Market Ltd.,300,705.0,211500.0,2025-08-04 12:34:11.429748
2025-08-04,71859,2025080403008386,MFIL,Bhrikuti Stock Broking Co. Pvt. Ltd.,Bhrikuti Stock Broking Co. Pvt. Ltd.,35,705.0,24675.0,2025-08-04 12:34:11.429806
2025-08-04,70255,2025080403008654,MFIL,Bhrikuti Stock Broking Co. Pvt. Ltd.,Sumeru Securities Pvt. Ltd.,100,705.0,70500.0,2025-08-04 12:36:49.953076
2025-08-04,70254,2025080403008655,MFIL,Bhrikuti Stock Broking Co. Pvt. Ltd.,Sani Securities Company Ltd.,10,705.0,7050.0,2025-08-04 12:36:49.953385
2025-08-04,69889,2025080403008704,MFIL,Bhrikuti Stock Broking Co. Pvt. Ltd.,Creative Securities Pvt Ltd,170,706.0,120020.0,2025-08-04 12:37:24.256519
2025-08-04,69888,2025080403008705,MFIL,Bhrikuti Stock Broking Co. Pvt. Ltd.,Dakshinkali Investment & Securities Pvt. Ltd.,230,706.0,162380.0,2025-08-04 12:37:24.256696
2025-08-04,69167,2025080403008823,MFIL,Dipshikha Dhitopatra Karobar Co. Pvt Ltd.,Dakshinkali Investment & Securities Pvt. Ltd.,300,706.0,211800.0,2025-08-04 12:38:57.179127
2025-08-04,69108,2025080403008837,MFIL,Bhrikuti Stock Broking Co. Pvt. Ltd.,Dakshinkali Investment & Securities Pvt. Ltd.,470,706.0,331820.0,2025-08-04 12:39:10.614963
2025-08-04,69107,2025080403008838,MFIL,Bhrikuti Stock Broking Co. Pvt. Ltd.,Naasa Securities Co. Ltd.,591,707.0,417837.0,2025-08-04 12:39:10.615092
2025-08-04,69106,2025080403008839,MFIL,Bhrikuti Stock Broking Co. Pvt. Ltd.,Investment Management Nepal Pvt. Ltd.,83,708.0,58764.0,2025-08-04 12:39:10.615157
2025-08-04,69105,2025080403008840,MFIL,Bhrikuti Stock Broking Co. Pvt. Ltd.,Naasa Securities Co. Ltd.,150,708.0,106200.0,2025-08-04 12:39:10.615222
2025-08-04,69104,2025080403008841,MFIL,Bhrikuti Stock Broking Co. Pvt. Ltd.,Online Securities Pvt. Ltd.,60,709.9,42594.0,2025-08-04 12:39:10.615286
2025-08-04,69103,2025080403008842,MFIL,Bhrikuti Stock Broking Co. Pvt. Ltd.,Dynamic Money Managers Securities Pvt. Ltd.,500,710.0,355000.0,2025-08-04 12:39:10.615355
2025-08-04,69102,2025080403008843,MFIL,Bhrikuti Stock Broking Co. Pvt. Ltd.,Naasa Securities Co. Ltd.,146,711.0,103806.0,2025-08-04 12:39:10.615419
2025-08-04,67711,2025080403009023,MFIL,Vision Securities Pvt. Ltd,Sumeru Securities Pvt. Ltd.,25,704.3,17607.5,2025-08-04 12:42:07.684655
2025-08-04,67620,2025080403009028,MFIL,Bhrikuti Stock Broking Co. Pvt. Ltd.,MILKY WAY SHARE BROKER COMPANY LTD ,500,709.9,354950.0,2025-08-04 12:42:16.611559
2025-08-04,66142,2025080403009327,MFIL,Trishakti Securities Public Limited,Linch Stock Market Ltd.,500,705.5,352750.0,2025-08-04 12:45:59.626828
2025-08-04,65546,2025080403009392,MFIL,Naasa Securities Co. Ltd.,Dipshikha Dhitopatra Karobar Co. Pvt Ltd.,17,705.0,11985.0,2025-08-04 12:47:20.940578
2025-08-04,65297,2025080403009429,MFIL,Vision Securities Pvt. Ltd,Dynamic Money Managers Securities Pvt. Ltd.,25,704.3,17607.5,2025-08-04 12:47:56.854202
2025-08-04,65296,2025080403009430,MFIL,Bhrikuti Stock Broking Co. Pvt. Ltd.,Dynamic Money Managers Securities Pvt. Ltd.,25,704.3,17607.5,2025-08-04 12:47:56.854400
2025-08-04,65219,2025080403009444,MFIL,Trishakti Securities Public Limited,Dipshikha Dhitopatra Karobar Co. Pvt Ltd.,83,705.0,58515.0,2025-08-04 12:48:11.012931
2025-08-04,65218,2025080403009445,MFIL,Trishakti Securities Public Limited,Shree Krishna Securities Ltd.,57,705.0,40185.0,2025-08-04 12:48:11.013096
2025-08-04,64823,2025080403009544,MFIL,Bhrikuti Stock Broking Co. Pvt. Ltd.,Linch Stock Market Ltd.,55,704.3,38736.5,2025-08-04 12:49:14.455601
2025-08-04,64822,2025080403009545,MFIL,BHOLE GANESH SECURITIES LTD,Linch Stock Market Ltd.,100,704.2,70420.0,2025-08-04 12:49:14.455897
2025-08-04,64821,2025080403009546,MFIL,Sani Securities Company Ltd.,Linch Stock Market Ltd.,1345,704.1,947014.5,2025-08-04 12:49:14.456093
2025-08-04,63852,2025080403009685,MFIL,Sani Securities Company Ltd.,Dakshinkali Investment & Securities Pvt. Ltd.,100,704.1,70410.0,2025-08-04 12:52:20.713764
2025-08-04,63191,2025080403009779,MFIL,Sani Securities Company Ltd.,Nepal Stock House (PVT) Ltd.,200,704.1,140820.0,2025-08-04 12:54:06.822463
2025-08-04,62811,2025080403009842,MFIL,Sani Securities Company Ltd.,Kohinoor Investment & Securities Pvt. Ltd.,200,704.1,140820.0,2025-08-04 12:55:04.262975
2025-08-04,62687,2025080403009889,MFIL,Sani Securities Company Ltd.,Vision Securities Pvt. Ltd,20,704.1,14082.0,2025-08-04 12:55:15.902843
2025-08-04,62409,2025080403009944,MFIL,Sani Securities Company Ltd.,Sumeru Securities Pvt. Ltd.,1135,704.1,799153.5,2025-08-04 12:55:53.043157
2025-08-04,61545,2025080403010095,MFIL,Miyo Securities Pvt Ltd,Online Securities Pvt. Ltd.,66,703.6,46437.6,2025-08-04 12:57:47.360588
2025-08-04,60749,2025080403010224,MFIL,Asian Securities Private Ltd.,Siprabi Securities Pvt. Ltd.,1000,703.7,703700.0,2025-08-04 12:59:14.838577
2025-08-04,60659,2025080403010234,MFIL,Miyo Securities Pvt Ltd,Investment Management Nepal Pvt. Ltd.,200,703.6,140720.0,2025-08-04 12:59:25.634048
2025-08-04,60477,2025080403010253,MFIL,Asian Securities Private Ltd.,Siprabi Securities Pvt. Ltd.,500,703.7,351850.0,2025-08-04 12:59:49.198992
2025-08-04,60190,2025080403010274,MFIL,Asian Securities Private Ltd.,Sumeru Securities Pvt. Ltd.,365,703.7,256850.5,2025-08-04 13:00:21.702742
2025-08-04,59869,2025080403010309,MFIL,Asian Securities Private Ltd.,Investment Management Nepal Pvt. Ltd.,50,703.7,35185.0,2025-08-04 13:00:56.321015
2025-08-04,58465,2025080403010540,MFIL,Miyo Securities Pvt Ltd,Aakashbhairab Securities Ltd.,100,703.6,70360.0,2025-08-04 13:04:03.768278
2025-08-04,58309,2025080403010575,MFIL,Miyo Securities Pvt Ltd,ABC Securities Private Limited,531,703.6,373611.6,2025-08-04 13:04:36.412636
2025-08-04,58308,2025080403010576,MFIL,Trishakti Securities Public Limited,ABC Securities Private Limited,23,703.6,16182.8,2025-08-04 13:04:36.412792
2025-08-04,58307,2025080403010577,MFIL,Opal Securities Investment (PVT) Ltd.,ABC Securities Private Limited,446,703.4,313716.4,2025-08-04 13:04:36.412858
2025-08-04,58290,2025080403010580,MFIL,Opal Securities Investment (PVT) Ltd.,Linch Stock Market Ltd.,554,703.4,389683.6,2025-08-04 13:04:39.395268
2025-08-04,58112,2025080403010620,MFIL,Vision Securities Pvt. Ltd,Linch Stock Market Ltd.,1000,703.4,703400.0,2025-08-04 13:05:05.067364
2025-08-04,57748,2025080403010702,MFIL,Asian Securities Private Ltd.,Trishakti Securities Public Limited,500,702.1,351050.0,2025-08-04 13:06:04.363971
2025-08-04,57294,2025080403010744,MFIL,Asian Securities Private Ltd.,Nepal Stock House (PVT) Ltd.,200,702.1,140420.0,2025-08-04 13:06:25.943385
2025-08-04,57284,2025080403010747,MFIL,Asian Securities Private Ltd.,Sumeru Securities Pvt. Ltd.,100,702.1,70210.0,2025-08-04 13:06:28.952433
2025-08-04,56567,2025080403010874,MFIL,Asian Securities Private Ltd.,Dynamic Money Managers Securities Pvt. Ltd.,140,702.1,98294.0,2025-08-04 13:07:34.505721
2025-08-04,55876,2025080403010997,MFIL,Asian Securities Private Ltd.,Shree Krishna Securities Ltd.,60,702.1,42126.0,2025-08-04 13:08:54.628625
2025-08-04,55875,2025080403010998,MFIL,Cristal Kanchanjanga Securites Pvt. Ltd.,Shree Krishna Securities Ltd.,50,702.0,35100.0,2025-08-04 13:08:54.628789
2025-08-04,55874,2025080403010999,MFIL,Opal Securities Investment (PVT) Ltd.,Shree Krishna Securities Ltd.,90,701.9,63171.0,2025-08-04 13:08:54.628857
2025-08-04,55873,2025080403011000,MFIL,Nepal Stock House (PVT) Ltd.,Nepal Stock House (PVT) Ltd.,60,703.0,42180.0,2025-08-04 13:08:54.870220
2025-08-04,55702,2025080403011033,MFIL,Asian Securities Private Ltd.,Sundhara Securities Limited,85,702.0,59670.0,2025-08-04 13:09:22.151397
2025-08-04,55523,2025080403011051,MFIL,Dynamic Money Managers Securities Pvt. Ltd.,Sundhara Securities Limited,15,702.0,10530.0,2025-08-04 13:09:47.355764
2025-08-04,55360,2025080403011057,MFIL,Dynamic Money Managers Securities Pvt. Ltd.,Naasa Securities Co. Ltd.,185,702.0,129870.0,2025-08-04 13:09:51.410812
2025-08-04,54612,2025080403011195,MFIL,Opal Securities Investment (PVT) Ltd.,Linch Stock Market Ltd.,910,701.9,638729.0,2025-08-04 13:11:25.228079
2025-08-04,54611,2025080403011196,MFIL,NIMB Stock Markets Limited,Linch Stock Market Ltd.,36,701.7,25261.2,2025-08-04 13:11:25.228238
2025-08-04,54021,2025080403011301,MFIL,Opal Securities Investment (PVT) Ltd.,Naasa Securities Co. Ltd.,10,702.0,7020.0,2025-08-04 13:12:22.375227
2025-08-04,53326,2025080403011434,MFIL,NIMB Stock Markets Limited,ABC Securities Private Limited,500,701.7,350850.0,2025-08-04 13:13:59.675969
2025-08-04,53238,2025080403011460,MFIL,Sri Hari Securities Pvt. Ltd.,Sweta Securities Private Limited,270,702.0,189540.0,2025-08-04 13:14:15.107824
2025-08-04,53237,2025080403011461,MFIL,Sri Hari Securities Pvt. Ltd.,Nepal Stock House (PVT) Ltd.,140,703.0,98420.0,2025-08-04 13:14:15.107990
2025-08-04,53236,2025080403011462,MFIL,Sri Hari Securities Pvt. Ltd.,Dynamic Money Managers Securities Pvt. Ltd.,260,703.0,182780.0,2025-08-04 13:14:15.108065
2025-08-04,53235,2025080403011463,MFIL,Sri Hari Securities Pvt. Ltd.,Sani Securities Company Ltd.,50,703.0,35150.0,2025-08-04 13:14:15.108132
2025-08-04,53234,2025080403011464,MFIL,Sri Hari Securities Pvt. Ltd.,Secured Securities Ltd.,100,703.0,70300.0,2025-08-04 13:14:15.108191
2025-08-04,53233,2025080403011465,MFIL,Sri Hari Securities Pvt. Ltd.,Aryatara Investment & Securities,150,703.0,105450.0,2025-08-04 13:14:15.108250
2025-08-04,53232,2025080403011466,MFIL,Sri Hari Securities Pvt. Ltd.,Linch Stock Market Ltd.,50,703.0,35150.0,2025-08-04 13:14:15.108309
2025-08-04,53231,2025080403011467,MFIL,Sri Hari Securities Pvt. Ltd.,Sani Securities Company Ltd.,100,703.0,70300.0,2025-08-04 13:14:15.108366
2025-08-04,53230,2025080403011468,MFIL,Sri Hari Securities Pvt. Ltd.,Shree Krishna Securities Ltd.,13,705.0,9165.0,2025-08-04 13:14:15.108424
2025-08-04,53229,2025080403011469,MFIL,Sri Hari Securities Pvt. Ltd.,Aryatara Investment & Securities,100,705.0,70500.0,2025-08-04 13:14:15.108484
2025-08-04,53228,2025080403011470,MFIL,Sri Hari Securities Pvt. Ltd.,Secured Securities Ltd.,100,705.0,70500.0,2025-08-04 13:14:15.108544
2025-08-04,53227,2025080403011471,MFIL,Sri Hari Securities Pvt. Ltd.,Kalika Securities Pvt. Ltd.,400,705.0,282000.0,2025-08-04 13:14:15.108600
2025-08-04,53226,2025080403011472,MFIL,Sri Hari Securities Pvt. Ltd.,Linch Stock Market Ltd.,50,705.0,35250.0,2025-08-04 13:14:15.108656
2025-08-04,52996,2025080403011524,MFIL,Sri Hari Securities Pvt. Ltd.,Capital Max Securities Ltd,600,705.0,423000.0,2025-08-04 13:14:32.348548
2025-08-04,52856,2025080403011551,MFIL,Sri Hari Securities Pvt. Ltd.,Nepal Stock House (PVT) Ltd.,200,708.0,141600.0,2025-08-04 13:14:55.510148
2025-08-04,52855,2025080403011552,MFIL,Sri Hari Securities Pvt. Ltd.,South Asian Bulls Pvt. Ltd.,500,709.0,354500.0,2025-08-04 13:14:55.510353
2025-08-04,52854,2025080403011553,MFIL,Sri Hari Securities Pvt. Ltd.,Dipshikha Dhitopatra Karobar Co. Pvt Ltd.,500,709.9,354950.0,2025-08-04 13:14:55.510425
2025-08-04,52853,2025080403011554,MFIL,Sri Hari Securities Pvt. Ltd.,Linch Stock Market Ltd.,100,710.0,71000.0,2025-08-04 13:14:55.510487
2025-08-04,52852,2025080403011555,MFIL,Sri Hari Securities Pvt. Ltd.,Naasa Securities Co. Ltd.,150,710.0,106500.0,2025-08-04 13:14:55.510545
2025-08-04,52851,2025080403011556,MFIL,Sri Hari Securities Pvt. Ltd.,Nepal Stock House (PVT) Ltd.,100,710.0,71000.0,2025-08-04 13:14:55.510601
2025-08-04,52850,2025080403011557,MFIL,Sri Hari Securities Pvt. Ltd.,Sani Securities Company Ltd.,100,710.0,71000.0,2025-08-04 13:14:55.510658
2025-08-04,52849,2025080403011558,MFIL,Sri Hari Securities Pvt. Ltd.,Himalayan Securities Limited,17,710.0,12070.0,2025-08-04 13:14:55.510714
2025-08-04,52848,2025080403011559,MFIL,Sri Hari Securities Pvt. Ltd.,Deevyaa Securities & Stock House Pvt. Ltd,261,710.0,185310.0,2025-08-04 13:14:55.510770
2025-08-04,52847,2025080403011560,MFIL,Sri Hari Securities Pvt. Ltd.,Kalika Securities Pvt. Ltd.,200,710.0,142000.0,2025-08-04 13:14:55.510826
2025-08-04,52690,2025080403011596,MFIL,Sri Hari Securities Pvt. Ltd.,ABC Securities Private Limited,65,710.0,46150.0,2025-08-04 13:15:19.560166
2025-08-04,52647,2025080403011602,MFIL,Sri Hari Securities Pvt. Ltd.,Nepal Stock House (PVT) Ltd.,100,710.0,71000.0,2025-08-04 13:15:24.640508
2025-08-04,52629,2025080403011607,MFIL,Sri Hari Securities Pvt. Ltd.,Vision Securities Pvt. Ltd,200,710.0,142000.0,2025-08-04 13:15:27.743345
2025-08-04,52522,2025080403011628,MFIL,Sri Hari Securities Pvt. Ltd.,MILKY WAY SHARE BROKER COMPANY LTD ,124,710.0,88040.0,2025-08-04 13:15:39.745755
2025-08-04,50758,2025080403011954,MFIL,Asian Securities Private Ltd.,Primo Securities (PVT) Ltd.,1000,703.0,703000.0,2025-08-04 13:19:30.653351
2025-08-04,50380,2025080403012013,MFIL,Asian Securities Private Ltd.,Primo Securities (PVT) Ltd.,1000,703.0,703000.0,2025-08-04 13:20:16.874288
2025-08-04,47995,2025080403012330,MFIL,Trishakti Securities Public Limited,Trisul Securities & Invt. Ltd.,220,709.0,155980.0,2025-08-04 13:25:21.060192
2025-08-04,47994,2025080403012331,MFIL,Trishakti Securities Public Limited,Deevyaa Securities & Stock House Pvt. Ltd,10,709.0,7090.0,2025-08-04 13:25:21.060377
2025-08-04,47993,2025080403012332,MFIL,Trishakti Securities Public Limited,Investment Management Nepal Pvt. Ltd.,100,711.0,71100.0,2025-08-04 13:25:21.060455
2025-08-04,47992,2025080403012333,MFIL,Trishakti Securities Public Limited,Aakashbhairab Securities Ltd.,100,711.0,71100.0,2025-08-04 13:25:21.060569
2025-08-04,47991,2025080403012334,MFIL,Trishakti Securities Public Limited,Kohinoor Investment & Securities Pvt. Ltd.,40,711.0,28440.0,2025-08-04 13:25:21.060660
2025-08-04,47990,2025080403012335,MFIL,Trishakti Securities Public Limited,Secured Securities Ltd.,100,711.9,71190.0,2025-08-04 13:25:21.060745
2025-08-04,47989,2025080403012336,MFIL,Trishakti Securities Public Limited,Vision Securities Pvt. Ltd,600,712.0,427200.0,2025-08-04 13:25:21.060816
2025-08-04,46122,2025080403012595,MFIL,Primo Securities (PVT) Ltd.,Nepal Investment And Securities Trading Private Limited,500,705.1,352550.0,2025-08-04 13:30:22.563646
2025-08-04,45953,2025080403012620,MFIL,Primo Securities (PVT) Ltd.,Investment Management Nepal Pvt. Ltd.,500,705.1,352550.0,2025-08-04 13:30:39.267019
2025-08-04,44081,2025080403012944,MFIL,Bhrikuti Stock Broking Co. Pvt. Ltd.,Aakashbhairab Securities Ltd.,100,705.0,70500.0,2025-08-04 13:35:41.795568
2025-08-04,42927,2025080403013096,MFIL,Trishakti Securities Public Limited,Sewa Securities Pvt. Ltd.,60,706.0,42360.0,2025-08-04 13:38:58.902130
2025-08-04,42926,2025080403013097,MFIL,Trishakti Securities Public Limited,Kohinoor Investment & Securities Pvt. Ltd.,10,710.0,7100.0,2025-08-04 13:38:58.902257
2025-08-04,42391,2025080403013190,MFIL,Dynamic Money Managers Securities Pvt. Ltd.,Capital Max Securities Ltd,10,706.0,7060.0,2025-08-04 13:40:45.149144
2025-08-04,40369,2025080403013476,MFIL,Dynamic Money Managers Securities Pvt. Ltd.,Vision Securities Pvt. Ltd,30,706.0,21180.0,2025-08-04 13:45:15.323249
2025-08-04,40329,2025080403013484,MFIL,Premier Securities Company Ltd.,Market Securities & Exchange (PVT) Ltd.,50,707.9,35395.0,2025-08-04 13:45:23.471872
2025-08-04,40108,2025080403013495,MFIL,Dynamic Money Managers Securities Pvt. Ltd.,Vision Securities Pvt. Ltd,160,706.0,112960.0,2025-08-04 13:45:40.901165
2025-08-04,40107,2025080403013496,MFIL,Dynamic Money Managers Securities Pvt. Ltd.,Vision Securities Pvt. Ltd,140,706.0,98840.0,2025-08-04 13:45:40.901348
2025-08-04,38363,2025080403013769,MFIL,Dynamic Money Managers Securities Pvt. Ltd.,Sani Securities Company Ltd.,360,706.0,254160.0,2025-08-04 13:50:54.302856
2025-08-04,38259,2025080403013804,MFIL,Bhrikuti Stock Broking Co. Pvt. Ltd.,Sweta Securities Private Limited,400,705.0,282000.0,2025-08-04 13:51:26.134685
2025-08-04,37792,2025080403013887,MFIL,Bhrikuti Stock Broking Co. Pvt. Ltd.,Sani Securities Company Ltd.,500,705.0,352500.0,2025-08-04 13:52:36.244727
2025-08-04,37629,2025080403013934,MFIL,Bhrikuti Stock Broking Co. Pvt. Ltd.,Sani Securities Company Ltd.,400,705.0,282000.0,2025-08-04 13:53:07.014697
2025-08-04,36959,2025080403014074,MFIL,Bhrikuti Stock Broking Co. Pvt. Ltd.,Market Securities & Exchange (PVT) Ltd.,150,705.0,105750.0,2025-08-04 13:55:37.034977
2025-08-04,36941,2025080403014081,MFIL,Bhrikuti Stock Broking Co. Pvt. Ltd.,Sani Securities Company Ltd.,50,705.0,35250.0,2025-08-04 13:55:43.249118
2025-08-04,36351,2025080403014180,MFIL,Bhrikuti Stock Broking Co. Pvt. Ltd.,Sanima Securities Limited,900,705.0,634500.0,2025-08-04 13:58:05.497443
2025-08-04,36007,2025080403014240,MFIL,Midas Stock Broking Company Private Limited,Sanima Securities Limited,20,704.5,14090.0,2025-08-04 13:59:30.717686
2025-08-04,36006,2025080403014241,MFIL,Aryatara Investment & Securities,Sanima Securities Limited,10,704.0,7040.0,2025-08-04 13:59:30.717916
2025-08-04,36005,2025080403014242,MFIL,Oxford Securities Pvt. Ltd.,Sanima Securities Limited,70,702.0,49140.0,2025-08-04 13:59:30.717992
2025-08-04,34609,2025080403014423,MFIL,Oxford Securities Pvt. Ltd.,Sweta Securities Private Limited,430,702.0,301860.0,2025-08-04 14:02:59.819917
2025-08-04,34608,2025080403014424,MFIL,Cristal Kanchanjanga Securites Pvt. Ltd.,Sweta Securities Private Limited,50,702.0,35100.0,2025-08-04 14:02:59.820131
2025-08-04,34607,2025080403014425,MFIL,Vision Securities Pvt. Ltd,Sweta Securities Private Limited,200,702.0,140400.0,2025-08-04 14:02:59.820211
2025-08-04,34606,2025080403014426,MFIL,Online Securities Pvt. Ltd.,Sweta Securities Private Limited,120,702.0,84240.0,2025-08-04 14:02:59.820288
2025-08-04,34115,2025080403014529,MFIL,Vision Securities Pvt. Ltd,Sewa Securities Pvt. Ltd.,650,705.0,458250.0,2025-08-04 14:04:35.715335
2025-08-04,30731,2025080403015266,MFIL,Sani Securities Company Ltd.,Vision Securities Pvt. Ltd,100,705.0,70500.0,2025-08-04 14:11:15.894951
2025-08-04,30230,2025080403015390,MFIL,Dipshikha Dhitopatra Karobar Co. Pvt Ltd.,Vision Securities Pvt. Ltd,100,705.0,70500.0,2025-08-04 14:12:06.566656
2025-08-04,29601,2025080403015517,MFIL,Miyo Securities Pvt Ltd,Vision Securities Pvt. Ltd,800,705.0,564000.0,2025-08-04 14:13:24.635105
2025-08-04,29600,2025080403015518,MFIL,Miyo Securities Pvt Ltd,Vision Securities Pvt. Ltd,85,705.0,59925.0,2025-08-04 14:13:24.635240
2025-08-04,29599,2025080403015519,MFIL,Miyo Securities Pvt Ltd,Sani Securities Company Ltd.,140,706.0,98840.0,2025-08-04 14:13:24.635365
2025-08-04,29598,2025080403015520,MFIL,Miyo Securities Pvt Ltd,Sani Securities Company Ltd.,500,706.0,353000.0,2025-08-04 14:13:24.635475
2025-08-04,29597,2025080403015521,MFIL,Miyo Securities Pvt Ltd,Nepal Stock House (PVT) Ltd.,200,706.0,141200.0,2025-08-04 14:13:24.635562
2025-08-04,29596,2025080403015522,MFIL,Miyo Securities Pvt Ltd,Nepal Stock House (PVT) Ltd.,200,708.0,141600.0,2025-08-04 14:13:24.635655
2025-08-04,29595,2025080403015523,MFIL,Miyo Securities Pvt Ltd,Capital Max Securities Ltd,10,708.9,7089.0,2025-08-04 14:13:24.635775
2025-08-04,29594,2025080403015524,MFIL,Miyo Securities Pvt Ltd,Sweta Securities Private Limited,50,709.0,35450.0,2025-08-04 14:13:24.635887
2025-08-04,29593,2025080403015525,MFIL,Miyo Securities Pvt Ltd,Capital Max Securities Ltd,10,709.3,7093.0,2025-08-04 14:13:24.635996
2025-08-04,29445,2025080403015567,MFIL,Miyo Securities Pvt Ltd,Dipshikha Dhitopatra Karobar Co. Pvt Ltd.,50,709.8,35490.0,2025-08-04 14:13:42.739521
2025-08-04,29444,2025080403015568,MFIL,Miyo Securities Pvt Ltd,Kohinoor Investment & Securities Pvt. Ltd.,490,710.0,347900.0,2025-08-04 14:13:42.739578
2025-08-04,29443,2025080403015569,MFIL,Miyo Securities Pvt Ltd,Kohinoor Investment & Securities Pvt. Ltd.,500,710.0,355000.0,2025-08-04 14:13:42.739608
2025-08-04,29442,2025080403015570,MFIL,Miyo Securities Pvt Ltd,Kohinoor Investment & Securities Pvt. Ltd.,286,710.0,203060.0,2025-08-04 14:13:42.739648
2025-08-04,29441,2025080403015571,MFIL,Miyo Securities Pvt Ltd,Naasa Securities Co. Ltd.,56,710.0,39760.0,2025-08-04 14:13:42.739676
2025-08-04,29440,2025080403015572,MFIL,Miyo Securities Pvt Ltd,Nepal Stock House (PVT) Ltd.,300,710.0,213000.0,2025-08-04 14:13:42.739709
2025-08-04,29439,2025080403015573,MFIL,Miyo Securities Pvt Ltd,Investment Management Nepal Pvt. Ltd.,50,710.0,35500.0,2025-08-04 14:13:42.739735
2025-08-04,29438,2025080403015574,MFIL,Miyo Securities Pvt Ltd,Naasa Securities Co. Ltd.,160,710.0,113600.0,2025-08-04 14:13:42.739760
2025-08-04,29437,2025080403015575,MFIL,Miyo Securities Pvt Ltd,Agrawal Securities (PVT) Ltd.,20,710.0,14200.0,2025-08-04 14:13:42.739782
2025-08-04,29436,2025080403015576,MFIL,Miyo Securities Pvt Ltd,J.F. Securites (PVT) Ltd.,50,710.0,35500.0,2025-08-04 14:13:42.739806
2025-08-04,29435,2025080403015577,MFIL,Miyo Securities Pvt Ltd,Primo Securities (PVT) Ltd.,38,710.0,26980.0,2025-08-04 14:13:42.739831
2025-08-04,27405,2025080403015958,MFIL,Trishakti Securities Public Limited,Primo Securities (PVT) Ltd.,132,710.0,93720.0,2025-08-04 14:17:46.812303
2025-08-04,27404,2025080403015959,MFIL,Trishakti Securities Public Limited,Secured Securities Ltd.,40,710.0,28400.0,2025-08-04 14:17:46.812623
2025-08-04,27403,2025080403015960,MFIL,Trishakti Securities Public Limited,Nepal Stock House (PVT) Ltd.,28,710.0,19880.0,2025-08-04 14:17:46.812856
2025-08-04,27401,2025080403015961,MFIL,Nepal Investment And Securities Trading Private Limited,Nepal Stock House (PVT) Ltd.,72,710.0,51120.0,2025-08-04 14:17:47.255723
2025-08-04,27400,2025080403015962,MFIL,Nepal Investment And Securities Trading Private Limited,Ashutosh Brokerage & Securities (PVT) Ltd.,140,710.0,99400.0,2025-08-04 14:17:47.255889
2025-08-04,26230,2025080403016131,MFIL,Agrawal Securities (PVT) Ltd.,Cristal Kanchanjanga Securites Pvt. Ltd.,2,704.0,1408.0,2025-08-04 14:19:29.279867
2025-08-04,25924,2025080403016176,MFIL,Nepal Investment And Securities Trading Private Limited,KALASH STOCK MARKET PVT. LTD.,88,710.0,62480.0,2025-08-04 14:20:00.014994
2025-08-04,22615,2025080403016772,MFIL,Dynamic Money Managers Securities Pvt. Ltd.,KALASH STOCK MARKET PVT. LTD.,22,710.0,15620.0,2025-08-04 14:25:48.280909
2025-08-04,22614,2025080403016773,MFIL,Dynamic Money Managers Securities Pvt. Ltd.,Naasa Securities Co. Ltd.,978,710.0,694380.0,2025-08-04 14:25:48.281164
2025-08-04,22115,2025080403016847,MFIL,Sundhara Securities Limited,Primo Securities (PVT) Ltd.,1,696.9,696.9,2025-08-04 14:26:44.682082
2025-08-04,21447,2025080403016953,MFIL,South Asian Bulls Pvt. Ltd.,Naasa Securities Co. Ltd.,22,706.0,15532.0,2025-08-04 14:27:48.082548
2025-08-04,14568,2025080403018310,MFIL,Oxford Securities Pvt. Ltd.,Deevyaa Securities & Stock House Pvt. Ltd,50,706.1,35305.0,2025-08-04 14:38:03.310801
2025-08-04,14065,2025080403018467,MFIL,Oxford Securities Pvt. Ltd.,Naasa Securities Co. Ltd.,25,706.1,17652.5,2025-08-04 14:38:49.499819
2025-08-04,13979,2025080403018495,MFIL,Oxford Securities Pvt. Ltd.,Deevyaa Securities & Stock House Pvt. Ltd,20,706.1,14122.0,2025-08-04 14:38:57.901755
2025-08-04,13660,2025080403018585,MFIL,South Asian Bulls Pvt. Ltd.,Magnet Securities and Investment Company Private Limited,100,706.0,70600.0,2025-08-04 14:39:45.352734
2025-08-04,13616,2025080403018598,MFIL,Infinity Securities Limited,Online Securities Pvt. Ltd.,100,707.0,70700.0,2025-08-04 14:39:51.639869
2025-08-04,13615,2025080403018599,MFIL,Infinity Securities Limited,Dynamic Money Managers Securities Pvt. Ltd.,250,707.0,176750.0,2025-08-04 14:39:51.640303
2025-08-04,13614,2025080403018600,MFIL,Infinity Securities Limited,Naasa Securities Co. Ltd.,150,707.0,106050.0,2025-08-04 14:39:51.640588
2025-08-04,11973,2025080403018812,MFIL,Vision Securities Pvt. Ltd,Deevyaa Securities & Stock House Pvt. Ltd,500,706.1,353050.0,2025-08-04 14:41:50.435380
2025-08-04,11499,2025080403018876,MFIL,Vision Securities Pvt. Ltd,Linch Stock Market Ltd.,20,706.1,14122.0,2025-08-04 14:42:33.741057
2025-08-04,9487,2025080403019297,MFIL,Deevyaa Securities & Stock House Pvt. Ltd,Naasa Securities Co. Ltd.,150,707.0,106050.0,2025-08-04 14:45:44.269083
2025-08-04,8767,2025080403019434,MFIL,Agrawal Securities (PVT) Ltd.,Neev Securities Pvt. Ltd.,20,707.0,14140.0,2025-08-04 14:46:54.226471
2025-08-04,7992,2025080403019581,MFIL,Sri Hari Securities Pvt. Ltd.,Kohinoor Investment & Securities Pvt. Ltd.,84,706.2,59320.8,2025-08-04 14:48:33.486088
2025-08-04,6791,2025080403019823,MFIL,Deevyaa Securities & Stock House Pvt. Ltd,Neev Securities Pvt. Ltd.,80,707.0,56560.0,2025-08-04 14:50:40.295950
2025-08-04,6690,2025080403019841,MFIL,Miyo Securities Pvt Ltd,Trishakti Securities Public Limited,2000,706.3,1412600.0,2025-08-04 14:50:53.555426
2025-08-04,6483,2025080403019895,MFIL,Bhrikuti Stock Broking Co. Pvt. Ltd.,Imperial Securities Company Pvt. Ltd.,81,708.0,57348.0,2025-08-04 14:51:12.850233
2025-08-04,6482,2025080403019896,MFIL,Bhrikuti Stock Broking Co. Pvt. Ltd.,Imperial Securities Company Pvt. Ltd.,419,708.0,296652.0,2025-08-04 14:51:12.893257
2025-08-04,6198,2025080403019958,MFIL,Bhrikuti Stock Broking Co. Pvt. Ltd.,Imperial Securities Company Pvt. Ltd.,81,708.0,57348.0,2025-08-04 14:51:45.041403
2025-08-04,6143,2025080403019972,MFIL,Bhrikuti Stock Broking Co. Pvt. Ltd.,Imperial Securities Company Pvt. Ltd.,419,708.0,296652.0,2025-08-04 14:51:52.350010
2025-08-04,6084,2025080403019983,MFIL,Sri Hari Securities Pvt. Ltd.,Imperial Securities Company Pvt. Ltd.,66,708.0,46728.0,2025-08-04 14:51:57.502634
2025-08-04,5353,2025080403020084,MFIL,Bhrikuti Stock Broking Co. Pvt. Ltd.,Imperial Securities Company Pvt. Ltd.,15,708.0,10620.0,2025-08-04 14:53:13.245870
2025-08-04,5352,2025080403020085,MFIL,Bhrikuti Stock Broking Co. Pvt. Ltd.,Imperial Securities Company Pvt. Ltd.,485,708.0,343380.0,2025-08-04 14:53:13.246063
2025-08-04,4807,2025080403020181,MFIL,Vision Securities Pvt. Ltd,Imperial Securities Company Pvt. Ltd.,15,706.1,10591.5,2025-08-04 14:54:09.997476
2025-08-04,3744,2025080403020501,MFIL,Bhrikuti Stock Broking Co. Pvt. Ltd.,Trishakti Securities Public Limited,200,706.2,141240.0,2025-08-04 14:56:12.353267
2025-08-04,3743,2025080403020502,MFIL,Naasa Securities Co. Ltd.,Naasa Securities Co. Ltd.,5,702.0,3510.0,2025-08-04 14:56:12.393958
2025-08-04,3590,2025080403020539,MFIL,Dynamic Money Managers Securities Pvt. Ltd.,Sani Securities Company Ltd.,500,708.0,354000.0,2025-08-04 14:56:26.237805
2025-08-04,3589,2025080403020540,MFIL,Dynamic Money Managers Securities Pvt. Ltd.,Arun Securities (PVT) Ltd.,500,708.0,354000.0,2025-08-04 14:56:26.237977
2025-08-04,3519,2025080403020558,MFIL,Bhrikuti Stock Broking Co. Pvt. Ltd.,Arun Securities (PVT) Ltd.,500,708.0,354000.0,2025-08-04 14:56:36.176878
2025-08-04,3078,2025080403020682,MFIL,Primo Securities (PVT) Ltd.,Trishakti Securities Public Limited,290,708.0,205320.0,2025-08-04 14:57:19.921199
2025-08-04,3077,2025080403020683,MFIL,Vision Securities Pvt. Ltd,Nepal Stock House (PVT) Ltd.,50,706.1,35305.0,2025-08-04 14:57:20.074924
2025-08-04,2584,2025080403020824,MFIL,Vision Securities Pvt. Ltd,Imperial Securities Company Pvt. Ltd.,115,706.1,81201.5,2025-08-04 14:58:00.916914
2025-08-04,2583,2025080403020825,MFIL,Naasa Securities Co. Ltd.,Imperial Securities Company Pvt. Ltd.,275,706.0,194150.0,2025-08-04 14:58:00.917290
2025-08-04,2582,2025080403020826,MFIL,Himalayan Brokerage Company Limited,Imperial Securities Company Pvt. Ltd.,110,705.5,77605.0,2025-08-04 14:58:00.917510
2025-08-04,2145,2025080403020947,MFIL,Sani Securities Company Ltd.,Kumari Securities Private Limited,90,706.0,63540.0,2025-08-04 14:58:37.470181
2025-08-04,2144,2025080403020948,MFIL,Himalayan Brokerage Company Limited,Kumari Securities Private Limited,210,705.5,148155.0,2025-08-04 14:58:37.470356
2025-08-04,2111,2025080403020960,MFIL,Himalayan Brokerage Company Limited,Asian Securities Private Ltd.,180,705.5,126990.0,2025-08-04 14:58:39.847096
2025-08-04,2110,2025080403020961,MFIL,Nepal Stock House (PVT) Ltd.,Asian Securities Private Ltd.,320,705.4,225728.0,2025-08-04 14:58:39.847299
2025-08-04,1913,2025080403021032,MFIL,J.F. Securites (PVT) Ltd.,Trisul Securities & Invt. Ltd.,90,706.0,63540.0,2025-08-04 14:58:51.712279
2025-08-04,1912,2025080403021033,MFIL,J.F. Securites (PVT) Ltd.,Trishakti Securities Public Limited,1170,706.0,826020.0,2025-08-04 14:58:51.712448
2025-08-04,1582,2025080403021113,MFIL,J.F. Securites (PVT) Ltd.,Kalika Securities Pvt. Ltd.,500,706.0,353000.0,2025-08-04 14:59:04.824178
2025-08-04,1460,2025080403021168,MFIL,J.F. Securites (PVT) Ltd.,Imperial Securities Company Pvt. Ltd.,100,706.0,70600.0,2025-08-04 14:59:11.996186
2025-08-04,642,2025080403021416,MFIL,Thrive Brokerage House Pvt. Ltd,Kohinoor Investment & Securities Pvt. Ltd.,30,707.0,21210.0,2025-08-04 14:59:42.302371
2025-08-04,641,2025080403021417,MFIL,Thrive Brokerage House Pvt. Ltd,Aryatara Investment & Securities,196,707.0,138572.0,2025-08-04 14:59:42.302483
2025-08-04,640,2025080403021418,MFIL,Thrive Brokerage House Pvt. Ltd,Agrawal Securities (PVT) Ltd.,200,707.0,141400.0,2025-08-04 14:59:42.302573
2025-08-04,639,2025080403021419,MFIL,Thrive Brokerage House Pvt. Ltd,Imperial Securities Company Pvt. Ltd.,74,707.0,52318.0,2025-08-04 14:59:42.302678
2025-08-04,638,2025080403021420,MFIL,J.F. Securites (PVT) Ltd.,Kalika Securities Pvt. Ltd.,140,706.0,98840.0,2025-08-04 14:59:42.305404
2025-08-04,637,2025080403021421,MFIL,Investment Management Nepal Pvt. Ltd.,Kalika Securities Pvt. Ltd.,360,706.0,254160.0,2025-08-04 14:59:42.305713
2025-08-04,448,2025080403021477,MFIL,Sundhara Securities Limited,Imperial Securities Company Pvt. Ltd.,26,707.0,18382.0,2025-08-04 14:59:50.595297
