Date,S.N.,Contract ID,Symbol,Buyer Broker,Seller Broker,quantity,rate,amount,transaction_time
2025-08-04,149256,2025080404000004,SHPC,Vision Securities Pvt. Ltd,Bhrikuti Stock Broking Co. Pvt. Ltd.,10,609.2,6092.0,2025-08-04 10:46:00.024389
2025-08-04,145191,2025080404000811,SHPC,Imperial Securities Company Pvt. Ltd.,Malla & Malla Stock Broking Company Pvt. Limited,100,603.0,60300.0,2025-08-04 11:04:11.591831
2025-08-04,145019,2025080404000832,SHPC,Sri Hari Securities Pvt. Ltd.,Malla & Malla Stock Broking Company Pvt. Limited,200,603.0,120600.0,2025-08-04 11:04:22.400486
2025-08-04,143658,2025080404000961,SHPC,Asian Securities Private Ltd.,Kohinoor Investment & Securities Pvt. Ltd.,10,601.0,6010.0,2025-08-04 11:05:25.438288
2025-08-04,143590,2025080404000968,SHPC,Premier Securities Company Ltd.,Malla & Malla Stock Broking Company Pvt. Limited,500,603.0,301500.0,2025-08-04 11:05:29.004387
2025-08-04,142191,2025080404001144,SHPC,Oxford Securities Pvt. Ltd.,South Asian Bulls Pvt. Ltd.,1000,602.0,602000.0,2025-08-04 11:06:39.955694
2025-08-04,142050,2025080404001155,SHPC,Asian Securities Private Ltd.,Malla & Malla Stock Broking Company Pvt. Limited,10,603.0,6030.0,2025-08-04 11:06:45.196027
2025-08-04,140806,2025080404001289,SHPC,Stoxkarts Securities Limited,Malla & Malla Stock Broking Company Pvt. Limited,190,603.0,114570.0,2025-08-04 11:07:39.761834
2025-08-04,140699,2025080404001311,SHPC,Stoxkarts Securities Limited,South Asian Bulls Pvt. Ltd.,10,603.0,6030.0,2025-08-04 11:07:47.654752
2025-08-04,140698,2025080404001312,SHPC,Linch Stock Market Ltd.,South Asian Bulls Pvt. Ltd.,500,602.0,301000.0,2025-08-04 11:07:47.654841
2025-08-04,140368,2025080404001349,SHPC,Asian Securities Private Ltd.,Aryatara Investment & Securities,50,601.0,30050.0,2025-08-04 11:08:04.199116
2025-08-04,140367,2025080404001350,SHPC,Opal Securities Investment (PVT) Ltd.,Aryatara Investment & Securities,200,601.0,120200.0,2025-08-04 11:08:04.199240
2025-08-04,140366,2025080404001351,SHPC,Kohinoor Investment & Securities Pvt. Ltd.,Aryatara Investment & Securities,69,601.0,41469.0,2025-08-04 11:08:04.199284
2025-08-04,140365,2025080404001352,SHPC,Kohinoor Investment & Securities Pvt. Ltd.,Aryatara Investment & Securities,500,600.6,300300.0,2025-08-04 11:08:04.199338
2025-08-04,140364,2025080404001353,SHPC,Himalayan Brokerage Company Limited,Aryatara Investment & Securities,300,600.4,180120.0,2025-08-04 11:08:04.199386
2025-08-04,140363,2025080404001354,SHPC,Cristal Kanchanjanga Securites Pvt. Ltd.,Aryatara Investment & Securities,500,600.1,300050.0,2025-08-04 11:08:04.199429
2025-08-04,140362,2025080404001355,SHPC,Sani Securities Company Ltd.,Aryatara Investment & Securities,100,600.1,60010.0,2025-08-04 11:08:04.199495
2025-08-04,140361,2025080404001356,SHPC,Linch Stock Market Ltd.,Aryatara Investment & Securities,16,600.0,9600.0,2025-08-04 11:08:04.199533
2025-08-04,140360,2025080404001357,SHPC,Sumeru Securities Pvt. Ltd.,Aryatara Investment & Securities,700,600.0,420000.0,2025-08-04 11:08:04.199573
2025-08-04,140359,2025080404001358,SHPC,Trisul Securities & Invt. Ltd.,Aryatara Investment & Securities,500,600.0,300000.0,2025-08-04 11:08:04.199610
2025-08-04,139973,2025080404001399,SHPC,Online Securities Pvt. Ltd.,Aryatara Investment & Securities,65,600.0,39000.0,2025-08-04 11:08:28.122267
2025-08-04,139487,2025080404001484,SHPC,Sundhara Securities Limited,South Asian Bulls Pvt. Ltd.,50,604.9,30245.0,2025-08-04 11:08:55.742975
2025-08-04,139093,2025080404001539,SHPC,Online Securities Pvt. Ltd.,South Asian Bulls Pvt. Ltd.,200,604.9,120980.0,2025-08-04 11:09:15.155202
2025-08-04,138912,2025080404001562,SHPC,Online Securities Pvt. Ltd.,Beni Securities Pvt.Ltd.,430,600.0,258000.0,2025-08-04 11:09:23.756772
2025-08-04,135679,2025080404002010,SHPC,Asian Securities Private Ltd.,Cristal Kanchanjanga Securites Pvt. Ltd.,100,601.2,60120.0,2025-08-04 11:12:12.342149
2025-08-04,135678,2025080404002011,SHPC,INDEX SECURITIES LIMITED,Cristal Kanchanjanga Securites Pvt. Ltd.,400,601.1,240440.0,2025-08-04 11:12:12.342420
2025-08-04,135405,2025080404002045,SHPC,INDEX SECURITIES LIMITED,Nagarik Stock Dealer ,95,601.1,57104.5,2025-08-04 11:12:24.737109
2025-08-04,134393,2025080404002167,SHPC,Linch Stock Market Ltd.,Asian Securities Private Ltd.,20,604.0,12080.0,2025-08-04 11:13:04.032685
2025-08-04,133897,2025080404002287,SHPC,Online Securities Pvt. Ltd.,South Asian Bulls Pvt. Ltd.,300,604.8,181440.0,2025-08-04 11:13:27.685012
2025-08-04,133219,2025080404002396,SHPC,Agrawal Securities (PVT) Ltd.,Bhrikuti Stock Broking Co. Pvt. Ltd.,100,605.0,60500.0,2025-08-04 11:13:57.702463
2025-08-04,132710,2025080404002446,SHPC,Linch Stock Market Ltd.,Bhrikuti Stock Broking Co. Pvt. Ltd.,10,605.0,6050.0,2025-08-04 11:14:13.216790
2025-08-04,132396,2025080404002473,SHPC,Premier Securities Company Ltd.,Imperial Securities Company Pvt. Ltd.,200,602.0,120400.0,2025-08-04 11:14:27.603527
2025-08-04,132395,2025080404002474,SHPC,Pragyan Securities (PVT) Ltd.,Imperial Securities Company Pvt. Ltd.,30,601.2,18036.0,2025-08-04 11:14:27.603703
2025-08-04,132394,2025080404002475,SHPC,Vision Securities Pvt. Ltd,Imperial Securities Company Pvt. Ltd.,270,601.2,162324.0,2025-08-04 11:14:27.603814
2025-08-04,130920,2025080404002604,SHPC,Premier Securities Company Ltd.,Vision Securities Pvt. Ltd,1000,602.5,602500.0,2025-08-04 11:15:37.103253
2025-08-04,130919,2025080404002605,SHPC,Dipshikha Dhitopatra Karobar Co. Pvt Ltd.,Vision Securities Pvt. Ltd,50,602.0,30100.0,2025-08-04 11:15:37.103426
2025-08-04,130918,2025080404002606,SHPC,Deevyaa Securities & Stock House Pvt. Ltd,Vision Securities Pvt. Ltd,100,601.3,60130.0,2025-08-04 11:15:37.103491
2025-08-04,130917,2025080404002607,SHPC,Vision Securities Pvt. Ltd,Vision Securities Pvt. Ltd,730,601.2,438876.0,2025-08-04 11:15:37.103552
2025-08-04,130916,2025080404002608,SHPC,Property Wiard Limited,Vision Securities Pvt. Ltd,5000,601.2,3006000.0,2025-08-04 11:15:37.103612
2025-08-04,130915,2025080404002609,SHPC,INDEX SECURITIES LIMITED,Vision Securities Pvt. Ltd,505,601.1,303555.5,2025-08-04 11:15:37.103671
2025-08-04,130914,2025080404002610,SHPC,Online Securities Pvt. Ltd.,Vision Securities Pvt. Ltd,2500,601.0,1502500.0,2025-08-04 11:15:37.103732
2025-08-04,130913,2025080404002611,SHPC,KALASH STOCK MARKET PVT. LTD.,Vision Securities Pvt. Ltd,115,600.0,69000.0,2025-08-04 11:15:37.103787
2025-08-04,130130,2025080404002681,SHPC,Naasa Securities Co. Ltd.,Cristal Kanchanjanga Securites Pvt. Ltd.,50,600.1,30005.0,2025-08-04 11:16:16.147960
2025-08-04,130129,2025080404002682,SHPC,Kalika Securities Pvt. Ltd.,Cristal Kanchanjanga Securites Pvt. Ltd.,450,600.0,270000.0,2025-08-04 11:16:16.148117
2025-08-04,129688,2025080404002729,SHPC,Kalika Securities Pvt. Ltd.,KALASH STOCK MARKET PVT. LTD.,50,600.0,30000.0,2025-08-04 11:16:37.161497
2025-08-04,129687,2025080404002730,SHPC,Nepal Investment And Securities Trading Private Limited,KALASH STOCK MARKET PVT. LTD.,100,600.0,60000.0,2025-08-04 11:16:37.161640
2025-08-04,129686,2025080404002731,SHPC,Trisul Securities & Invt. Ltd.,KALASH STOCK MARKET PVT. LTD.,350,600.0,210000.0,2025-08-04 11:16:37.161703
2025-08-04,129359,2025080404002782,SHPC,Dipshikha Dhitopatra Karobar Co. Pvt Ltd.,Nepal Stock House (PVT) Ltd.,200,603.0,120600.0,2025-08-04 11:16:49.335302
2025-08-04,128223,2025080404002884,SHPC,Trisul Securities & Invt. Ltd.,Imperial Securities Company Pvt. Ltd.,158,600.0,94800.0,2025-08-04 11:17:51.709093
2025-08-04,128222,2025080404002885,SHPC,Secured Securities Ltd.,Imperial Securities Company Pvt. Ltd.,212,600.0,127200.0,2025-08-04 11:17:51.709289
2025-08-04,128001,2025080404002908,SHPC,Secured Securities Ltd.,Midas Stock Broking Company Private Limited,1000,600.0,600000.0,2025-08-04 11:18:02.609674
2025-08-04,126899,2025080404002993,SHPC,Kalika Securities Pvt. Ltd.,Naasa Securities Co. Ltd.,100,601.0,60100.0,2025-08-04 11:18:59.428998
2025-08-04,126762,2025080404003008,SHPC,Dipshikha Dhitopatra Karobar Co. Pvt Ltd.,Naasa Securities Co. Ltd.,100,601.0,60100.0,2025-08-04 11:19:06.714442
2025-08-04,126423,2025080404003066,SHPC,Malla & Malla Stock Broking Company Pvt. Limited,Vision Securities Pvt. Ltd,1,595.0,595.0,2025-08-04 11:19:27.339435
2025-08-04,126305,2025080404003085,SHPC,Trisul Securities & Invt. Ltd.,Nepal Stock House (PVT) Ltd.,25,603.0,15075.0,2025-08-04 11:19:34.751277
2025-08-04,126304,2025080404003086,SHPC,Trisul Securities & Invt. Ltd.,Shree Krishna Securities Ltd.,25,603.0,15075.0,2025-08-04 11:19:34.751455
2025-08-04,125587,2025080404003158,SHPC,Magnet Securities and Investment Company Private Limited,South Asian Bulls Pvt. Ltd.,400,603.9,241560.0,2025-08-04 11:20:14.874663
2025-08-04,125586,2025080404003159,SHPC,Magnet Securities and Investment Company Private Limited,Imperial Securities Company Pvt. Ltd.,100,604.0,60400.0,2025-08-04 11:20:14.875007
2025-08-04,125065,2025080404003204,SHPC,Opal Securities Investment (PVT) Ltd.,Imperial Securities Company Pvt. Ltd.,100,604.0,60400.0,2025-08-04 11:20:48.045095
2025-08-04,124574,2025080404003238,SHPC,Malla & Malla Stock Broking Company Pvt. Limited,South Asian Bulls Pvt. Ltd.,1,600.0,600.0,2025-08-04 11:21:16.183989
2025-08-04,123622,2025080404003323,SHPC,Vision Securities Pvt. Ltd,Deevyaa Securities & Stock House Pvt. Ltd,80,604.1,48328.0,2025-08-04 11:22:11.441429
2025-08-04,122285,2025080404003432,SHPC,Vision Securities Pvt. Ltd,Kalika Securities Pvt. Ltd.,10,604.9,6049.0,2025-08-04 11:23:23.623530
2025-08-04,122284,2025080404003433,SHPC,Vision Securities Pvt. Ltd,Bhrikuti Stock Broking Co. Pvt. Ltd.,180,605.0,108900.0,2025-08-04 11:23:23.623891
2025-08-04,122283,2025080404003434,SHPC,Vision Securities Pvt. Ltd,Sagarmatha Securities Private Limited,200,605.0,121000.0,2025-08-04 11:23:23.624101
2025-08-04,122282,2025080404003435,SHPC,Vision Securities Pvt. Ltd,Midas Stock Broking Company Private Limited,30,605.0,18150.0,2025-08-04 11:23:23.624301
2025-08-04,122281,2025080404003436,SHPC,Vision Securities Pvt. Ltd,Kohinoor Investment & Securities Pvt. Ltd.,80,605.0,48400.0,2025-08-04 11:23:23.624508
2025-08-04,121668,2025080404003486,SHPC,Linch Stock Market Ltd.,Kohinoor Investment & Securities Pvt. Ltd.,200,605.0,121000.0,2025-08-04 11:23:59.829322
2025-08-04,121198,2025080404003525,SHPC,Sumeru Securities Pvt. Ltd.,Kohinoor Investment & Securities Pvt. Ltd.,100,605.0,60500.0,2025-08-04 11:24:29.269487
2025-08-04,120974,2025080404003564,SHPC,Vision Securities Pvt. Ltd,Kohinoor Investment & Securities Pvt. Ltd.,120,605.0,72600.0,2025-08-04 11:24:42.724648
2025-08-04,120973,2025080404003565,SHPC,Vision Securities Pvt. Ltd,Dakshinkali Investment & Securities Pvt. Ltd.,100,605.0,60500.0,2025-08-04 11:24:42.724888
2025-08-04,120972,2025080404003566,SHPC,Vision Securities Pvt. Ltd,Deevyaa Securities & Stock House Pvt. Ltd,280,605.0,169400.0,2025-08-04 11:24:42.724993
2025-08-04,120851,2025080404003582,SHPC,Malla & Malla Stock Broking Company Pvt. Limited,Asian Securities Private Ltd.,2,600.0,1200.0,2025-08-04 11:24:51.754632
2025-08-04,120262,2025080404003616,SHPC,Vision Securities Pvt. Ltd,Arun Securities (PVT) Ltd.,150,604.9,90735.0,2025-08-04 11:25:23.532017
2025-08-04,120112,2025080404003640,SHPC,Online Securities Pvt. Ltd.,Miyo Securities Pvt Ltd,50,604.0,30200.0,2025-08-04 11:25:35.665692
2025-08-04,119909,2025080404003664,SHPC,Midas Stock Broking Company Private Limited,Dynamic Money Managers Securities Pvt. Ltd.,100,604.0,60400.0,2025-08-04 11:25:47.359881
2025-08-04,119854,2025080404003670,SHPC,Aryatara Investment & Securities,Dynamic Money Managers Securities Pvt. Ltd.,400,604.0,241600.0,2025-08-04 11:25:50.382769
2025-08-04,119853,2025080404003671,SHPC,Aryatara Investment & Securities,Arun Securities (PVT) Ltd.,100,604.9,60490.0,2025-08-04 11:25:50.382982
2025-08-04,119517,2025080404003697,SHPC,Neev Securities Pvt. Ltd.,Dipshikha Dhitopatra Karobar Co. Pvt Ltd.,400,603.5,241400.0,2025-08-04 11:26:08.545458
2025-08-04,118407,2025080404003811,SHPC,Malla & Malla Stock Broking Company Pvt. Limited,Sipla Securities Private Limited,1,600.0,600.0,2025-08-04 11:27:06.838007
2025-08-04,118170,2025080404003835,SHPC,Neev Securities Pvt. Ltd.,Miyo Securities Pvt Ltd,50,603.5,30175.0,2025-08-04 11:27:24.183575
2025-08-04,117718,2025080404003878,SHPC,Online Securities Pvt. Ltd.,Miyo Securities Pvt Ltd,15,604.0,9060.0,2025-08-04 11:27:48.726776
2025-08-04,117706,2025080404003879,SHPC,Neev Securities Pvt. Ltd.,South Asian Bulls Pvt. Ltd.,50,603.5,30175.0,2025-08-04 11:27:49.268131
2025-08-04,117705,2025080404003880,SHPC,Investment Management Nepal Pvt. Ltd.,South Asian Bulls Pvt. Ltd.,10,603.5,6035.0,2025-08-04 11:27:49.268379
2025-08-04,117704,2025080404003881,SHPC,Neev Securities Pvt. Ltd.,South Asian Bulls Pvt. Ltd.,500,603.1,301550.0,2025-08-04 11:27:49.268465
2025-08-04,117703,2025080404003882,SHPC,Magnet Securities and Investment Company Private Limited,South Asian Bulls Pvt. Ltd.,500,603.0,301500.0,2025-08-04 11:27:49.268575
2025-08-04,117702,2025080404003883,SHPC,Agrawal Securities (PVT) Ltd.,South Asian Bulls Pvt. Ltd.,200,603.0,120600.0,2025-08-04 11:27:49.268690
2025-08-04,117468,2025080404003897,SHPC,Oxford Securities Pvt. Ltd.,Kumari Securities Private Limited,150,603.0,90450.0,2025-08-04 11:28:01.852540
2025-08-04,117467,2025080404003898,SHPC,Oxford Securities Pvt. Ltd.,Deevyaa Securities & Stock House Pvt. Ltd,500,604.0,302000.0,2025-08-04 11:28:01.852806
2025-08-04,117466,2025080404003899,SHPC,Oxford Securities Pvt. Ltd.,Arun Securities (PVT) Ltd.,250,604.9,151225.0,2025-08-04 11:28:01.852903
2025-08-04,117465,2025080404003900,SHPC,Oxford Securities Pvt. Ltd.,Deevyaa Securities & Stock House Pvt. Ltd,230,605.0,139150.0,2025-08-04 11:28:01.853001
2025-08-04,117464,2025080404003901,SHPC,Oxford Securities Pvt. Ltd.,Cristal Kanchanjanga Securites Pvt. Ltd.,500,605.0,302500.0,2025-08-04 11:28:01.853078
2025-08-04,117463,2025080404003902,SHPC,Oxford Securities Pvt. Ltd.,Secured Securities Ltd.,50,605.0,30250.0,2025-08-04 11:28:01.853152
2025-08-04,117462,2025080404003903,SHPC,Oxford Securities Pvt. Ltd.,Sundhara Securities Limited,100,605.0,60500.0,2025-08-04 11:28:01.853228
2025-08-04,117461,2025080404003904,SHPC,Oxford Securities Pvt. Ltd.,Naasa Securities Co. Ltd.,120,605.0,72600.0,2025-08-04 11:28:01.853300
2025-08-04,117460,2025080404003905,SHPC,Oxford Securities Pvt. Ltd.,Aryatara Investment & Securities,200,605.0,121000.0,2025-08-04 11:28:01.853399
2025-08-04,117459,2025080404003906,SHPC,Oxford Securities Pvt. Ltd.,Vision Securities Pvt. Ltd,46,605.0,27830.0,2025-08-04 11:28:01.853518
2025-08-04,117458,2025080404003907,SHPC,Oxford Securities Pvt. Ltd.,Kumari Securities Private Limited,300,606.0,181800.0,2025-08-04 11:28:01.853611
2025-08-04,117457,2025080404003908,SHPC,Oxford Securities Pvt. Ltd.,Sumeru Securities Pvt. Ltd.,500,606.0,303000.0,2025-08-04 11:28:01.853723
2025-08-04,117456,2025080404003909,SHPC,Oxford Securities Pvt. Ltd.,Indira securities pvt. ltd,54,606.0,32724.0,2025-08-04 11:28:01.853807
2025-08-04,116310,2025080404004053,SHPC,Sweta Securities Private Limited,Miyo Securities Pvt Ltd,85,603.0,51255.0,2025-08-04 11:29:17.738363
2025-08-04,115934,2025080404004091,SHPC,Sweta Securities Private Limited,Sani Securities Company Ltd.,250,603.0,150750.0,2025-08-04 11:29:38.104002
2025-08-04,115933,2025080404004092,SHPC,Sweta Securities Private Limited,Sani Securities Company Ltd.,165,603.0,99495.0,2025-08-04 11:29:38.108289
2025-08-04,115932,2025080404004093,SHPC,Investment Management Nepal Pvt. Ltd.,Sani Securities Company Ltd.,100,603.0,60300.0,2025-08-04 11:29:38.108556
2025-08-04,115931,2025080404004094,SHPC,Imperial Securities Company Pvt. Ltd.,Sani Securities Company Ltd.,35,603.0,21105.0,2025-08-04 11:29:38.108778
2025-08-04,115468,2025080404004174,SHPC,Imperial Securities Company Pvt. Ltd.,Machhapuchchhre Securities Limited,30,603.0,18090.0,2025-08-04 11:30:14.965518
2025-08-04,114558,2025080404004241,SHPC,Nepal Investment And Securities Trading Private Limited,Vision Securities Pvt. Ltd,50,603.2,30160.0,2025-08-04 11:31:07.840927
2025-08-04,113305,2025080404004389,SHPC,Nepal Investment And Securities Trading Private Limited,Vision Securities Pvt. Ltd,450,603.2,271440.0,2025-08-04 11:32:28.178334
2025-08-04,113304,2025080404004390,SHPC,Imperial Securities Company Pvt. Ltd.,Vision Securities Pvt. Ltd,85,603.0,51255.0,2025-08-04 11:32:28.178534
2025-08-04,113303,2025080404004391,SHPC,ABC Securities Private Limited,Vision Securities Pvt. Ltd,30,603.0,18090.0,2025-08-04 11:32:28.178618
2025-08-04,113302,2025080404004392,SHPC,Imperial Securities Company Pvt. Ltd.,Vision Securities Pvt. Ltd,100,603.0,60300.0,2025-08-04 11:32:28.178700
2025-08-04,113301,2025080404004393,SHPC,Sani Securities Company Ltd.,Vision Securities Pvt. Ltd,200,602.0,120400.0,2025-08-04 11:32:28.178791
2025-08-04,113300,2025080404004394,SHPC,Agrawal Securities (PVT) Ltd.,Vision Securities Pvt. Ltd,2000,602.0,1204000.0,2025-08-04 11:32:28.178888
2025-08-04,113299,2025080404004395,SHPC,Online Securities Pvt. Ltd.,Vision Securities Pvt. Ltd,135,602.0,81270.0,2025-08-04 11:32:28.178966
2025-08-04,111878,2025080404004496,SHPC,Online Securities Pvt. Ltd.,Vision Securities Pvt. Ltd,65,602.0,39130.0,2025-08-04 11:33:47.459711
2025-08-04,111877,2025080404004497,SHPC,SUN SECURITIES PVT LTD,Vision Securities Pvt. Ltd,500,602.0,301000.0,2025-08-04 11:33:47.460147
2025-08-04,111876,2025080404004498,SHPC,Investment Management Nepal Pvt. Ltd.,Vision Securities Pvt. Ltd,100,602.0,60200.0,2025-08-04 11:33:47.460414
2025-08-04,111875,2025080404004499,SHPC,Opal Securities Investment (PVT) Ltd.,Vision Securities Pvt. Ltd,200,602.0,120400.0,2025-08-04 11:33:47.460664
2025-08-04,111874,2025080404004500,SHPC,Nepal Investment And Securities Trading Private Limited,Vision Securities Pvt. Ltd,20,601.2,12024.0,2025-08-04 11:33:47.460918
2025-08-04,111873,2025080404004501,SHPC,Investment Management Nepal Pvt. Ltd.,Vision Securities Pvt. Ltd,50,601.2,30060.0,2025-08-04 11:33:47.461155
2025-08-04,111872,2025080404004502,SHPC,Market Securities & Exchange (PVT) Ltd.,Vision Securities Pvt. Ltd,110,601.1,66121.0,2025-08-04 11:33:47.461430
2025-08-04,111871,2025080404004503,SHPC,Bhrikuti Stock Broking Co. Pvt. Ltd.,Vision Securities Pvt. Ltd,200,601.0,120200.0,2025-08-04 11:33:47.461678
2025-08-04,111870,2025080404004504,SHPC,KALASH STOCK MARKET PVT. LTD.,Vision Securities Pvt. Ltd,200,601.0,120200.0,2025-08-04 11:33:47.461933
2025-08-04,111869,2025080404004505,SHPC,Nepal Stock House (PVT) Ltd.,Vision Securities Pvt. Ltd,10,601.0,6010.0,2025-08-04 11:33:47.462207
2025-08-04,111868,2025080404004506,SHPC,Cristal Kanchanjanga Securites Pvt. Ltd.,Vision Securities Pvt. Ltd,10,601.0,6010.0,2025-08-04 11:33:47.462565
2025-08-04,111867,2025080404004507,SHPC,Imperial Securities Company Pvt. Ltd.,Vision Securities Pvt. Ltd,200,601.0,120200.0,2025-08-04 11:33:47.462869
2025-08-04,111866,2025080404004508,SHPC,Secured Securities Ltd.,Vision Securities Pvt. Ltd,288,600.0,172800.0,2025-08-04 11:33:47.463221
2025-08-04,111865,2025080404004509,SHPC,Imperial Securities Company Pvt. Ltd.,Vision Securities Pvt. Ltd,50,600.0,30000.0,2025-08-04 11:33:47.463594
2025-08-04,111864,2025080404004510,SHPC,Cristal Kanchanjanga Securites Pvt. Ltd.,Vision Securities Pvt. Ltd,500,600.0,300000.0,2025-08-04 11:33:47.463954
2025-08-04,111863,2025080404004511,SHPC,Creative Securities Pvt Ltd,Vision Securities Pvt. Ltd,100,600.0,60000.0,2025-08-04 11:33:47.464292
2025-08-04,111862,2025080404004512,SHPC,Dipshikha Dhitopatra Karobar Co. Pvt Ltd.,Vision Securities Pvt. Ltd,397,600.0,238200.0,2025-08-04 11:33:47.464645
2025-08-04,111339,2025080404004551,SHPC,Machhapuchchhre Securities Limited,Naasa Securities Co. Ltd.,10,605.0,6050.0,2025-08-04 11:34:12.643935
2025-08-04,110558,2025080404004624,SHPC,Kalika Securities Pvt. Ltd.,Himalayan Brokerage Company Limited,100,601.3,60130.0,2025-08-04 11:34:52.121367
2025-08-04,109681,2025080404004707,SHPC,Machhapuchchhre Securities Limited,Imperial Securities Company Pvt. Ltd.,10,603.0,6030.0,2025-08-04 11:35:41.852525
2025-08-04,109663,2025080404004709,SHPC,Sani Securities Company Ltd.,SHUBHAKAMANA SECURITIES PVT. LTD,20,600.1,12002.0,2025-08-04 11:35:42.812976
2025-08-04,109441,2025080404004726,SHPC,Machhapuchchhre Securities Limited,Imperial Securities Company Pvt. Ltd.,10,603.0,6030.0,2025-08-04 11:35:53.881363
2025-08-04,109194,2025080404004741,SHPC,Sani Securities Company Ltd.,SHUBHAKAMANA SECURITIES PVT. LTD,50,600.1,30005.0,2025-08-04 11:36:04.881069
2025-08-04,108947,2025080404004771,SHPC,Machhapuchchhre Securities Limited,Imperial Securities Company Pvt. Ltd.,10,603.0,6030.0,2025-08-04 11:36:19.940691
2025-08-04,106851,2025080404004927,SHPC,Investment Management Nepal Pvt. Ltd.,Imperial Securities Company Pvt. Ltd.,100,603.0,60300.0,2025-08-04 11:38:20.385036
2025-08-04,105253,2025080404005056,SHPC,Agrawal Securities (PVT) Ltd.,Imperial Securities Company Pvt. Ltd.,870,603.0,524610.0,2025-08-04 11:39:28.502434
2025-08-04,104835,2025080404005070,SHPC,Investment Management Nepal Pvt. Ltd.,Naasa Securities Co. Ltd.,50,605.0,30250.0,2025-08-04 11:39:46.941364
2025-08-04,104834,2025080404005071,SHPC,Online Securities Pvt. Ltd.,Nepal Investment And Securities Trading Private Limited,400,603.0,241200.0,2025-08-04 11:39:47.382577
2025-08-04,104441,2025080404005113,SHPC,Malla & Malla Stock Broking Company Pvt. Limited,Agrawal Securities (PVT) Ltd.,6,607.0,3642.0,2025-08-04 11:40:23.536839
2025-08-04,103845,2025080404005191,SHPC,Online Securities Pvt. Ltd.,SHUBHAKAMANA SECURITIES PVT. LTD,30,603.0,18090.0,2025-08-04 11:41:15.091731
2025-08-04,103561,2025080404005232,SHPC,Online Securities Pvt. Ltd.,Sharepro Securities Private Limited,50,603.0,30150.0,2025-08-04 11:41:40.296094
2025-08-04,103403,2025080404005250,SHPC,Online Securities Pvt. Ltd.,Sharepro Securities Private Limited,32,603.0,19296.0,2025-08-04 11:41:55.419543
2025-08-04,103402,2025080404005251,SHPC,Sumeru Securities Pvt. Ltd.,Sharepro Securities Private Limited,18,601.7,10830.6,2025-08-04 11:41:55.419973
2025-08-04,102506,2025080404005368,SHPC,Agrawal Securities (PVT) Ltd.,Agrawal Securities (PVT) Ltd.,70,602.4,42168.0,2025-08-04 11:43:23.233762
2025-08-04,102505,2025080404005369,SHPC,Agrawal Securities (PVT) Ltd.,Agrawal Securities (PVT) Ltd.,80,602.3,48184.0,2025-08-04 11:43:23.233853
2025-08-04,102504,2025080404005370,SHPC,Agrawal Securities (PVT) Ltd.,Agrawal Securities (PVT) Ltd.,90,602.2,54198.0,2025-08-04 11:43:23.233904
2025-08-04,102503,2025080404005371,SHPC,Agrawal Securities (PVT) Ltd.,Agrawal Securities (PVT) Ltd.,100,602.1,60210.0,2025-08-04 11:43:23.233931
2025-08-04,102502,2025080404005372,SHPC,Sweta Securities Private Limited,Agrawal Securities (PVT) Ltd.,410,602.0,246820.0,2025-08-04 11:43:23.233956
2025-08-04,101954,2025080404005467,SHPC,Agrawal Securities (PVT) Ltd.,SHUBHAKAMANA SECURITIES PVT. LTD,50,602.5,30125.0,2025-08-04 11:44:19.172681
2025-08-04,101425,2025080404005527,SHPC,Agrawal Securities (PVT) Ltd.,Online Securities Pvt. Ltd.,10,602.5,6025.0,2025-08-04 11:44:59.379506
2025-08-04,100426,2025080404005666,SHPC,Agrawal Securities (PVT) Ltd.,Siprabi Securities Pvt. Ltd.,20,602.4,12048.0,2025-08-04 11:46:22.079867
2025-08-04,100425,2025080404005667,SHPC,Agrawal Securities (PVT) Ltd.,Siprabi Securities Pvt. Ltd.,30,602.3,18069.0,2025-08-04 11:46:22.080136
2025-08-04,100424,2025080404005668,SHPC,Agrawal Securities (PVT) Ltd.,Siprabi Securities Pvt. Ltd.,40,602.2,24088.0,2025-08-04 11:46:22.080270
2025-08-04,100423,2025080404005669,SHPC,Agrawal Securities (PVT) Ltd.,Siprabi Securities Pvt. Ltd.,50,602.1,30105.0,2025-08-04 11:46:22.080378
2025-08-04,100422,2025080404005670,SHPC,Sweta Securities Private Limited,Siprabi Securities Pvt. Ltd.,110,602.0,66220.0,2025-08-04 11:46:22.080478
2025-08-04,100166,2025080404005708,SHPC,Sweta Securities Private Limited,Siprabi Securities Pvt. Ltd.,80,602.0,48160.0,2025-08-04 11:46:48.340500
2025-08-04,100165,2025080404005709,SHPC,Dakshinkali Investment & Securities Pvt. Ltd.,Siprabi Securities Pvt. Ltd.,170,601.8,102306.0,2025-08-04 11:46:48.340756
2025-08-04,99501,2025080404005830,SHPC,Dakshinkali Investment & Securities Pvt. Ltd.,SHUBHAKAMANA SECURITIES PVT. LTD,30,601.8,18054.0,2025-08-04 11:47:47.858042
2025-08-04,99242,2025080404005864,SHPC,Sumeru Securities Pvt. Ltd.,Siprabi Securities Pvt. Ltd.,82,601.7,49339.4,2025-08-04 11:48:15.563084
2025-08-04,99241,2025080404005865,SHPC,Agrawal Securities (PVT) Ltd.,Siprabi Securities Pvt. Ltd.,30,601.6,18048.0,2025-08-04 11:48:15.563565
2025-08-04,99240,2025080404005866,SHPC,Agrawal Securities (PVT) Ltd.,Siprabi Securities Pvt. Ltd.,40,601.5,24060.0,2025-08-04 11:48:15.563892
2025-08-04,99239,2025080404005867,SHPC,Agrawal Securities (PVT) Ltd.,Siprabi Securities Pvt. Ltd.,50,601.4,30070.0,2025-08-04 11:48:15.564386
2025-08-04,99238,2025080404005868,SHPC,Agrawal Securities (PVT) Ltd.,Siprabi Securities Pvt. Ltd.,48,601.3,28862.4,2025-08-04 11:48:15.564902
2025-08-04,99202,2025080404005883,SHPC,Malla & Malla Stock Broking Company Pvt. Limited,Midas Stock Broking Company Private Limited,6,600.0,3600.0,2025-08-04 11:48:18.999003
2025-08-04,99132,2025080404005894,SHPC,Malla & Malla Stock Broking Company Pvt. Limited,Online Securities Pvt. Ltd.,20,604.0,12080.0,2025-08-04 11:48:24.069701
2025-08-04,99131,2025080404005895,SHPC,Malla & Malla Stock Broking Company Pvt. Limited,Imperial Securities Company Pvt. Ltd.,80,604.0,48320.0,2025-08-04 11:48:24.069943
2025-08-04,98980,2025080404005925,SHPC,Agrawal Securities (PVT) Ltd.,SHUBHAKAMANA SECURITIES PVT. LTD,12,601.3,7215.6,2025-08-04 11:48:39.022291
2025-08-04,98979,2025080404005926,SHPC,Agrawal Securities (PVT) Ltd.,SHUBHAKAMANA SECURITIES PVT. LTD,38,601.2,22845.6,2025-08-04 11:48:39.022349
2025-08-04,98750,2025080404005973,SHPC,Malla & Malla Stock Broking Company Pvt. Limited,Malla & Malla Stock Broking Company Pvt. Limited,1,600.0,600.0,2025-08-04 11:49:04.366709
2025-08-04,98743,2025080404005974,SHPC,Agrawal Securities (PVT) Ltd.,Siprabi Securities Pvt. Ltd.,32,601.2,19238.4,2025-08-04 11:49:04.663711
2025-08-04,98742,2025080404005975,SHPC,Agrawal Securities (PVT) Ltd.,Siprabi Securities Pvt. Ltd.,80,601.1,48088.0,2025-08-04 11:49:04.663963
2025-08-04,98741,2025080404005976,SHPC,Vision Securities Pvt. Ltd,Siprabi Securities Pvt. Ltd.,100,601.0,60100.0,2025-08-04 11:49:04.664077
2025-08-04,98740,2025080404005977,SHPC,Trishakti Securities Public Limited,Siprabi Securities Pvt. Ltd.,1888,601.0,1134688.0,2025-08-04 11:49:04.664189
2025-08-04,98278,2025080404006060,SHPC,Naasa Securities Co. Ltd.,Sharepro Securities Private Limited,11,602.0,6622.0,2025-08-04 11:49:56.548592
2025-08-04,97599,2025080404006174,SHPC,Naasa Securities Co. Ltd.,Siprabi Securities Pvt. Ltd.,19,602.0,11438.0,2025-08-04 11:51:01.208257
2025-08-04,97598,2025080404006175,SHPC,Trishakti Securities Public Limited,Siprabi Securities Pvt. Ltd.,112,601.0,67312.0,2025-08-04 11:51:01.208579
2025-08-04,97597,2025080404006176,SHPC,Trademow Securities Private Limited,Siprabi Securities Pvt. Ltd.,50,601.0,30050.0,2025-08-04 11:51:01.208751
2025-08-04,97596,2025080404006177,SHPC,Ashutosh Brokerage & Securities (PVT) Ltd.,Siprabi Securities Pvt. Ltd.,200,601.0,120200.0,2025-08-04 11:51:01.208877
2025-08-04,97595,2025080404006178,SHPC,Agrawal Securities (PVT) Ltd.,Siprabi Securities Pvt. Ltd.,90,600.9,54081.0,2025-08-04 11:51:01.208981
2025-08-04,97594,2025080404006179,SHPC,Agrawal Securities (PVT) Ltd.,Siprabi Securities Pvt. Ltd.,29,600.8,17423.2,2025-08-04 11:51:01.209084
2025-08-04,97199,2025080404006252,SHPC,Naasa Securities Co. Ltd.,Siprabi Securities Pvt. Ltd.,50,601.0,30050.0,2025-08-04 11:51:39.585894
2025-08-04,97198,2025080404006253,SHPC,Aryatara Investment & Securities,Siprabi Securities Pvt. Ltd.,90,601.0,54090.0,2025-08-04 11:51:39.586186
2025-08-04,97197,2025080404006254,SHPC,Siprabi Securities Pvt. Ltd.,Siprabi Securities Pvt. Ltd.,100,601.0,60100.0,2025-08-04 11:51:39.586293
2025-08-04,97196,2025080404006255,SHPC,Agrawal Securities (PVT) Ltd.,Siprabi Securities Pvt. Ltd.,71,600.8,42656.8,2025-08-04 11:51:39.586422
2025-08-04,97195,2025080404006256,SHPC,Agrawal Securities (PVT) Ltd.,Siprabi Securities Pvt. Ltd.,150,600.7,90105.0,2025-08-04 11:51:39.586525
2025-08-04,97194,2025080404006257,SHPC,Agrawal Securities (PVT) Ltd.,Siprabi Securities Pvt. Ltd.,200,600.6,120120.0,2025-08-04 11:51:39.586632
2025-08-04,97193,2025080404006258,SHPC,Investment Management Nepal Pvt. Ltd.,Siprabi Securities Pvt. Ltd.,100,600.5,60050.0,2025-08-04 11:51:39.586736
2025-08-04,97192,2025080404006259,SHPC,Agrawal Securities (PVT) Ltd.,Siprabi Securities Pvt. Ltd.,239,600.4,143495.6,2025-08-04 11:51:39.586835
2025-08-04,96846,2025080404006328,SHPC,Premier Securities Company Ltd.,Sharepro Securities Private Limited,10,602.0,6020.0,2025-08-04 11:52:19.536944
2025-08-04,96845,2025080404006329,SHPC,Sani Securities Company Ltd.,Sharepro Securities Private Limited,40,600.4,24016.0,2025-08-04 11:52:19.537472
2025-08-04,96064,2025080404006423,SHPC,Bhrikuti Stock Broking Co. Pvt. Ltd.,Malla & Malla Stock Broking Company Pvt. Limited,14,602.9,8440.6,2025-08-04 11:53:44.722664
2025-08-04,96063,2025080404006424,SHPC,Bhrikuti Stock Broking Co. Pvt. Ltd.,Nepal Investment And Securities Trading Private Limited,486,603.0,293058.0,2025-08-04 11:53:44.722775
2025-08-04,94655,2025080404006651,SHPC,Kohinoor Investment & Securities Pvt. Ltd.,Trishakti Securities Public Limited,30,602.0,18060.0,2025-08-04 11:56:43.799959
2025-08-04,94654,2025080404006652,SHPC,Linch Stock Market Ltd.,Trishakti Securities Public Limited,300,601.0,180300.0,2025-08-04 11:56:43.800232
2025-08-04,94565,2025080404006665,SHPC,Agrawal Securities (PVT) Ltd.,SUN SECURITIES PVT LTD,80,600.8,48064.0,2025-08-04 11:56:57.406605
2025-08-04,94564,2025080404006666,SHPC,Agrawal Securities (PVT) Ltd.,SUN SECURITIES PVT LTD,70,600.7,42049.0,2025-08-04 11:56:57.407123
2025-08-04,94300,2025080404006727,SHPC,Kohinoor Investment & Securities Pvt. Ltd.,Trishakti Securities Public Limited,20,601.0,12020.0,2025-08-04 11:57:28.356657
2025-08-04,94299,2025080404006728,SHPC,Kohinoor Investment & Securities Pvt. Ltd.,Nepal Investment And Securities Trading Private Limited,10,603.0,6030.0,2025-08-04 11:57:28.356955
2025-08-04,93306,2025080404006864,SHPC,Agrawal Securities (PVT) Ltd.,Aryatara Investment & Securities,20,600.7,12014.0,2025-08-04 11:59:28.507066
2025-08-04,93305,2025080404006865,SHPC,Agrawal Securities (PVT) Ltd.,Aryatara Investment & Securities,100,600.6,60060.0,2025-08-04 11:59:28.507146
2025-08-04,93304,2025080404006866,SHPC,Stoxkarts Securities Limited,Aryatara Investment & Securities,250,600.5,150125.0,2025-08-04 11:59:28.507173
2025-08-04,93303,2025080404006867,SHPC,Sani Securities Company Ltd.,Aryatara Investment & Securities,50,600.4,30020.0,2025-08-04 11:59:28.507195
2025-08-04,93302,2025080404006868,SHPC,Kohinoor Investment & Securities Pvt. Ltd.,Aryatara Investment & Securities,585,600.3,351175.5,2025-08-04 11:59:28.507218
2025-08-04,93189,2025080404006890,SHPC,Kohinoor Investment & Securities Pvt. Ltd.,Blue Chip Securities Ltd,15,600.3,9004.5,2025-08-04 11:59:45.314621
2025-08-04,92974,2025080404006924,SHPC,Agrawal Securities (PVT) Ltd.,Blue Chip Securities Ltd,85,600.3,51025.5,2025-08-04 12:00:06.595801
2025-08-04,92363,2025080404007043,SHPC,Sani Securities Company Ltd.,Cristal Kanchanjanga Securites Pvt. Ltd.,50,601.0,30050.0,2025-08-04 12:01:17.352288
2025-08-04,92362,2025080404007044,SHPC,Agrawal Securities (PVT) Ltd.,Cristal Kanchanjanga Securites Pvt. Ltd.,80,600.7,48056.0,2025-08-04 12:01:17.352701
2025-08-04,92361,2025080404007045,SHPC,Agrawal Securities (PVT) Ltd.,Cristal Kanchanjanga Securites Pvt. Ltd.,90,600.6,54054.0,2025-08-04 12:01:17.352832
2025-08-04,92360,2025080404007046,SHPC,Agrawal Securities (PVT) Ltd.,Cristal Kanchanjanga Securites Pvt. Ltd.,100,600.6,60060.0,2025-08-04 12:01:17.352948
2025-08-04,92359,2025080404007047,SHPC,Agrawal Securities (PVT) Ltd.,Cristal Kanchanjanga Securites Pvt. Ltd.,100,600.5,60050.0,2025-08-04 12:01:17.353079
2025-08-04,92358,2025080404007048,SHPC,Agrawal Securities (PVT) Ltd.,Cristal Kanchanjanga Securites Pvt. Ltd.,80,600.5,48040.0,2025-08-04 12:01:17.353201
2025-08-04,91106,2025080404007307,SHPC,Agrawal Securities (PVT) Ltd.,Imperial Securities Company Pvt. Ltd.,60,600.7,36042.0,2025-08-04 12:03:29.682727
2025-08-04,91105,2025080404007308,SHPC,Agrawal Securities (PVT) Ltd.,Imperial Securities Company Pvt. Ltd.,70,600.6,42042.0,2025-08-04 12:03:29.683095
2025-08-04,91104,2025080404007309,SHPC,Agrawal Securities (PVT) Ltd.,Imperial Securities Company Pvt. Ltd.,20,600.5,12010.0,2025-08-04 12:03:29.683215
2025-08-04,91103,2025080404007310,SHPC,Agrawal Securities (PVT) Ltd.,Imperial Securities Company Pvt. Ltd.,80,600.5,48040.0,2025-08-04 12:03:29.683336
2025-08-04,91102,2025080404007311,SHPC,Trishakti Securities Public Limited,Imperial Securities Company Pvt. Ltd.,350,600.5,210175.0,2025-08-04 12:03:29.683484
2025-08-04,91101,2025080404007312,SHPC,Nepal Stock House (PVT) Ltd.,Imperial Securities Company Pvt. Ltd.,500,600.5,300250.0,2025-08-04 12:03:29.683601
2025-08-04,91100,2025080404007313,SHPC,Agrawal Securities (PVT) Ltd.,Imperial Securities Company Pvt. Ltd.,150,600.4,90060.0,2025-08-04 12:03:29.683758
2025-08-04,91099,2025080404007314,SHPC,Agrawal Securities (PVT) Ltd.,Imperial Securities Company Pvt. Ltd.,200,600.4,120080.0,2025-08-04 12:03:29.683870
2025-08-04,91098,2025080404007315,SHPC,Agrawal Securities (PVT) Ltd.,Imperial Securities Company Pvt. Ltd.,115,600.3,69034.5,2025-08-04 12:03:29.683982
2025-08-04,91097,2025080404007316,SHPC,Premier Securities Company Ltd.,Imperial Securities Company Pvt. Ltd.,65,600.2,39013.0,2025-08-04 12:03:29.684091
2025-08-04,91096,2025080404007317,SHPC,Online Securities Pvt. Ltd.,Imperial Securities Company Pvt. Ltd.,100,600.2,60020.0,2025-08-04 12:03:29.684201
2025-08-04,91095,2025080404007318,SHPC,Agrawal Securities (PVT) Ltd.,Imperial Securities Company Pvt. Ltd.,100,600.2,60020.0,2025-08-04 12:03:29.684309
2025-08-04,91094,2025080404007319,SHPC,Sani Securities Company Ltd.,Imperial Securities Company Pvt. Ltd.,190,600.1,114019.0,2025-08-04 12:03:29.684432
2025-08-04,90993,2025080404007352,SHPC,Sani Securities Company Ltd.,Sharepro Securities Private Limited,150,600.1,90015.0,2025-08-04 12:03:40.980700
2025-08-04,90945,2025080404007361,SHPC,Sani Securities Company Ltd.,Imperial Securities Company Pvt. Ltd.,90,600.1,54009.0,2025-08-04 12:03:46.990455
2025-08-04,90944,2025080404007362,SHPC,Trishakti Securities Public Limited,Imperial Securities Company Pvt. Ltd.,990,600.1,594099.0,2025-08-04 12:03:46.990762
2025-08-04,90943,2025080404007363,SHPC,Dipshikha Dhitopatra Karobar Co. Pvt Ltd.,Imperial Securities Company Pvt. Ltd.,603,600.0,361800.0,2025-08-04 12:03:46.990913
2025-08-04,90942,2025080404007364,SHPC,Nepal Stock House (PVT) Ltd.,Imperial Securities Company Pvt. Ltd.,50,600.0,30000.0,2025-08-04 12:03:46.991024
2025-08-04,90941,2025080404007365,SHPC,Dipshikha Dhitopatra Karobar Co. Pvt Ltd.,Imperial Securities Company Pvt. Ltd.,60,600.0,36000.0,2025-08-04 12:03:46.991145
2025-08-04,90940,2025080404007366,SHPC,Nepal Stock House (PVT) Ltd.,Imperial Securities Company Pvt. Ltd.,10,600.0,6000.0,2025-08-04 12:03:46.991256
2025-08-04,90939,2025080404007367,SHPC,SUN SECURITIES PVT LTD,Imperial Securities Company Pvt. Ltd.,197,600.0,118200.0,2025-08-04 12:03:46.991381
2025-08-04,90785,2025080404007392,SHPC,Primo Securities (PVT) Ltd.,Imperial Securities Company Pvt. Ltd.,20,600.0,12000.0,2025-08-04 12:04:13.364052
2025-08-04,90784,2025080404007393,SHPC,Sundhara Securities Limited,Imperial Securities Company Pvt. Ltd.,50,600.0,30000.0,2025-08-04 12:04:13.364356
2025-08-04,90783,2025080404007394,SHPC,Dynamic Money Managers Securities Pvt. Ltd.,Imperial Securities Company Pvt. Ltd.,100,600.0,60000.0,2025-08-04 12:04:13.364461
2025-08-04,90782,2025080404007395,SHPC,Dipshikha Dhitopatra Karobar Co. Pvt Ltd.,Imperial Securities Company Pvt. Ltd.,100,600.0,60000.0,2025-08-04 12:04:13.364566
2025-08-04,90781,2025080404007396,SHPC,Opal Securities Investment (PVT) Ltd.,Imperial Securities Company Pvt. Ltd.,100,600.0,60000.0,2025-08-04 12:04:13.364669
2025-08-04,90780,2025080404007397,SHPC,Opal Securities Investment (PVT) Ltd.,Imperial Securities Company Pvt. Ltd.,130,600.0,78000.0,2025-08-04 12:04:13.364769
2025-08-04,90779,2025080404007398,SHPC,Vision Securities Pvt. Ltd,Imperial Securities Company Pvt. Ltd.,300,600.0,180000.0,2025-08-04 12:04:13.364869
2025-08-04,90778,2025080404007399,SHPC,Opal Securities Investment (PVT) Ltd.,Imperial Securities Company Pvt. Ltd.,100,600.0,60000.0,2025-08-04 12:04:13.364970
2025-08-04,90777,2025080404007400,SHPC,Opal Securities Investment (PVT) Ltd.,Imperial Securities Company Pvt. Ltd.,100,600.0,60000.0,2025-08-04 12:04:13.365072
2025-08-04,90776,2025080404007401,SHPC,Opal Securities Investment (PVT) Ltd.,Imperial Securities Company Pvt. Ltd.,100,600.0,60000.0,2025-08-04 12:04:13.365175
2025-08-04,90775,2025080404007402,SHPC,Vision Securities Pvt. Ltd,Imperial Securities Company Pvt. Ltd.,900,600.0,540000.0,2025-08-04 12:04:13.365331
2025-08-04,90725,2025080404007412,SHPC,Vision Securities Pvt. Ltd,Kohinoor Investment & Securities Pvt. Ltd.,233,600.0,139800.0,2025-08-04 12:04:19.027460
2025-08-04,90676,2025080404007420,SHPC,Vision Securities Pvt. Ltd,Imperial Securities Company Pvt. Ltd.,867,600.0,520200.0,2025-08-04 12:04:23.584224
2025-08-04,90675,2025080404007421,SHPC,Opal Securities Investment (PVT) Ltd.,Imperial Securities Company Pvt. Ltd.,80,600.0,48000.0,2025-08-04 12:04:23.584553
2025-08-04,90674,2025080404007422,SHPC,Opal Securities Investment (PVT) Ltd.,Imperial Securities Company Pvt. Ltd.,100,600.0,60000.0,2025-08-04 12:04:23.584673
2025-08-04,90673,2025080404007423,SHPC,Kalika Securities Pvt. Ltd.,Imperial Securities Company Pvt. Ltd.,200,600.0,120000.0,2025-08-04 12:04:23.584778
2025-08-04,90672,2025080404007424,SHPC,Sumeru Securities Pvt. Ltd.,Imperial Securities Company Pvt. Ltd.,450,600.0,270000.0,2025-08-04 12:04:23.584897
2025-08-04,90671,2025080404007425,SHPC,Sumeru Securities Pvt. Ltd.,Imperial Securities Company Pvt. Ltd.,303,600.0,181800.0,2025-08-04 12:04:23.585040
2025-08-04,90610,2025080404007437,SHPC,Sumeru Securities Pvt. Ltd.,ABC Securities Private Limited,47,600.0,28200.0,2025-08-04 12:04:28.671564
2025-08-04,90609,2025080404007438,SHPC,Asian Securities Private Ltd.,ABC Securities Private Limited,100,600.0,60000.0,2025-08-04 12:04:28.671826
2025-08-04,90608,2025080404007439,SHPC,South Asian Bulls Pvt. Ltd.,ABC Securities Private Limited,100,600.0,60000.0,2025-08-04 12:04:28.671933
2025-08-04,90607,2025080404007440,SHPC,Bhrikuti Stock Broking Co. Pvt. Ltd.,ABC Securities Private Limited,100,600.0,60000.0,2025-08-04 12:04:28.672033
2025-08-04,90606,2025080404007441,SHPC,Naasa Securities Co. Ltd.,ABC Securities Private Limited,83,600.0,49800.0,2025-08-04 12:04:28.672134
2025-08-04,90605,2025080404007442,SHPC,Sweta Securities Private Limited,ABC Securities Private Limited,50,600.0,30000.0,2025-08-04 12:04:28.672245
2025-08-04,90604,2025080404007443,SHPC,Sumeru Securities Pvt. Ltd.,ABC Securities Private Limited,20,600.0,12000.0,2025-08-04 12:04:28.672364
2025-08-04,90464,2025080404007499,SHPC,Sumeru Securities Pvt. Ltd.,Arun Securities (PVT) Ltd.,180,600.0,108000.0,2025-08-04 12:04:45.003921
2025-08-04,90463,2025080404007500,SHPC,J.F. Securites (PVT) Ltd.,Arun Securities (PVT) Ltd.,170,600.0,102000.0,2025-08-04 12:04:45.004221
2025-08-04,90195,2025080404007530,SHPC,SUN SECURITIES PVT LTD,Sharepro Securities Private Limited,100,599.0,59900.0,2025-08-04 12:05:15.497059
2025-08-04,89586,2025080404007661,SHPC,SUN SECURITIES PVT LTD,Trishakti Securities Public Limited,400,599.0,239600.0,2025-08-04 12:06:15.777637
2025-08-04,89585,2025080404007662,SHPC,Vision Securities Pvt. Ltd,Trishakti Securities Public Limited,100,599.0,59900.0,2025-08-04 12:06:15.777936
2025-08-04,89584,2025080404007663,SHPC,Opal Securities Investment (PVT) Ltd.,Trishakti Securities Public Limited,100,599.0,59900.0,2025-08-04 12:06:15.778061
2025-08-04,89583,2025080404007664,SHPC,Bhrikuti Stock Broking Co. Pvt. Ltd.,Trishakti Securities Public Limited,120,599.0,71880.0,2025-08-04 12:06:15.778164
2025-08-04,89582,2025080404007665,SHPC,Sumeru Securities Pvt. Ltd.,Trishakti Securities Public Limited,80,599.0,47920.0,2025-08-04 12:06:15.778301
2025-08-04,89520,2025080404007671,SHPC,Cristal Kanchanjanga Securites Pvt. Ltd.,Online Securities Pvt. Ltd.,500,600.0,300000.0,2025-08-04 12:06:17.777839
2025-08-04,89519,2025080404007672,SHPC,Cristal Kanchanjanga Securites Pvt. Ltd.,Cristal Kanchanjanga Securites Pvt. Ltd.,500,600.0,300000.0,2025-08-04 12:06:17.778102
2025-08-04,89024,2025080404007791,SHPC,Sumeru Securities Pvt. Ltd.,APPLE SECURITIES PRIVATE LIMITED,20,599.0,11980.0,2025-08-04 12:06:56.896395
2025-08-04,89023,2025080404007792,SHPC,Dipshikha Dhitopatra Karobar Co. Pvt Ltd.,APPLE SECURITIES PRIVATE LIMITED,283,598.1,169262.3,2025-08-04 12:06:56.896938
2025-08-04,88702,2025080404007870,SHPC,Dipshikha Dhitopatra Karobar Co. Pvt Ltd.,Dakshinkali Investment & Securities Pvt. Ltd.,317,598.1,189597.7,2025-08-04 12:07:22.269702
2025-08-04,88701,2025080404007871,SHPC,Naasa Securities Co. Ltd.,Dakshinkali Investment & Securities Pvt. Ltd.,100,598.0,59800.0,2025-08-04 12:07:22.269973
2025-08-04,88700,2025080404007872,SHPC,Sani Securities Company Ltd.,Dakshinkali Investment & Securities Pvt. Ltd.,100,598.0,59800.0,2025-08-04 12:07:22.270108
2025-08-04,88699,2025080404007873,SHPC,Himalayan Brokerage Company Limited,Dakshinkali Investment & Securities Pvt. Ltd.,200,598.0,119600.0,2025-08-04 12:07:22.270211
2025-08-04,88698,2025080404007874,SHPC,Sumeru Securities Pvt. Ltd.,Dakshinkali Investment & Securities Pvt. Ltd.,183,598.0,109434.0,2025-08-04 12:07:22.270348
2025-08-04,88623,2025080404007884,SHPC,Sumeru Securities Pvt. Ltd.,Trishakti Securities Public Limited,17,598.0,10166.0,2025-08-04 12:07:28.522027
2025-08-04,88622,2025080404007885,SHPC,Premier Securities Company Ltd.,Trishakti Securities Public Limited,50,598.0,29900.0,2025-08-04 12:07:28.522285
2025-08-04,88621,2025080404007886,SHPC,Opal Securities Investment (PVT) Ltd.,Trishakti Securities Public Limited,80,598.0,47840.0,2025-08-04 12:07:28.522399
2025-08-04,88620,2025080404007887,SHPC,Naasa Securities Co. Ltd.,Trishakti Securities Public Limited,10,598.0,5980.0,2025-08-04 12:07:28.522511
2025-08-04,88619,2025080404007888,SHPC,Vision Securities Pvt. Ltd,Trishakti Securities Public Limited,43,598.0,25714.0,2025-08-04 12:07:28.522614
2025-08-04,87545,2025080404008117,SHPC,Oxford Securities Pvt. Ltd.,Sundhara Securities Limited,10,599.0,5990.0,2025-08-04 12:08:58.938541
2025-08-04,87388,2025080404008167,SHPC,Vision Securities Pvt. Ltd,Kohinoor Investment & Securities Pvt. Ltd.,57,598.0,34086.0,2025-08-04 12:09:13.263307
2025-08-04,87387,2025080404008168,SHPC,SUN SECURITIES PVT LTD,Kohinoor Investment & Securities Pvt. Ltd.,443,598.0,264914.0,2025-08-04 12:09:13.263600
2025-08-04,87020,2025080404008238,SHPC,SUN SECURITIES PVT LTD,Dipshikha Dhitopatra Karobar Co. Pvt Ltd.,50,598.0,29900.0,2025-08-04 12:09:42.845675
2025-08-04,86929,2025080404008246,SHPC,Investment Management Nepal Pvt. Ltd.,Online Securities Pvt. Ltd.,20,598.0,11960.0,2025-08-04 12:09:50.390093
2025-08-04,86720,2025080404008283,SHPC,Naasa Securities Co. Ltd.,Online Securities Pvt. Ltd.,10,598.0,5980.0,2025-08-04 12:10:09.370802
2025-08-04,86181,2025080404008375,SHPC,Malla & Malla Stock Broking Company Pvt. Limited,Aryatara Investment & Securities,2,598.0,1196.0,2025-08-04 12:11:03.012993
2025-08-04,86077,2025080404008389,SHPC,Naasa Securities Co. Ltd.,Investment Management Nepal Pvt. Ltd.,155,598.0,92690.0,2025-08-04 12:11:14.106855
2025-08-04,86076,2025080404008390,SHPC,Imperial Securities Company Pvt. Ltd.,Investment Management Nepal Pvt. Ltd.,1000,597.2,597200.0,2025-08-04 12:11:14.107133
2025-08-04,86075,2025080404008391,SHPC,KALASH STOCK MARKET PVT. LTD.,Investment Management Nepal Pvt. Ltd.,500,597.1,298550.0,2025-08-04 12:11:14.107346
2025-08-04,86074,2025080404008392,SHPC,Cristal Kanchanjanga Securites Pvt. Ltd.,Investment Management Nepal Pvt. Ltd.,445,597.1,265709.5,2025-08-04 12:11:14.107504
2025-08-04,85949,2025080404008411,SHPC,Cristal Kanchanjanga Securites Pvt. Ltd.,APPLE SECURITIES PRIVATE LIMITED,500,597.1,298550.0,2025-08-04 12:11:25.597875
2025-08-04,84077,2025080404008853,SHPC,Malla & Malla Stock Broking Company Pvt. Limited,Linch Stock Market Ltd.,5,600.0,3000.0,2025-08-04 12:14:09.244149
2025-08-04,83938,2025080404008882,SHPC,Sumeru Securities Pvt. Ltd.,Oxford Securities Pvt. Ltd.,200,598.0,119600.0,2025-08-04 12:14:22.300934
2025-08-04,83937,2025080404008883,SHPC,Investment Management Nepal Pvt. Ltd.,Oxford Securities Pvt. Ltd.,50,598.0,29900.0,2025-08-04 12:14:22.301217
2025-08-04,83936,2025080404008884,SHPC,SUN SECURITIES PVT LTD,Oxford Securities Pvt. Ltd.,500,598.0,299000.0,2025-08-04 12:14:22.301346
2025-08-04,83935,2025080404008885,SHPC,Cristal Kanchanjanga Securites Pvt. Ltd.,Oxford Securities Pvt. Ltd.,570,597.1,340347.0,2025-08-04 12:14:22.301451
2025-08-04,83742,2025080404008927,SHPC,J.F. Securites (PVT) Ltd.,Siprabi Securities Pvt. Ltd.,2,596.0,1192.0,2025-08-04 12:14:40.750227
2025-08-04,83649,2025080404008955,SHPC,Cristal Kanchanjanga Securites Pvt. Ltd.,Vision Securities Pvt. Ltd,485,597.1,289593.5,2025-08-04 12:14:47.358339
2025-08-04,83648,2025080404008956,SHPC,Linch Stock Market Ltd.,Vision Securities Pvt. Ltd,63,597.1,37617.3,2025-08-04 12:14:47.358638
2025-08-04,83169,2025080404009102,SHPC,Linch Stock Market Ltd.,Kohinoor Investment & Securities Pvt. Ltd.,10,597.1,5971.0,2025-08-04 12:15:34.452850
2025-08-04,83090,2025080404009126,SHPC,Linch Stock Market Ltd.,Imperial Securities Company Pvt. Ltd.,27,597.1,16121.7,2025-08-04 12:15:39.491178
2025-08-04,83089,2025080404009127,SHPC,Dynamic Money Managers Securities Pvt. Ltd.,Imperial Securities Company Pvt. Ltd.,15,597.0,8955.0,2025-08-04 12:15:39.491443
2025-08-04,83088,2025080404009128,SHPC,Kohinoor Investment & Securities Pvt. Ltd.,Imperial Securities Company Pvt. Ltd.,150,597.0,89550.0,2025-08-04 12:15:39.491548
2025-08-04,83087,2025080404009129,SHPC,Sani Securities Company Ltd.,Imperial Securities Company Pvt. Ltd.,20,597.0,11940.0,2025-08-04 12:15:39.491647
2025-08-04,83086,2025080404009130,SHPC,Sani Securities Company Ltd.,Imperial Securities Company Pvt. Ltd.,30,597.0,17910.0,2025-08-04 12:15:39.491759
2025-08-04,83085,2025080404009131,SHPC,Sumeru Securities Pvt. Ltd.,Imperial Securities Company Pvt. Ltd.,200,597.0,119400.0,2025-08-04 12:15:39.491901
2025-08-04,83084,2025080404009132,SHPC,Vision Securities Pvt. Ltd,Imperial Securities Company Pvt. Ltd.,1558,597.0,930126.0,2025-08-04 12:15:39.492023
2025-08-04,82788,2025080404009203,SHPC,Vision Securities Pvt. Ltd,Imperial Securities Company Pvt. Ltd.,442,597.0,263874.0,2025-08-04 12:16:04.838998
2025-08-04,82787,2025080404009204,SHPC,Opal Securities Investment (PVT) Ltd.,Imperial Securities Company Pvt. Ltd.,250,597.0,149250.0,2025-08-04 12:16:04.839243
2025-08-04,82786,2025080404009205,SHPC,Online Securities Pvt. Ltd.,Imperial Securities Company Pvt. Ltd.,308,597.0,183876.0,2025-08-04 12:16:04.839354
2025-08-04,82721,2025080404009213,SHPC,Online Securities Pvt. Ltd.,Naasa Securities Co. Ltd.,100,597.0,59700.0,2025-08-04 12:16:10.504308
2025-08-04,82444,2025080404009266,SHPC,Online Securities Pvt. Ltd.,Investment Management Nepal Pvt. Ltd.,592,597.0,353424.0,2025-08-04 12:16:36.079007
2025-08-04,82443,2025080404009267,SHPC,Vision Securities Pvt. Ltd,Investment Management Nepal Pvt. Ltd.,250,597.0,149250.0,2025-08-04 12:16:36.079292
2025-08-04,82442,2025080404009268,SHPC,Shree Krishna Securities Ltd.,Investment Management Nepal Pvt. Ltd.,158,597.0,94326.0,2025-08-04 12:16:36.079458
2025-08-04,82326,2025080404009281,SHPC,Shree Krishna Securities Ltd.,Naasa Securities Co. Ltd.,40,597.0,23880.0,2025-08-04 12:16:43.099592
2025-08-04,82305,2025080404009290,SHPC,Creative Securities Pvt Ltd,Imperial Securities Company Pvt. Ltd.,100,596.0,59600.0,2025-08-04 12:16:45.532474
2025-08-04,82304,2025080404009291,SHPC,Naasa Securities Co. Ltd.,Imperial Securities Company Pvt. Ltd.,160,596.0,95360.0,2025-08-04 12:16:45.532780
2025-08-04,82303,2025080404009292,SHPC,Sri Hari Securities Pvt. Ltd.,Imperial Securities Company Pvt. Ltd.,340,596.0,202640.0,2025-08-04 12:16:45.532885
2025-08-04,82302,2025080404009293,SHPC,Dynamic Money Managers Securities Pvt. Ltd.,Imperial Securities Company Pvt. Ltd.,1000,595.3,595300.0,2025-08-04 12:16:45.532989
2025-08-04,82301,2025080404009294,SHPC,Aryatara Investment & Securities,Imperial Securities Company Pvt. Ltd.,400,595.0,238000.0,2025-08-04 12:16:45.533087
2025-08-04,82163,2025080404009315,SHPC,Kohinoor Investment & Securities Pvt. Ltd.,Imperial Securities Company Pvt. Ltd.,100,595.3,59530.0,2025-08-04 12:16:58.735284
2025-08-04,82162,2025080404009316,SHPC,Aryatara Investment & Securities,Imperial Securities Company Pvt. Ltd.,100,595.0,59500.0,2025-08-04 12:16:58.735791
2025-08-04,82161,2025080404009317,SHPC,Thrive Brokerage House Pvt. Ltd,Imperial Securities Company Pvt. Ltd.,500,595.0,297500.0,2025-08-04 12:16:58.736095
2025-08-04,82160,2025080404009318,SHPC,South Asian Bulls Pvt. Ltd.,Imperial Securities Company Pvt. Ltd.,100,595.0,59500.0,2025-08-04 12:16:58.736419
2025-08-04,82159,2025080404009319,SHPC,Aryatara Investment & Securities,Imperial Securities Company Pvt. Ltd.,500,595.0,297500.0,2025-08-04 12:16:58.736724
2025-08-04,82158,2025080404009320,SHPC,Vision Securities Pvt. Ltd,Imperial Securities Company Pvt. Ltd.,500,595.0,297500.0,2025-08-04 12:16:58.737025
2025-08-04,82157,2025080404009321,SHPC,Aakashbhairab Securities Ltd.,Imperial Securities Company Pvt. Ltd.,100,595.0,59500.0,2025-08-04 12:16:58.737349
2025-08-04,82156,2025080404009322,SHPC,Nagarik Stock Dealer ,Imperial Securities Company Pvt. Ltd.,50,595.0,29750.0,2025-08-04 12:16:58.737650
2025-08-04,82155,2025080404009323,SHPC,Neev Securities Pvt. Ltd.,Imperial Securities Company Pvt. Ltd.,50,595.0,29750.0,2025-08-04 12:16:58.737934
2025-08-04,82055,2025080404009345,SHPC,Neev Securities Pvt. Ltd.,Sharepro Securities Private Limited,30,595.0,17850.0,2025-08-04 12:17:08.373423
2025-08-04,82054,2025080404009346,SHPC,Online Securities Pvt. Ltd.,Sharepro Securities Private Limited,110,595.0,65450.0,2025-08-04 12:17:08.373683
2025-08-04,82053,2025080404009347,SHPC,Investment Management Nepal Pvt. Ltd.,Sharepro Securities Private Limited,860,595.0,511700.0,2025-08-04 12:17:08.373785
2025-08-04,82046,2025080404009350,SHPC,Investment Management Nepal Pvt. Ltd.,Naasa Securities Co. Ltd.,140,595.0,83300.0,2025-08-04 12:17:08.799292
2025-08-04,81961,2025080404009382,SHPC,Sri Hari Securities Pvt. Ltd.,Sweta Securities Private Limited,200,594.0,118800.0,2025-08-04 12:17:18.739096
2025-08-04,81960,2025080404009383,SHPC,Sumeru Securities Pvt. Ltd.,Sweta Securities Private Limited,500,594.0,297000.0,2025-08-04 12:17:18.739164
2025-08-04,81959,2025080404009384,SHPC,Agrawal Securities (PVT) Ltd.,Sweta Securities Private Limited,100,593.3,59330.0,2025-08-04 12:17:18.739191
2025-08-04,81958,2025080404009385,SHPC,Sanima Securities Limited,Sweta Securities Private Limited,300,593.1,177930.0,2025-08-04 12:17:18.739216
2025-08-04,81957,2025080404009386,SHPC,Market Securities & Exchange (PVT) Ltd.,Sweta Securities Private Limited,400,593.0,237200.0,2025-08-04 12:17:18.739241
2025-08-04,81679,2025080404009457,SHPC,Cristal Kanchanjanga Securites Pvt. Ltd.,Miyo Securities Pvt Ltd,250,593.0,148250.0,2025-08-04 12:17:47.118049
2025-08-04,81123,2025080404009592,SHPC,SUN SECURITIES PVT LTD,Trishakti Securities Public Limited,140,593.1,83034.0,2025-08-04 12:18:49.759667
2025-08-04,80611,2025080404009708,SHPC,Property Wiard Limited,Imperial Securities Company Pvt. Ltd.,200,593.2,118640.0,2025-08-04 12:19:45.518548
2025-08-04,80610,2025080404009709,SHPC,South Asian Bulls Pvt. Ltd.,Imperial Securities Company Pvt. Ltd.,50,593.2,29660.0,2025-08-04 12:19:45.519046
2025-08-04,80609,2025080404009710,SHPC,SUN SECURITIES PVT LTD,Imperial Securities Company Pvt. Ltd.,360,593.1,213516.0,2025-08-04 12:19:45.519382
2025-08-04,80608,2025080404009711,SHPC,South Asian Bulls Pvt. Ltd.,Imperial Securities Company Pvt. Ltd.,50,593.1,29655.0,2025-08-04 12:19:45.519691
2025-08-04,80607,2025080404009712,SHPC,Vision Securities Pvt. Ltd,Imperial Securities Company Pvt. Ltd.,1340,593.1,794754.0,2025-08-04 12:19:45.519990
2025-08-04,80123,2025080404009745,SHPC,SUN SECURITIES PVT LTD,Sani Securities Company Ltd.,3,600.0,1800.0,2025-08-04 12:19:55.037191
2025-08-04,79862,2025080404009773,SHPC,Vision Securities Pvt. Ltd,Sweta Securities Private Limited,95,593.1,56344.5,2025-08-04 12:20:26.920596
2025-08-04,79827,2025080404009796,SHPC,Shree Krishna Securities Ltd.,Sani Securities Company Ltd.,2,597.0,1194.0,2025-08-04 12:20:29.878090
2025-08-04,79533,2025080404009846,SHPC,Vision Securities Pvt. Ltd,Sani Securities Company Ltd.,200,593.1,118620.0,2025-08-04 12:21:04.532052
2025-08-04,79373,2025080404009882,SHPC,Vision Securities Pvt. Ltd,Nepal Stock House (PVT) Ltd.,365,593.1,216481.5,2025-08-04 12:21:25.424646
2025-08-04,79372,2025080404009883,SHPC,Cristal Kanchanjanga Securites Pvt. Ltd.,Nepal Stock House (PVT) Ltd.,135,593.0,80055.0,2025-08-04 12:21:25.425123
2025-08-04,79089,2025080404009934,SHPC,Imperial Securities Company Pvt. Ltd.,Miyo Securities Pvt Ltd,300,593.1,177930.0,2025-08-04 12:22:00.126042
2025-08-04,78888,2025080404009973,SHPC,Opal Securities Investment (PVT) Ltd.,Naasa Securities Co. Ltd.,100,595.0,59500.0,2025-08-04 12:22:24.069794
2025-08-04,78321,2025080404010067,SHPC,Vision Securities Pvt. Ltd,Naasa Securities Co. Ltd.,390,595.0,232050.0,2025-08-04 12:23:32.366785
2025-08-04,78320,2025080404010068,SHPC,Vision Securities Pvt. Ltd,Midas Stock Broking Company Private Limited,300,595.0,178500.0,2025-08-04 12:23:32.367298
2025-08-04,78319,2025080404010069,SHPC,Vision Securities Pvt. Ltd,Pragyan Securities (PVT) Ltd.,100,596.0,59600.0,2025-08-04 12:23:32.367667
2025-08-04,77285,2025080404010328,SHPC,Naasa Securities Co. Ltd.,Kohinoor Investment & Securities Pvt. Ltd.,10,594.0,5940.0,2025-08-04 12:25:15.651039
2025-08-04,77284,2025080404010329,SHPC,Vision Securities Pvt. Ltd,Kohinoor Investment & Securities Pvt. Ltd.,290,593.6,172144.0,2025-08-04 12:25:15.651325
2025-08-04,77081,2025080404010367,SHPC,Sumeru Securities Pvt. Ltd.,N.M.B. SECURITIES LIMITED,100,595.0,59500.0,2025-08-04 12:25:38.320772
2025-08-04,77080,2025080404010368,SHPC,Vision Securities Pvt. Ltd,N.M.B. SECURITIES LIMITED,210,593.6,124656.0,2025-08-04 12:25:38.321051
2025-08-04,77079,2025080404010369,SHPC,Oxford Securities Pvt. Ltd.,N.M.B. SECURITIES LIMITED,370,593.5,219595.0,2025-08-04 12:25:38.321166
2025-08-04,76673,2025080404010457,SHPC,Shree Krishna Securities Ltd.,Bhrikuti Stock Broking Co. Pvt. Ltd.,42,595.0,24990.0,2025-08-04 12:26:22.283620
2025-08-04,76672,2025080404010458,SHPC,Shree Krishna Securities Ltd.,Aryatara Investment & Securities,100,595.0,59500.0,2025-08-04 12:26:22.284175
2025-08-04,76423,2025080404010504,SHPC,Shree Krishna Securities Ltd.,Kohinoor Investment & Securities Pvt. Ltd.,100,595.0,59500.0,2025-08-04 12:26:56.115105
2025-08-04,75277,2025080404010775,SHPC,Opal Securities Investment (PVT) Ltd.,Arun Securities (PVT) Ltd.,55,594.0,32670.0,2025-08-04 12:28:47.051229
2025-08-04,74781,2025080404010869,SHPC,Opal Securities Investment (PVT) Ltd.,Naasa Securities Co. Ltd.,100,594.0,59400.0,2025-08-04 12:29:33.728388
2025-08-04,73653,2025080404011085,SHPC,Vision Securities Pvt. Ltd,Investment Management Nepal Pvt. Ltd.,77,597.0,45969.0,2025-08-04 12:31:07.955918
2025-08-04,73652,2025080404011086,SHPC,Vision Securities Pvt. Ltd,Aryatara Investment & Securities,100,597.0,59700.0,2025-08-04 12:31:07.956188
2025-08-04,73077,2025080404011181,SHPC,Vision Securities Pvt. Ltd,BHOLE GANESH SECURITIES LTD,50,598.0,29900.0,2025-08-04 12:32:01.859186
2025-08-04,72289,2025080404011296,SHPC,Vision Securities Pvt. Ltd,BHOLE GANESH SECURITIES LTD,210,598.0,125580.0,2025-08-04 12:33:27.321970
2025-08-04,72200,2025080404011314,SHPC,Kohinoor Investment & Securities Pvt. Ltd.,Vision Securities Pvt. Ltd,10,598.0,5980.0,2025-08-04 12:33:37.591302
2025-08-04,72050,2025080404011344,SHPC,Imperial Securities Company Pvt. Ltd.,Vision Securities Pvt. Ltd,990,598.0,592020.0,2025-08-04 12:33:51.703369
2025-08-04,71773,2025080404011400,SHPC,Imperial Securities Company Pvt. Ltd.,Shree Krishna Securities Ltd.,10,598.0,5980.0,2025-08-04 12:34:20.044040
2025-08-04,71651,2025080404011421,SHPC,Asian Securities Private Ltd.,Shree Krishna Securities Ltd.,490,598.0,293020.0,2025-08-04 12:34:32.814216
2025-08-04,71107,2025080404011538,SHPC,Vision Securities Pvt. Ltd,Premier Securities Company Ltd.,100,599.7,59970.0,2025-08-04 12:35:24.618879
2025-08-04,71106,2025080404011539,SHPC,Vision Securities Pvt. Ltd,SUN SECURITIES PVT LTD,400,599.8,239920.0,2025-08-04 12:35:24.619465
2025-08-04,70713,2025080404011630,SHPC,Property Wiard Limited,SUN SECURITIES PVT LTD,100,599.8,59980.0,2025-08-04 12:35:58.048519
2025-08-04,70659,2025080404011641,SHPC,Asian Securities Private Ltd.,South Asian Bulls Pvt. Ltd.,10,598.0,5980.0,2025-08-04 12:36:04.900082
2025-08-04,70658,2025080404011642,SHPC,Deevyaa Securities & Stock House Pvt. Ltd,South Asian Bulls Pvt. Ltd.,500,598.0,299000.0,2025-08-04 12:36:04.900437
2025-08-04,70657,2025080404011643,SHPC,Sundhara Securities Limited,South Asian Bulls Pvt. Ltd.,500,598.0,299000.0,2025-08-04 12:36:04.900554
2025-08-04,70630,2025080404011652,SHPC,Linch Stock Market Ltd.,Imperial Securities Company Pvt. Ltd.,25,595.0,14875.0,2025-08-04 12:36:11.297050
2025-08-04,70629,2025080404011653,SHPC,Property Wiard Limited,Imperial Securities Company Pvt. Ltd.,500,595.0,297500.0,2025-08-04 12:36:11.297182
2025-08-04,70628,2025080404011654,SHPC,Online Securities Pvt. Ltd.,Imperial Securities Company Pvt. Ltd.,100,595.0,59500.0,2025-08-04 12:36:11.297260
2025-08-04,70627,2025080404011655,SHPC,Deevyaa Securities & Stock House Pvt. Ltd,Imperial Securities Company Pvt. Ltd.,250,595.0,148750.0,2025-08-04 12:36:11.297366
2025-08-04,70626,2025080404011656,SHPC,Agrawal Securities (PVT) Ltd.,Imperial Securities Company Pvt. Ltd.,300,594.2,178260.0,2025-08-04 12:36:11.297475
2025-08-04,70625,2025080404011657,SHPC,Dakshinkali Investment & Securities Pvt. Ltd.,Imperial Securities Company Pvt. Ltd.,200,594.1,118820.0,2025-08-04 12:36:11.297554
2025-08-04,70624,2025080404011658,SHPC,Opal Securities Investment (PVT) Ltd.,Imperial Securities Company Pvt. Ltd.,45,594.0,26730.0,2025-08-04 12:36:11.297631
2025-08-04,70623,2025080404011659,SHPC,Naasa Securities Co. Ltd.,Imperial Securities Company Pvt. Ltd.,10,594.0,5940.0,2025-08-04 12:36:11.297718
2025-08-04,70622,2025080404011660,SHPC,Neev Securities Pvt. Ltd.,Imperial Securities Company Pvt. Ltd.,50,594.0,29700.0,2025-08-04 12:36:11.297802
2025-08-04,70621,2025080404011661,SHPC,Linch Stock Market Ltd.,Imperial Securities Company Pvt. Ltd.,500,593.7,296850.0,2025-08-04 12:36:11.297892
2025-08-04,70620,2025080404011662,SHPC,Oxford Securities Pvt. Ltd.,Imperial Securities Company Pvt. Ltd.,20,593.5,11870.0,2025-08-04 12:36:11.297982
2025-08-04,67815,2025080404012192,SHPC,Thrive Brokerage House Pvt. Ltd,Himalayan Brokerage Company Limited,30,595.3,17859.0,2025-08-04 12:41:49.691544
2025-08-04,67814,2025080404012193,SHPC,SUN SECURITIES PVT LTD,Himalayan Brokerage Company Limited,500,595.2,297600.0,2025-08-04 12:41:49.691898
2025-08-04,67813,2025080404012194,SHPC,Opal Securities Investment (PVT) Ltd.,Himalayan Brokerage Company Limited,400,595.1,238040.0,2025-08-04 12:41:49.692027
2025-08-04,67812,2025080404012195,SHPC,Miyo Securities Pvt Ltd,Himalayan Brokerage Company Limited,60,595.0,35700.0,2025-08-04 12:41:49.692173
2025-08-04,66450,2025080404012558,SHPC,Malla & Malla Stock Broking Company Pvt. Limited,South Asian Bulls Pvt. Ltd.,1,595.0,595.0,2025-08-04 12:45:09.687512
2025-08-04,65636,2025080404012684,SHPC,Vision Securities Pvt. Ltd,Midas Stock Broking Company Private Limited,1000,596.0,596000.0,2025-08-04 12:47:05.278496
2025-08-04,65420,2025080404012757,SHPC,Kohinoor Investment & Securities Pvt. Ltd.,Aakashbhairab Securities Ltd.,250,596.0,149000.0,2025-08-04 12:47:37.599077
2025-08-04,65338,2025080404012776,SHPC,Premier Securities Company Ltd.,Imperial Securities Company Pvt. Ltd.,100,595.5,59550.0,2025-08-04 12:47:49.415737
2025-08-04,65337,2025080404012777,SHPC,Sani Securities Company Ltd.,Imperial Securities Company Pvt. Ltd.,200,595.5,119100.0,2025-08-04 12:47:49.416496
2025-08-04,65336,2025080404012778,SHPC,Miyo Securities Pvt Ltd,Imperial Securities Company Pvt. Ltd.,140,595.0,83300.0,2025-08-04 12:47:49.416936
2025-08-04,65335,2025080404012779,SHPC,Bhrikuti Stock Broking Co. Pvt. Ltd.,Imperial Securities Company Pvt. Ltd.,200,595.0,119000.0,2025-08-04 12:47:49.417325
2025-08-04,65334,2025080404012780,SHPC,Sumeru Securities Pvt. Ltd.,Imperial Securities Company Pvt. Ltd.,200,595.0,119000.0,2025-08-04 12:47:49.417748
2025-08-04,65333,2025080404012781,SHPC,Trisul Securities & Invt. Ltd.,Imperial Securities Company Pvt. Ltd.,1000,595.0,595000.0,2025-08-04 12:47:49.418172
2025-08-04,65222,2025080404012809,SHPC,Imperial Securities Company Pvt. Ltd.,Imperial Securities Company Pvt. Ltd.,50,594.4,29720.0,2025-08-04 12:48:10.806893
2025-08-04,65221,2025080404012810,SHPC,Trisul Securities & Invt. Ltd.,Imperial Securities Company Pvt. Ltd.,110,594.3,65373.0,2025-08-04 12:48:10.807204
2025-08-04,65152,2025080404012827,SHPC,Opal Securities Investment (PVT) Ltd.,Imperial Securities Company Pvt. Ltd.,300,595.0,178500.0,2025-08-04 12:48:26.715870
2025-08-04,65151,2025080404012828,SHPC,Trisul Securities & Invt. Ltd.,Imperial Securities Company Pvt. Ltd.,890,594.3,528927.0,2025-08-04 12:48:26.716183
2025-08-04,65150,2025080404012829,SHPC,Trisul Securities & Invt. Ltd.,Imperial Securities Company Pvt. Ltd.,500,594.1,297050.0,2025-08-04 12:48:26.716333
2025-08-04,65149,2025080404012830,SHPC,Sani Securities Company Ltd.,Imperial Securities Company Pvt. Ltd.,310,594.0,184140.0,2025-08-04 12:48:26.716528
2025-08-04,64933,2025080404012861,SHPC,Sani Securities Company Ltd.,Imperial Securities Company Pvt. Ltd.,20,594.0,11880.0,2025-08-04 12:48:56.264750
2025-08-04,64932,2025080404012862,SHPC,Vision Securities Pvt. Ltd,Imperial Securities Company Pvt. Ltd.,200,594.0,118800.0,2025-08-04 12:48:56.265054
2025-08-04,64931,2025080404012863,SHPC,Siprabi Securities Pvt. Ltd.,Imperial Securities Company Pvt. Ltd.,50,594.0,29700.0,2025-08-04 12:48:56.265182
2025-08-04,64930,2025080404012864,SHPC,Trisul Securities & Invt. Ltd.,Imperial Securities Company Pvt. Ltd.,500,594.0,297000.0,2025-08-04 12:48:56.265304
2025-08-04,64929,2025080404012865,SHPC,Bhrikuti Stock Broking Co. Pvt. Ltd.,Imperial Securities Company Pvt. Ltd.,230,594.0,136620.0,2025-08-04 12:48:56.265441
2025-08-04,64578,2025080404012954,SHPC,Imperial Securities Company Pvt. Ltd.,Aakashbhairab Securities Ltd.,750,596.0,447000.0,2025-08-04 12:49:53.342361
2025-08-04,64537,2025080404012962,SHPC,Imperial Securities Company Pvt. Ltd.,Vision Securities Pvt. Ltd,100,596.0,59600.0,2025-08-04 12:50:02.651216
2025-08-04,63994,2025080404013102,SHPC,Imperial Securities Company Pvt. Ltd.,Kumari Securities Private Limited,150,598.0,89700.0,2025-08-04 12:51:49.024432
2025-08-04,63028,2025080404013297,SHPC,Aryatara Investment & Securities,BHOLE GANESH SECURITIES LTD,240,598.0,143520.0,2025-08-04 12:54:27.737619
2025-08-04,63027,2025080404013298,SHPC,Aryatara Investment & Securities,Ashutosh Brokerage & Securities (PVT) Ltd.,200,598.0,119600.0,2025-08-04 12:54:27.737672
2025-08-04,63026,2025080404013299,SHPC,Aryatara Investment & Securities,Shree Krishna Securities Ltd.,560,598.0,334880.0,2025-08-04 12:54:27.737703
2025-08-04,61944,2025080404013522,SHPC,Agrawal Securities (PVT) Ltd.,Shree Krishna Securities Ltd.,90,598.0,53820.0,2025-08-04 12:56:51.744534
2025-08-04,61943,2025080404013523,SHPC,Agrawal Securities (PVT) Ltd.,Sani Securities Company Ltd.,800,598.0,478400.0,2025-08-04 12:56:51.744886
2025-08-04,61674,2025080404013564,SHPC,Agrawal Securities (PVT) Ltd.,Aryatara Investment & Securities,50,598.0,29900.0,2025-08-04 12:57:30.967733
2025-08-04,61645,2025080404013568,SHPC,Agrawal Securities (PVT) Ltd.,Asian Securities Private Ltd.,50,598.0,29900.0,2025-08-04 12:57:37.355680
2025-08-04,61383,2025080404013627,SHPC,Agrawal Securities (PVT) Ltd.,Market Securities & Exchange (PVT) Ltd.,10,598.0,5980.0,2025-08-04 12:58:02.523824
2025-08-04,61382,2025080404013628,SHPC,Agrawal Securities (PVT) Ltd.,Market Securities & Exchange (PVT) Ltd.,990,597.0,591030.0,2025-08-04 12:58:02.524139
2025-08-04,61146,2025080404013673,SHPC,Agrawal Securities (PVT) Ltd.,Naasa Securities Co. Ltd.,50,598.8,29940.0,2025-08-04 12:58:26.878651
2025-08-04,61145,2025080404013674,SHPC,Agrawal Securities (PVT) Ltd.,Naasa Securities Co. Ltd.,100,598.9,59890.0,2025-08-04 12:58:26.879270
2025-08-04,59719,2025080404013992,SHPC,Prabhu Stock Market Limited,Machhapuchchhre Securities Limited,20,597.1,11942.0,2025-08-04 13:01:17.541232
2025-08-04,59718,2025080404013993,SHPC,Agrawal Securities (PVT) Ltd.,Machhapuchchhre Securities Limited,10,597.0,5970.0,2025-08-04 13:01:17.541303
2025-08-04,59430,2025080404014052,SHPC,Dakshinkali Investment & Securities Pvt. Ltd.,Machhapuchchhre Securities Limited,20,596.0,11920.0,2025-08-04 13:01:53.653926
2025-08-04,59429,2025080404014053,SHPC,Naasa Securities Co. Ltd.,Machhapuchchhre Securities Limited,10,595.1,5951.0,2025-08-04 13:01:53.654037
2025-08-04,58851,2025080404014153,SHPC,Naasa Securities Co. Ltd.,Machhapuchchhre Securities Limited,30,595.1,17853.0,2025-08-04 13:03:10.899406
2025-08-04,58847,2025080404014157,SHPC,Naasa Securities Co. Ltd.,Thrive Brokerage House Pvt. Ltd,580,595.1,345158.0,2025-08-04 13:03:11.776611
2025-08-04,58557,2025080404014205,SHPC,Naasa Securities Co. Ltd.,Machhapuchchhre Securities Limited,30,595.1,17853.0,2025-08-04 13:03:49.033489
2025-08-04,58382,2025080404014242,SHPC,Naasa Securities Co. Ltd.,Machhapuchchhre Securities Limited,20,595.1,11902.0,2025-08-04 13:04:23.138139
2025-08-04,58348,2025080404014253,SHPC,Malla & Malla Stock Broking Company Pvt. Limited,Online Securities Pvt. Ltd.,1,585.0,585.0,2025-08-04 13:04:29.548579
2025-08-04,58245,2025080404014279,SHPC,Himalayan Brokerage Company Limited,Vision Securities Pvt. Ltd,100,595.2,59520.0,2025-08-04 13:04:44.819487
2025-08-04,58077,2025080404014337,SHPC,Naasa Securities Co. Ltd.,Sani Securities Company Ltd.,330,595.1,196383.0,2025-08-04 13:05:08.644073
2025-08-04,58076,2025080404014338,SHPC,Sani Securities Company Ltd.,Sani Securities Company Ltd.,170,595.0,101150.0,2025-08-04 13:05:08.644185
2025-08-04,58003,2025080404014358,SHPC,Malla & Malla Stock Broking Company Pvt. Limited,Neev Securities Pvt. Ltd.,1,587.0,587.0,2025-08-04 13:05:18.823712
2025-08-04,57893,2025080404014390,SHPC,Naasa Securities Co. Ltd.,Machhapuchchhre Securities Limited,200,595.1,119020.0,2025-08-04 13:05:39.360586
2025-08-04,57744,2025080404014439,SHPC,Naasa Securities Co. Ltd.,Imperial Securities Company Pvt. Ltd.,800,595.1,476080.0,2025-08-04 13:06:06.009218
2025-08-04,57743,2025080404014440,SHPC,Sani Securities Company Ltd.,Imperial Securities Company Pvt. Ltd.,330,595.0,196350.0,2025-08-04 13:06:06.009631
2025-08-04,57742,2025080404014441,SHPC,Online Securities Pvt. Ltd.,Imperial Securities Company Pvt. Ltd.,500,595.0,297500.0,2025-08-04 13:06:06.009803
2025-08-04,57741,2025080404014442,SHPC,Dakshinkali Investment & Securities Pvt. Ltd.,Imperial Securities Company Pvt. Ltd.,10,595.0,5950.0,2025-08-04 13:06:06.009987
2025-08-04,57740,2025080404014443,SHPC,Trisul Securities & Invt. Ltd.,Imperial Securities Company Pvt. Ltd.,500,595.0,297500.0,2025-08-04 13:06:06.010208
2025-08-04,57739,2025080404014444,SHPC,Opal Securities Investment (PVT) Ltd.,Imperial Securities Company Pvt. Ltd.,200,595.0,119000.0,2025-08-04 13:06:06.010381
2025-08-04,57738,2025080404014445,SHPC,Opal Securities Investment (PVT) Ltd.,Imperial Securities Company Pvt. Ltd.,200,595.0,119000.0,2025-08-04 13:06:06.010606
2025-08-04,57737,2025080404014446,SHPC,Opal Securities Investment (PVT) Ltd.,Imperial Securities Company Pvt. Ltd.,200,595.0,119000.0,2025-08-04 13:06:06.010803
2025-08-04,57736,2025080404014447,SHPC,Opal Securities Investment (PVT) Ltd.,Imperial Securities Company Pvt. Ltd.,200,595.0,119000.0,2025-08-04 13:06:06.011029
2025-08-04,57735,2025080404014448,SHPC,Naasa Securities Co. Ltd.,Imperial Securities Company Pvt. Ltd.,60,595.0,35700.0,2025-08-04 13:06:06.011276
2025-08-04,57336,2025080404014464,SHPC,Naasa Securities Co. Ltd.,Imperial Securities Company Pvt. Ltd.,290,595.0,172550.0,2025-08-04 13:06:22.212128
2025-08-04,57335,2025080404014465,SHPC,Opal Securities Investment (PVT) Ltd.,Imperial Securities Company Pvt. Ltd.,200,595.0,119000.0,2025-08-04 13:06:22.212500
2025-08-04,57334,2025080404014466,SHPC,Opal Securities Investment (PVT) Ltd.,Imperial Securities Company Pvt. Ltd.,200,595.0,119000.0,2025-08-04 13:06:22.212663
2025-08-04,57333,2025080404014467,SHPC,Dipshikha Dhitopatra Karobar Co. Pvt Ltd.,Imperial Securities Company Pvt. Ltd.,10,595.0,5950.0,2025-08-04 13:06:22.212802
2025-08-04,57332,2025080404014468,SHPC,Opal Securities Investment (PVT) Ltd.,Imperial Securities Company Pvt. Ltd.,200,595.0,119000.0,2025-08-04 13:06:22.212933
2025-08-04,57331,2025080404014469,SHPC,Opal Securities Investment (PVT) Ltd.,Imperial Securities Company Pvt. Ltd.,200,595.0,119000.0,2025-08-04 13:06:22.213088
2025-08-04,57330,2025080404014470,SHPC,South Asian Bulls Pvt. Ltd.,Imperial Securities Company Pvt. Ltd.,1000,594.1,594100.0,2025-08-04 13:06:22.213236
2025-08-04,57329,2025080404014471,SHPC,Bhrikuti Stock Broking Co. Pvt. Ltd.,Imperial Securities Company Pvt. Ltd.,270,594.0,160380.0,2025-08-04 13:06:22.213376
2025-08-04,57328,2025080404014472,SHPC,Malla & Malla Stock Broking Company Pvt. Limited,Imperial Securities Company Pvt. Ltd.,30,594.0,17820.0,2025-08-04 13:06:22.213547
2025-08-04,57327,2025080404014473,SHPC,Agrawal Securities (PVT) Ltd.,Imperial Securities Company Pvt. Ltd.,1000,594.0,594000.0,2025-08-04 13:06:22.213684
2025-08-04,57326,2025080404014474,SHPC,Naasa Securities Co. Ltd.,Imperial Securities Company Pvt. Ltd.,10,594.0,5940.0,2025-08-04 13:06:22.213828
2025-08-04,57325,2025080404014475,SHPC,Elite Stock House Limited,Imperial Securities Company Pvt. Ltd.,100,594.0,59400.0,2025-08-04 13:06:22.213974
2025-08-04,57324,2025080404014476,SHPC,Online Securities Pvt. Ltd.,Imperial Securities Company Pvt. Ltd.,490,594.0,291060.0,2025-08-04 13:06:22.214103
2025-08-04,56971,2025080404014554,SHPC,Opal Securities Investment (PVT) Ltd.,Machhapuchchhre Securities Limited,100,595.0,59500.0,2025-08-04 13:06:59.610466
2025-08-04,56738,2025080404014611,SHPC,Premier Securities Company Ltd.,Vision Securities Pvt. Ltd,200,596.0,119200.0,2025-08-04 13:07:24.340658
2025-08-04,56621,2025080404014669,SHPC,Opal Securities Investment (PVT) Ltd.,Machhapuchchhre Securities Limited,20,595.0,11900.0,2025-08-04 13:07:29.709661
2025-08-04,56429,2025080404014726,SHPC,Opal Securities Investment (PVT) Ltd.,Aryatara Investment & Securities,80,595.0,47600.0,2025-08-04 13:07:53.695139
2025-08-04,56428,2025080404014727,SHPC,Agrawal Securities (PVT) Ltd.,Aryatara Investment & Securities,40,595.0,23800.0,2025-08-04 13:07:53.695488
2025-08-04,55956,2025080404014834,SHPC,Agrawal Securities (PVT) Ltd.,Dipshikha Dhitopatra Karobar Co. Pvt Ltd.,1200,595.0,714000.0,2025-08-04 13:08:42.918472
2025-08-04,55877,2025080404014862,SHPC,Malla & Malla Stock Broking Company Pvt. Limited,Asian Securities Private Ltd.,1,590.0,590.0,2025-08-04 13:08:54.267105
2025-08-04,55814,2025080404014886,SHPC,Agrawal Securities (PVT) Ltd.,Arun Securities (PVT) Ltd.,1000,595.0,595000.0,2025-08-04 13:09:03.082875
2025-08-04,55658,2025080404014947,SHPC,Bhrikuti Stock Broking Co. Pvt. Ltd.,South Asian Bulls Pvt. Ltd.,100,595.1,59510.0,2025-08-04 13:09:34.245454
2025-08-04,55657,2025080404014948,SHPC,Naasa Securities Co. Ltd.,South Asian Bulls Pvt. Ltd.,1000,595.1,595100.0,2025-08-04 13:09:34.245829
2025-08-04,55357,2025080404015014,SHPC,Agrawal Securities (PVT) Ltd.,Machhapuchchhre Securities Limited,31,595.0,18445.0,2025-08-04 13:09:52.120135
2025-08-04,55323,2025080404015015,SHPC,Malla & Malla Stock Broking Company Pvt. Limited,Vision Securities Pvt. Ltd,1,592.0,592.0,2025-08-04 13:09:52.588791
2025-08-04,55261,2025080404015029,SHPC,Agrawal Securities (PVT) Ltd.,Vision Securities Pvt. Ltd,50,595.0,29750.0,2025-08-04 13:10:00.872946
2025-08-04,55141,2025080404015045,SHPC,Agrawal Securities (PVT) Ltd.,Imperial Securities Company Pvt. Ltd.,1000,595.0,595000.0,2025-08-04 13:10:15.348140
2025-08-04,55127,2025080404015052,SHPC,Agrawal Securities (PVT) Ltd.,South Asian Bulls Pvt. Ltd.,679,595.0,404005.0,2025-08-04 13:10:16.643704
2025-08-04,55126,2025080404015053,SHPC,Opal Securities Investment (PVT) Ltd.,South Asian Bulls Pvt. Ltd.,200,595.0,119000.0,2025-08-04 13:10:16.644335
2025-08-04,55125,2025080404015054,SHPC,Opal Securities Investment (PVT) Ltd.,South Asian Bulls Pvt. Ltd.,200,595.0,119000.0,2025-08-04 13:10:16.644764
2025-08-04,55124,2025080404015055,SHPC,Opal Securities Investment (PVT) Ltd.,South Asian Bulls Pvt. Ltd.,200,595.0,119000.0,2025-08-04 13:10:16.645191
2025-08-04,55123,2025080404015056,SHPC,Citizens Share Broker Limited,South Asian Bulls Pvt. Ltd.,100,595.0,59500.0,2025-08-04 13:10:16.645633
2025-08-04,55122,2025080404015057,SHPC,Opal Securities Investment (PVT) Ltd.,South Asian Bulls Pvt. Ltd.,200,595.0,119000.0,2025-08-04 13:10:16.646039
2025-08-04,55121,2025080404015058,SHPC,Opal Securities Investment (PVT) Ltd.,South Asian Bulls Pvt. Ltd.,200,595.0,119000.0,2025-08-04 13:10:16.646456
2025-08-04,54737,2025080404015131,SHPC,Sewa Securities Pvt. Ltd.,K.B.L. Securities Limited ,50,595.0,29750.0,2025-08-04 13:11:06.163428
2025-08-04,54736,2025080404015132,SHPC,Kalika Securities Pvt. Ltd.,K.B.L. Securities Limited ,150,595.0,89250.0,2025-08-04 13:11:06.163818
2025-08-04,54734,2025080404015133,SHPC,Kalika Securities Pvt. Ltd.,Premier Securities Company Ltd.,71,595.0,42245.0,2025-08-04 13:11:06.354384
2025-08-04,54618,2025080404015159,SHPC,South Asian Bulls Pvt. Ltd.,Trisul Securities & Invt. Ltd.,401,594.1,238234.1,2025-08-04 13:11:23.487202
2025-08-04,54118,2025080404015254,SHPC,Vision Securities Pvt. Ltd,Vision Securities Pvt. Ltd,5000,595.0,2975000.0,2025-08-04 13:12:09.019559
2025-08-04,53852,2025080404015316,SHPC,South Asian Bulls Pvt. Ltd.,Imperial Securities Company Pvt. Ltd.,599,594.1,355865.9,2025-08-04 13:12:40.666037
2025-08-04,53851,2025080404015317,SHPC,Online Securities Pvt. Ltd.,Imperial Securities Company Pvt. Ltd.,401,594.0,238194.0,2025-08-04 13:12:40.666444
2025-08-04,53592,2025080404015394,SHPC,Online Securities Pvt. Ltd.,Sani Securities Company Ltd.,109,594.0,64746.0,2025-08-04 13:13:15.912768
2025-08-04,53591,2025080404015395,SHPC,Agrawal Securities (PVT) Ltd.,Sani Securities Company Ltd.,191,594.0,113454.0,2025-08-04 13:13:15.913105
2025-08-04,53456,2025080404015424,SHPC,MILKY WAY SHARE BROKER COMPANY LTD ,Sani Securities Company Ltd.,15,594.0,8910.0,2025-08-04 13:13:38.392209
2025-08-04,53455,2025080404015425,SHPC,MILKY WAY SHARE BROKER COMPANY LTD ,Vision Securities Pvt. Ltd,1000,594.0,594000.0,2025-08-04 13:13:38.392552
2025-08-04,53454,2025080404015426,SHPC,MILKY WAY SHARE BROKER COMPANY LTD ,Vision Securities Pvt. Ltd,1000,595.0,595000.0,2025-08-04 13:13:38.392776
2025-08-04,53453,2025080404015427,SHPC,MILKY WAY SHARE BROKER COMPANY LTD ,Imperial Securities Company Pvt. Ltd.,15,595.0,8925.0,2025-08-04 13:13:38.393023
2025-08-04,53452,2025080404015428,SHPC,MILKY WAY SHARE BROKER COMPANY LTD ,Imperial Securities Company Pvt. Ltd.,1970,595.4,1172938.0,2025-08-04 13:13:38.393244
2025-08-04,52676,2025080404015564,SHPC,Capital Max Securities Ltd,Thrive Brokerage House Pvt. Ltd,10,595.0,5950.0,2025-08-04 13:15:21.689799
2025-08-04,52362,2025080404015633,SHPC,Vision Securities Pvt. Ltd,Machhapuchchhre Securities Limited,40,594.0,23760.0,2025-08-04 13:15:58.252947
2025-08-04,52265,2025080404015668,SHPC,Vision Securities Pvt. Ltd,Premier Securities Company Ltd.,200,594.0,118800.0,2025-08-04 13:16:14.254873
2025-08-04,52069,2025080404015706,SHPC,Vision Securities Pvt. Ltd,Secured Securities Ltd.,160,594.0,95040.0,2025-08-04 13:16:37.276114
2025-08-04,52068,2025080404015707,SHPC,Imperial Securities Company Pvt. Ltd.,Secured Securities Ltd.,20,594.0,11880.0,2025-08-04 13:16:37.276490
2025-08-04,52067,2025080404015708,SHPC,Trisul Securities & Invt. Ltd.,Secured Securities Ltd.,150,594.0,89100.0,2025-08-04 13:16:37.276639
2025-08-04,52066,2025080404015709,SHPC,South Asian Bulls Pvt. Ltd.,Secured Securities Ltd.,30,593.9,17817.0,2025-08-04 13:16:37.276868
2025-08-04,52065,2025080404015710,SHPC,South Asian Bulls Pvt. Ltd.,Secured Securities Ltd.,640,593.9,380096.0,2025-08-04 13:16:37.277085
2025-08-04,52047,2025080404015721,SHPC,Vision Securities Pvt. Ltd,Miyo Securities Pvt Ltd,600,595.0,357000.0,2025-08-04 13:16:38.890609
2025-08-04,51121,2025080404015884,SHPC,Vision Securities Pvt. Ltd,Machhapuchchhre Securities Limited,50,595.0,29750.0,2025-08-04 13:18:40.723379
2025-08-04,51096,2025080404015888,SHPC,Vision Securities Pvt. Ltd,Premier Securities Company Ltd.,200,595.0,119000.0,2025-08-04 13:18:44.861164
2025-08-04,50988,2025080404015905,SHPC,Sewa Securities Pvt. Ltd.,Imperial Securities Company Pvt. Ltd.,30,595.4,17862.0,2025-08-04 13:18:58.413074
2025-08-04,50911,2025080404015917,SHPC,Sewa Securities Pvt. Ltd.,Online Securities Pvt. Ltd.,20,595.4,11908.0,2025-08-04 13:19:07.810628
2025-08-04,50910,2025080404015918,SHPC,Vision Securities Pvt. Ltd,Online Securities Pvt. Ltd.,480,595.0,285600.0,2025-08-04 13:19:07.811016
2025-08-04,50895,2025080404015921,SHPC,Vision Securities Pvt. Ltd,Machhapuchchhre Securities Limited,30,595.0,17850.0,2025-08-04 13:19:09.809519
2025-08-04,50615,2025080404015998,SHPC,Malla & Malla Stock Broking Company Pvt. Limited,Nepal Stock House (PVT) Ltd.,2,595.1,1190.2,2025-08-04 13:19:44.676915
2025-08-04,50581,2025080404016006,SHPC,Vision Securities Pvt. Ltd,K.B.L. Securities Limited ,40,595.0,23800.0,2025-08-04 13:19:47.907962
2025-08-04,50580,2025080404016007,SHPC,Naasa Securities Co. Ltd.,K.B.L. Securities Limited ,85,595.0,50575.0,2025-08-04 13:19:47.908369
2025-08-04,50579,2025080404016008,SHPC,Linch Stock Market Ltd.,K.B.L. Securities Limited ,75,595.0,44625.0,2025-08-04 13:19:47.908528
2025-08-04,50530,2025080404016015,SHPC,Linch Stock Market Ltd.,Sumeru Securities Pvt. Ltd.,25,595.0,14875.0,2025-08-04 13:19:55.055476
2025-08-04,50529,2025080404016016,SHPC,South Asian Bulls Pvt. Ltd.,Sumeru Securities Pvt. Ltd.,1000,594.2,594200.0,2025-08-04 13:19:55.055552
2025-08-04,50528,2025080404016017,SHPC,Agrawal Securities (PVT) Ltd.,Sumeru Securities Pvt. Ltd.,500,594.1,297050.0,2025-08-04 13:19:55.055582
2025-08-04,50527,2025080404016018,SHPC,Kumari Securities Private Limited,Sumeru Securities Pvt. Ltd.,1100,594.0,653400.0,2025-08-04 13:19:55.055610
2025-08-04,50526,2025080404016019,SHPC,South Asian Bulls Pvt. Ltd.,Sumeru Securities Pvt. Ltd.,360,593.9,213804.0,2025-08-04 13:19:55.055635
2025-08-04,50525,2025080404016020,SHPC,South Asian Bulls Pvt. Ltd.,Sumeru Securities Pvt. Ltd.,30,593.8,17814.0,2025-08-04 13:19:55.055662
2025-08-04,50524,2025080404016021,SHPC,South Asian Bulls Pvt. Ltd.,Sumeru Securities Pvt. Ltd.,30,593.7,17811.0,2025-08-04 13:19:55.055711
2025-08-04,50523,2025080404016022,SHPC,INDEX SECURITIES LIMITED,Sumeru Securities Pvt. Ltd.,100,593.7,59370.0,2025-08-04 13:19:55.055738
2025-08-04,50522,2025080404016023,SHPC,South Asian Bulls Pvt. Ltd.,Sumeru Securities Pvt. Ltd.,45,593.6,26712.0,2025-08-04 13:19:55.055769
2025-08-04,50494,2025080404016037,SHPC,Secured Securities Ltd.,Naasa Securities Co. Ltd.,10,594.0,5940.0,2025-08-04 13:19:58.728012
2025-08-04,50302,2025080404016080,SHPC,Vision Securities Pvt. Ltd,Machhapuchchhre Securities Limited,35,595.0,20825.0,2025-08-04 13:20:29.055291
2025-08-04,49971,2025080404016132,SHPC,Premier Securities Company Ltd.,South Asian Bulls Pvt. Ltd.,50,595.1,29755.0,2025-08-04 13:20:57.042163
2025-08-04,49847,2025080404016160,SHPC,Vision Securities Pvt. Ltd,Malla & Malla Stock Broking Company Pvt. Limited,10,595.5,5955.0,2025-08-04 13:21:18.412755
2025-08-04,49846,2025080404016161,SHPC,Vision Securities Pvt. Ltd,Premier Securities Company Ltd.,100,595.9,59590.0,2025-08-04 13:21:18.413175
2025-08-04,49845,2025080404016162,SHPC,Vision Securities Pvt. Ltd,Naasa Securities Co. Ltd.,190,596.0,113240.0,2025-08-04 13:21:18.413348
2025-08-04,49692,2025080404016213,SHPC,Aryatara Investment & Securities,Naasa Securities Co. Ltd.,53,596.0,31588.0,2025-08-04 13:21:37.876207
2025-08-04,49691,2025080404016214,SHPC,Aryatara Investment & Securities,Naasa Securities Co. Ltd.,50,597.8,29890.0,2025-08-04 13:21:37.876896
2025-08-04,49690,2025080404016215,SHPC,Aryatara Investment & Securities,Vision Securities Pvt. Ltd,897,597.9,536316.3,2025-08-04 13:21:37.877352
2025-08-04,49534,2025080404016258,SHPC,Asian Securities Private Ltd.,Naasa Securities Co. Ltd.,77,597.0,45969.0,2025-08-04 13:21:59.888777
2025-08-04,49474,2025080404016271,SHPC,Asian Securities Private Ltd.,Aakashbhairab Securities Ltd.,423,597.0,252531.0,2025-08-04 13:22:07.380370
2025-08-04,49229,2025080404016319,SHPC,Online Securities Pvt. Ltd.,South Asian Bulls Pvt. Ltd.,236,596.9,140868.4,2025-08-04 13:22:56.148477
2025-08-04,49209,2025080404016322,SHPC,Dipshikha Dhitopatra Karobar Co. Pvt Ltd.,South Asian Bulls Pvt. Ltd.,164,596.9,97891.6,2025-08-04 13:22:59.249032
2025-08-04,49208,2025080404016323,SHPC,Dipshikha Dhitopatra Karobar Co. Pvt Ltd.,Aakashbhairab Securities Ltd.,836,597.0,499092.0,2025-08-04 13:22:59.249422
2025-08-04,49041,2025080404016357,SHPC,Premier Securities Company Ltd.,Machhapuchchhre Securities Limited,40,595.9,23836.0,2025-08-04 13:23:20.576687
2025-08-04,49037,2025080404016358,SHPC,Malla & Malla Stock Broking Company Pvt. Limited,Sri Hari Securities Pvt. Ltd.,3,597.0,1791.0,2025-08-04 13:23:22.017042
2025-08-04,49025,2025080404016361,SHPC,Premier Securities Company Ltd.,Imperial Securities Company Pvt. Ltd.,10,595.9,5959.0,2025-08-04 13:23:24.839540
2025-08-04,49024,2025080404016362,SHPC,South Asian Bulls Pvt. Ltd.,Imperial Securities Company Pvt. Ltd.,100,595.2,59520.0,2025-08-04 13:23:24.839921
2025-08-04,49023,2025080404016363,SHPC,South Asian Bulls Pvt. Ltd.,Imperial Securities Company Pvt. Ltd.,100,595.2,59520.0,2025-08-04 13:23:24.840076
2025-08-04,49022,2025080404016364,SHPC,Vision Securities Pvt. Ltd,Imperial Securities Company Pvt. Ltd.,165,595.0,98175.0,2025-08-04 13:23:24.840226
2025-08-04,49021,2025080404016365,SHPC,Vision Securities Pvt. Ltd,Imperial Securities Company Pvt. Ltd.,80,595.0,47600.0,2025-08-04 13:23:24.840381
2025-08-04,49020,2025080404016366,SHPC,Naasa Securities Co. Ltd.,Imperial Securities Company Pvt. Ltd.,20,595.0,11900.0,2025-08-04 13:23:24.840522
2025-08-04,49019,2025080404016367,SHPC,Siprabi Securities Pvt. Ltd.,Imperial Securities Company Pvt. Ltd.,50,595.0,29750.0,2025-08-04 13:23:24.840674
2025-08-04,49018,2025080404016368,SHPC,Kumari Securities Private Limited,Imperial Securities Company Pvt. Ltd.,50,595.0,29750.0,2025-08-04 13:23:24.840818
2025-08-04,49017,2025080404016369,SHPC,Agrawal Securities (PVT) Ltd.,Imperial Securities Company Pvt. Ltd.,425,595.0,252875.0,2025-08-04 13:23:24.840961
2025-08-04,48829,2025080404016388,SHPC,Agrawal Securities (PVT) Ltd.,Sumeru Securities Pvt. Ltd.,121,595.0,71995.0,2025-08-04 13:23:37.334880
2025-08-04,48718,2025080404016409,SHPC,Agrawal Securities (PVT) Ltd.,Naasa Securities Co. Ltd.,291,595.0,173145.0,2025-08-04 13:23:52.165632
2025-08-04,48008,2025080404016554,SHPC,K.B.L. Securities Limited ,Aakashbhairab Securities Ltd.,500,596.9,298450.0,2025-08-04 13:25:18.616148
2025-08-04,47707,2025080404016617,SHPC,Vision Securities Pvt. Ltd,Aakashbhairab Securities Ltd.,40,596.9,23876.0,2025-08-04 13:26:07.684991
2025-08-04,47372,2025080404016708,SHPC,Kumari Securities Private Limited,Vision Securities Pvt. Ltd,103,597.9,61583.7,2025-08-04 13:27:10.122473
2025-08-04,47371,2025080404016709,SHPC,Kumari Securities Private Limited,Dynamic Money Managers Securities Pvt. Ltd.,20,597.9,11958.0,2025-08-04 13:27:10.122835
2025-08-04,47370,2025080404016710,SHPC,Kumari Securities Private Limited,Online Securities Pvt. Ltd.,77,597.9,46038.3,2025-08-04 13:27:10.122988
2025-08-04,47029,2025080404016781,SHPC,Agrawal Securities (PVT) Ltd.,Naasa Securities Co. Ltd.,77,596.2,45907.4,2025-08-04 13:28:04.759283
2025-08-04,46592,2025080404016842,SHPC,Imperial Securities Company Pvt. Ltd.,Aryatara Investment & Securities,300,596.3,178890.0,2025-08-04 13:29:23.935305
2025-08-04,46591,2025080404016843,SHPC,Agrawal Securities (PVT) Ltd.,Aryatara Investment & Securities,450,596.2,268290.0,2025-08-04 13:29:23.935682
2025-08-04,46348,2025080404016901,SHPC,Malla & Malla Stock Broking Company Pvt. Limited,Aakashbhairab Securities Ltd.,1,596.9,596.9,2025-08-04 13:29:59.385325
2025-08-04,46198,2025080404016945,SHPC,Naasa Securities Co. Ltd.,Online Securities Pvt. Ltd.,54,596.5,32211.0,2025-08-04 13:30:14.084608
2025-08-04,46197,2025080404016946,SHPC,Agrawal Securities (PVT) Ltd.,Online Securities Pvt. Ltd.,369,596.2,219997.8,2025-08-04 13:30:14.084984
2025-08-04,46078,2025080404016971,SHPC,Agrawal Securities (PVT) Ltd.,Imperial Securities Company Pvt. Ltd.,104,596.2,62004.8,2025-08-04 13:30:26.960185
2025-08-04,46077,2025080404016972,SHPC,Agrawal Securities (PVT) Ltd.,Imperial Securities Company Pvt. Ltd.,15,596.1,8941.5,2025-08-04 13:30:26.960623
2025-08-04,46076,2025080404016973,SHPC,Asian Securities Private Ltd.,Imperial Securities Company Pvt. Ltd.,200,596.0,119200.0,2025-08-04 13:30:26.960846
2025-08-04,46075,2025080404016974,SHPC,Secured Securities Ltd.,Imperial Securities Company Pvt. Ltd.,120,596.0,71520.0,2025-08-04 13:30:26.961064
2025-08-04,46074,2025080404016975,SHPC,Linch Stock Market Ltd.,Imperial Securities Company Pvt. Ltd.,70,596.0,41720.0,2025-08-04 13:30:26.961265
2025-08-04,46073,2025080404016976,SHPC,Naasa Securities Co. Ltd.,Imperial Securities Company Pvt. Ltd.,100,595.2,59520.0,2025-08-04 13:30:26.961485
2025-08-04,46072,2025080404016977,SHPC,Asian Securities Private Ltd.,Imperial Securities Company Pvt. Ltd.,300,595.1,178530.0,2025-08-04 13:30:26.961739
2025-08-04,46071,2025080404016978,SHPC,Agrawal Securities (PVT) Ltd.,Imperial Securities Company Pvt. Ltd.,163,595.0,96985.0,2025-08-04 13:30:26.961957
2025-08-04,46070,2025080404016979,SHPC,Naasa Securities Co. Ltd.,Imperial Securities Company Pvt. Ltd.,500,595.0,297500.0,2025-08-04 13:30:26.962144
2025-08-04,46069,2025080404016980,SHPC,Dynamic Money Managers Securities Pvt. Ltd.,Imperial Securities Company Pvt. Ltd.,350,595.0,208250.0,2025-08-04 13:30:26.962293
2025-08-04,46068,2025080404016981,SHPC,Trisul Securities & Invt. Ltd.,Imperial Securities Company Pvt. Ltd.,50,595.0,29750.0,2025-08-04 13:30:26.962471
2025-08-04,46067,2025080404016982,SHPC,Agrawal Securities (PVT) Ltd.,Imperial Securities Company Pvt. Ltd.,28,595.0,16660.0,2025-08-04 13:30:26.962655
2025-08-04,45970,2025080404017014,SHPC,Agrawal Securities (PVT) Ltd.,Imperial Securities Company Pvt. Ltd.,172,595.0,102340.0,2025-08-04 13:30:37.155096
2025-08-04,45969,2025080404017015,SHPC,Sewa Securities Pvt. Ltd.,Imperial Securities Company Pvt. Ltd.,100,595.0,59500.0,2025-08-04 13:30:37.155490
2025-08-04,45968,2025080404017016,SHPC,Agrawal Securities (PVT) Ltd.,Imperial Securities Company Pvt. Ltd.,1000,595.0,595000.0,2025-08-04 13:30:37.155641
2025-08-04,45967,2025080404017017,SHPC,Shree Krishna Securities Ltd.,Imperial Securities Company Pvt. Ltd.,150,595.0,89250.0,2025-08-04 13:30:37.155788
2025-08-04,45966,2025080404017018,SHPC,Secured Securities Ltd.,Imperial Securities Company Pvt. Ltd.,40,594.0,23760.0,2025-08-04 13:30:37.155957
2025-08-04,45965,2025080404017019,SHPC,Citizens Share Broker Limited,Imperial Securities Company Pvt. Ltd.,538,594.0,319572.0,2025-08-04 13:30:37.156121
2025-08-04,45912,2025080404017030,SHPC,Citizens Share Broker Limited,Imperial Securities Company Pvt. Ltd.,462,594.0,274428.0,2025-08-04 13:30:46.467136
2025-08-04,45911,2025080404017031,SHPC,Naasa Securities Co. Ltd.,Imperial Securities Company Pvt. Ltd.,500,594.0,297000.0,2025-08-04 13:30:46.467849
2025-08-04,45910,2025080404017032,SHPC,Imperial Securities Company Pvt. Ltd.,Imperial Securities Company Pvt. Ltd.,31,594.0,18414.0,2025-08-04 13:30:46.468293
2025-08-04,45909,2025080404017033,SHPC,Magnet Securities and Investment Company Private Limited,Imperial Securities Company Pvt. Ltd.,900,594.0,534600.0,2025-08-04 13:30:46.468746
2025-08-04,45908,2025080404017034,SHPC,Agrawal Securities (PVT) Ltd.,Imperial Securities Company Pvt. Ltd.,107,594.0,63558.0,2025-08-04 13:30:46.469177
2025-08-04,44872,2025080404017294,SHPC,Agrawal Securities (PVT) Ltd.,Arun Securities (PVT) Ltd.,100,594.0,59400.0,2025-08-04 13:33:30.274276
2025-08-04,44325,2025080404017432,SHPC,Agrawal Securities (PVT) Ltd.,Naasa Securities Co. Ltd.,50,594.0,29700.0,2025-08-04 13:34:56.441108
2025-08-04,44282,2025080404017435,SHPC,Agrawal Securities (PVT) Ltd.,Premier Securities Company Ltd.,10,594.0,5940.0,2025-08-04 13:35:06.701248
2025-08-04,44239,2025080404017446,SHPC,Agrawal Securities (PVT) Ltd.,Sri Hari Securities Pvt. Ltd.,50,594.0,29700.0,2025-08-04 13:35:17.216294
2025-08-04,44111,2025080404017490,SHPC,Agrawal Securities (PVT) Ltd.,Kumari Securities Private Limited,500,594.0,297000.0,2025-08-04 13:35:35.500443
2025-08-04,43981,2025080404017527,SHPC,Agrawal Securities (PVT) Ltd.,Deevyaa Securities & Stock House Pvt. Ltd,183,594.0,108702.0,2025-08-04 13:36:01.766644
2025-08-04,43980,2025080404017528,SHPC,Agrawal Securities (PVT) Ltd.,Deevyaa Securities & Stock House Pvt. Ltd,20,593.9,11878.0,2025-08-04 13:36:01.767071
2025-08-04,43979,2025080404017529,SHPC,Agrawal Securities (PVT) Ltd.,Deevyaa Securities & Stock House Pvt. Ltd,30,593.8,17814.0,2025-08-04 13:36:01.767250
2025-08-04,43978,2025080404017530,SHPC,Agrawal Securities (PVT) Ltd.,Deevyaa Securities & Stock House Pvt. Ltd,40,593.7,23748.0,2025-08-04 13:36:01.767424
2025-08-04,43977,2025080404017531,SHPC,South Asian Bulls Pvt. Ltd.,Deevyaa Securities & Stock House Pvt. Ltd,30,593.6,17808.0,2025-08-04 13:36:01.767610
2025-08-04,43976,2025080404017532,SHPC,Stoxkarts Securities Limited,Deevyaa Securities & Stock House Pvt. Ltd,500,593.6,296800.0,2025-08-04 13:36:01.767772
2025-08-04,43975,2025080404017533,SHPC,Oxford Securities Pvt. Ltd.,Deevyaa Securities & Stock House Pvt. Ltd,110,593.5,65285.0,2025-08-04 13:36:01.767923
2025-08-04,43974,2025080404017534,SHPC,Online Securities Pvt. Ltd.,Deevyaa Securities & Stock House Pvt. Ltd,10,593.5,5935.0,2025-08-04 13:36:01.768091
2025-08-04,43973,2025080404017535,SHPC,Naasa Securities Co. Ltd.,Deevyaa Securities & Stock House Pvt. Ltd,10,593.5,5935.0,2025-08-04 13:36:01.768256
2025-08-04,43972,2025080404017536,SHPC,Citizens Share Broker Limited,Deevyaa Securities & Stock House Pvt. Ltd,1000,593.5,593500.0,2025-08-04 13:36:01.768412
2025-08-04,43971,2025080404017537,SHPC,Agrawal Securities (PVT) Ltd.,Deevyaa Securities & Stock House Pvt. Ltd,70,593.4,41538.0,2025-08-04 13:36:01.768585
2025-08-04,43970,2025080404017538,SHPC,Agrawal Securities (PVT) Ltd.,Deevyaa Securities & Stock House Pvt. Ltd,80,593.3,47464.0,2025-08-04 13:36:01.768747
2025-08-04,43969,2025080404017539,SHPC,Agrawal Securities (PVT) Ltd.,Deevyaa Securities & Stock House Pvt. Ltd,200,593.2,118640.0,2025-08-04 13:36:01.768896
2025-08-04,43968,2025080404017540,SHPC,Bhrikuti Stock Broking Co. Pvt. Ltd.,Deevyaa Securities & Stock House Pvt. Ltd,300,593.1,177930.0,2025-08-04 13:36:01.769081
2025-08-04,43967,2025080404017541,SHPC,Primo Securities (PVT) Ltd.,Deevyaa Securities & Stock House Pvt. Ltd,500,593.1,296550.0,2025-08-04 13:36:01.769258
2025-08-04,43966,2025080404017542,SHPC,Agrawal Securities (PVT) Ltd.,Deevyaa Securities & Stock House Pvt. Ltd,1917,593.1,1136972.7,2025-08-04 13:36:01.769460
2025-08-04,43914,2025080404017549,SHPC,Agrawal Securities (PVT) Ltd.,Machhapuchchhre Securities Limited,10,593.1,5931.0,2025-08-04 13:36:09.708988
2025-08-04,43719,2025080404017600,SHPC,Machhapuchchhre Securities Limited,Malla & Malla Stock Broking Company Pvt. Limited,10,596.0,5960.0,2025-08-04 13:36:46.827685
2025-08-04,43604,2025080404017632,SHPC,Naasa Securities Co. Ltd.,Machhapuchchhre Securities Limited,15,594.0,8910.0,2025-08-04 13:37:04.882177
2025-08-04,43509,2025080404017665,SHPC,Naasa Securities Co. Ltd.,Aryatara Investment & Securities,85,594.0,50490.0,2025-08-04 13:37:19.201302
2025-08-04,43508,2025080404017666,SHPC,Agrawal Securities (PVT) Ltd.,Aryatara Investment & Securities,73,593.1,43296.3,2025-08-04 13:37:19.202026
2025-08-04,43507,2025080404017667,SHPC,Cristal Kanchanjanga Securites Pvt. Ltd.,Aryatara Investment & Securities,592,593.1,351115.2,2025-08-04 13:37:19.202493
2025-08-04,43191,2025080404017706,SHPC,Kohinoor Investment & Securities Pvt. Ltd.,Naasa Securities Co. Ltd.,100,593.2,59320.0,2025-08-04 13:38:03.035161
2025-08-04,43099,2025080404017742,SHPC,Machhapuchchhre Securities Limited,South Asian Bulls Pvt. Ltd.,10,596.3,5963.0,2025-08-04 13:38:21.102605
2025-08-04,43057,2025080404017751,SHPC,Premier Securities Company Ltd.,Machhapuchchhre Securities Limited,20,594.0,11880.0,2025-08-04 13:38:34.148701
2025-08-04,42856,2025080404017830,SHPC,Machhapuchchhre Securities Limited,South Asian Bulls Pvt. Ltd.,10,596.3,5963.0,2025-08-04 13:39:15.274156
2025-08-04,42628,2025080404017872,SHPC,ABC Securities Private Limited,Naasa Securities Co. Ltd.,100,595.9,59590.0,2025-08-04 13:40:03.138294
2025-08-04,42627,2025080404017873,SHPC,ABC Securities Private Limited,Vision Securities Pvt. Ltd,400,596.0,238400.0,2025-08-04 13:40:03.138653
2025-08-04,42618,2025080404017875,SHPC,Premier Securities Company Ltd.,Machhapuchchhre Securities Limited,30,594.0,17820.0,2025-08-04 13:40:08.438176
2025-08-04,42557,2025080404017918,SHPC,Premier Securities Company Ltd.,BHOLE GANESH SECURITIES LTD,387,594.0,229878.0,2025-08-04 13:40:13.871203
2025-08-04,42430,2025080404017937,SHPC,SUN SECURITIES PVT LTD,Market Securities & Exchange (PVT) Ltd.,300,594.1,178230.0,2025-08-04 13:40:37.318652
2025-08-04,42252,2025080404017965,SHPC,SUN SECURITIES PVT LTD,Machhapuchchhre Securities Limited,30,594.1,17823.0,2025-08-04 13:41:08.622824
2025-08-04,42047,2025080404018024,SHPC,SUN SECURITIES PVT LTD,South Asian Bulls Pvt. Ltd.,170,594.1,100997.0,2025-08-04 13:41:44.441903
2025-08-04,41830,2025080404018056,SHPC,Sani Securities Company Ltd.,Asian Securities Private Ltd.,500,594.1,297050.0,2025-08-04 13:42:17.152671
2025-08-04,41743,2025080404018066,SHPC,Vision Securities Pvt. Ltd,Asian Securities Private Ltd.,1000,594.1,594100.0,2025-08-04 13:42:35.003499
2025-08-04,41624,2025080404018076,SHPC,Premier Securities Company Ltd.,Blue Chip Securities Ltd,73,594.0,43362.0,2025-08-04 13:42:58.211086
2025-08-04,41623,2025080404018077,SHPC,Elite Stock House Limited,Blue Chip Securities Ltd,30,594.0,17820.0,2025-08-04 13:42:58.211518
2025-08-04,41622,2025080404018078,SHPC,SUN SECURITIES PVT LTD,Blue Chip Securities Ltd,447,594.0,265518.0,2025-08-04 13:42:58.211672
2025-08-04,41181,2025080404018127,SHPC,SUN SECURITIES PVT LTD,Imperial Securities Company Pvt. Ltd.,53,594.0,31482.0,2025-08-04 13:43:26.139335
2025-08-04,40664,2025080404018200,SHPC,Sani Securities Company Ltd.,Imperial Securities Company Pvt. Ltd.,47,594.0,27918.0,2025-08-04 13:44:39.953641
2025-08-04,40469,2025080404018222,SHPC,Sani Securities Company Ltd.,Machhapuchchhre Securities Limited,40,593.3,23732.0,2025-08-04 13:44:58.188481
2025-08-04,40084,2025080404018263,SHPC,Sani Securities Company Ltd.,Machhapuchchhre Securities Limited,20,593.3,11866.0,2025-08-04 13:45:47.355424
2025-08-04,39814,2025080404018318,SHPC,S.P.S.A. Securities Limited,South Asian Bulls Pvt. Ltd.,40,594.0,23760.0,2025-08-04 13:46:31.764031
2025-08-04,39672,2025080404018355,SHPC,Sani Securities Company Ltd.,South Asian Bulls Pvt. Ltd.,93,594.0,55242.0,2025-08-04 13:46:55.410375
2025-08-04,39591,2025080404018368,SHPC,Vision Securities Pvt. Ltd,Machhapuchchhre Securities Limited,10,594.0,5940.0,2025-08-04 13:47:06.460827
2025-08-04,39390,2025080404018407,SHPC,S.P.S.A. Securities Limited,Vision Securities Pvt. Ltd,100,596.0,59600.0,2025-08-04 13:47:38.946124
2025-08-04,39389,2025080404018408,SHPC,S.P.S.A. Securities Limited,Vision Securities Pvt. Ltd,500,596.0,298000.0,2025-08-04 13:47:38.947061
2025-08-04,39035,2025080404018458,SHPC,Thrive Brokerage House Pvt. Ltd,South Asian Bulls Pvt. Ltd.,200,596.3,119260.0,2025-08-04 13:48:24.671214
2025-08-04,38593,2025080404018556,SHPC,SHUBHAKAMANA SECURITIES PVT. LTD,Machhapuchchhre Securities Limited,20,595.0,11900.0,2025-08-04 13:49:42.955184
2025-08-04,38440,2025080404018597,SHPC,Malla & Malla Stock Broking Company Pvt. Limited,Imperial Securities Company Pvt. Ltd.,9,593.0,5337.0,2025-08-04 13:50:35.178513
2025-08-04,38427,2025080404018604,SHPC,Dynamic Money Managers Securities Pvt. Ltd.,Capital Max Securities Ltd,550,596.0,327800.0,2025-08-04 13:50:38.387811
2025-08-04,38426,2025080404018605,SHPC,Dynamic Money Managers Securities Pvt. Ltd.,South Asian Bulls Pvt. Ltd.,180,596.3,107334.0,2025-08-04 13:50:38.388597
2025-08-04,38425,2025080404018606,SHPC,Dynamic Money Managers Securities Pvt. Ltd.,Vision Securities Pvt. Ltd,60,596.3,35778.0,2025-08-04 13:50:38.389111
2025-08-04,38424,2025080404018607,SHPC,Dynamic Money Managers Securities Pvt. Ltd.,Vision Securities Pvt. Ltd,210,596.9,125349.0,2025-08-04 13:50:38.389648
2025-08-04,38058,2025080404018664,SHPC,Dakshinkali Investment & Securities Pvt. Ltd.,Machhapuchchhre Securities Limited,20,595.1,11902.0,2025-08-04 13:51:45.375926
2025-08-04,37687,2025080404018755,SHPC,Kalika Securities Pvt. Ltd.,Premier Securities Company Ltd.,100,595.2,59520.0,2025-08-04 13:52:51.691055
2025-08-04,37670,2025080404018758,SHPC,Cristal Kanchanjanga Securites Pvt. Ltd.,Deevyaa Securities & Stock House Pvt. Ltd,800,596.0,476800.0,2025-08-04 13:52:54.574309
2025-08-04,37625,2025080404018767,SHPC,Cristal Kanchanjanga Securites Pvt. Ltd.,Vision Securities Pvt. Ltd,500,596.8,298400.0,2025-08-04 13:53:07.659418
2025-08-04,37624,2025080404018768,SHPC,Cristal Kanchanjanga Securites Pvt. Ltd.,Vision Securities Pvt. Ltd,290,596.9,173101.0,2025-08-04 13:53:07.660161
2025-08-04,37623,2025080404018769,SHPC,Cristal Kanchanjanga Securites Pvt. Ltd.,Vision Securities Pvt. Ltd,500,596.9,298450.0,2025-08-04 13:53:07.660682
2025-08-04,37622,2025080404018770,SHPC,Cristal Kanchanjanga Securites Pvt. Ltd.,Sani Securities Company Ltd.,180,597.0,107460.0,2025-08-04 13:53:07.661183
2025-08-04,37621,2025080404018771,SHPC,Cristal Kanchanjanga Securites Pvt. Ltd.,Imperial Securities Company Pvt. Ltd.,930,597.0,555210.0,2025-08-04 13:53:07.661699
2025-08-04,37615,2025080404018772,SHPC,Dakshinkali Investment & Securities Pvt. Ltd.,South Asian Bulls Pvt. Ltd.,280,595.1,166628.0,2025-08-04 13:53:10.840579
2025-08-04,37614,2025080404018773,SHPC,SHUBHAKAMANA SECURITIES PVT. LTD,South Asian Bulls Pvt. Ltd.,180,595.0,107100.0,2025-08-04 13:53:10.840960
2025-08-04,37385,2025080404018823,SHPC,Sanima Securities Limited,Malla & Malla Stock Broking Company Pvt. Limited,90,596.0,53640.0,2025-08-04 13:53:59.578589
2025-08-04,37381,2025080404018824,SHPC,Sanima Securities Limited,Premier Securities Company Ltd.,100,596.0,59600.0,2025-08-04 13:54:00.340303
2025-08-04,37213,2025080404018850,SHPC,Sanima Securities Limited,South Asian Bulls Pvt. Ltd.,561,596.0,334356.0,2025-08-04 13:54:42.519133
2025-08-04,37188,2025080404018865,SHPC,Sanima Securities Limited,Himalayan Securities Limited,49,596.0,29204.0,2025-08-04 13:54:45.831912
2025-08-04,37171,2025080404018866,SHPC,Secured Securities Ltd.,Himalayan Securities Limited,100,596.0,59600.0,2025-08-04 13:54:51.067939
