Date,S.N.,Contract ID,Symbol,Buyer Broker,Seller Broker,quantity,rate,amount,transaction_time
2025-07-20,178082,2025072004000020,API,Agrawal Securities (PVT) Ltd.,Trishakti Securities Public Limited,50,304.0,15200.0,2025-07-20T10:46:00.03899
2025-07-20,178081,2025072004000021,API,Malla & Malla Stock Broking Company Pvt. Limited,Trishakti Securities Public Limited,20,304.0,6080.0,2025-07-20T10:46:00.039017
2025-07-20,178080,2025072004000022,API,Vision Securities Pvt. Ltd,Trishakti Securities Public Limited,230,304.0,69920.0,2025-07-20T10:46:00.039035
2025-07-20,177769,2025072004000118,API,Opal Securities Investment (PVT) Ltd.,Online Securities Pvt. Ltd.,800,306.0,244800.0,2025-07-20T11:00:43.54639
2025-07-20,177676,2025072004000155,API,Vision Securities Pvt. Ltd,Vision Securities Pvt. Ltd,60,310.0,18600.0,2025-07-20T11:00:55.776822
2025-07-20,177331,2025072004000263,API,South Asian Bulls Pvt. Ltd.,Midas Stock Broking Company Private Limited,66,309.0,20394.0,2025-07-20T11:01:33.430437
2025-07-20,177183,2025072004000314,API,Dipshikha Dhitopatra Karobar Co. Pvt Ltd.,Online Securities Pvt. Ltd.,52,306.2,15922.4,2025-07-20T11:01:49.787733
2025-07-20,177102,2025072004000357,API,Naasa Securities Co. Ltd.,Midas Stock Broking Company Private Limited,100,308.8,30880.0,2025-07-20T11:01:55.355108
2025-07-20,177101,2025072004000358,API,Naasa Securities Co. Ltd.,Sweta Securities Private Limited,100,308.9,30890.0,2025-07-20T11:01:55.355171
2025-07-20,176821,2025072004000451,API,Nepal Stock House (PVT) Ltd.,Sweta Securities Private Limited,200,308.9,61780.0,2025-07-20T11:02:21.097284
2025-07-20,176641,2025072004000524,API,ABC Securities Private Limited,Midas Stock Broking Company Private Limited,150,309.0,46350.0,2025-07-20T11:02:35.793801
2025-07-20,176636,2025072004000528,API,Opal Securities Investment (PVT) Ltd.,Midas Stock Broking Company Private Limited,284,309.0,87756.0,2025-07-20T11:02:36.219686
2025-07-20,176635,2025072004000529,API,Opal Securities Investment (PVT) Ltd.,Sewa Securities Pvt. Ltd.,716,309.0,221244.0,2025-07-20T11:02:36.219854
2025-07-20,176544,2025072004000571,API,Nepal Stock House (PVT) Ltd.,Sweta Securities Private Limited,100,308.9,30890.0,2025-07-20T11:02:44.941901
2025-07-20,176543,2025072004000572,API,Naasa Securities Co. Ltd.,Sweta Securities Private Limited,200,308.9,61780.0,2025-07-20T11:02:44.941989
2025-07-20,176405,2025072004000614,API,Imperial Securities Company Pvt. Ltd.,Sewa Securities Pvt. Ltd.,100,309.0,30900.0,2025-07-20T11:02:55.930715
2025-07-20,176292,2025072004000655,API,Nepal Investment And Securities Trading Private Limited,Sewa Securities Pvt. Ltd.,10,309.0,3090.0,2025-07-20T11:03:05.162435
2025-07-20,176026,2025072004000797,API,Sani Securities Company Ltd.,Sewa Securities Pvt. Ltd.,50,309.0,15450.0,2025-07-20T11:03:23.820187
2025-07-20,176017,2025072004000802,API,Naasa Securities Co. Ltd.,Sewa Securities Pvt. Ltd.,100,309.0,30900.0,2025-07-20T11:03:24.595242
2025-07-20,175819,2025072004000868,API,Trishakti Securities Public Limited,Sewa Securities Pvt. Ltd.,24,309.0,7416.0,2025-07-20T11:03:41.898985
2025-07-20,175818,2025072004000869,API,Trishakti Securities Public Limited,Sweta Securities Private Limited,300,309.0,92700.0,2025-07-20T11:03:41.899093
2025-07-20,175782,2025072004000881,API,Trishakti Securities Public Limited,SUN SECURITIES PVT LTD,356,309.0,110004.0,2025-07-20T11:03:43.504138
2025-07-20,175781,2025072004000882,API,Neev Securities Pvt. Ltd.,SUN SECURITIES PVT LTD,200,308.0,61600.0,2025-07-20T11:03:43.504236
2025-07-20,175652,2025072004000941,API,Opal Securities Investment (PVT) Ltd.,SUN SECURITIES PVT LTD,131,308.0,40348.0,2025-07-20T11:03:56.736297
2025-07-20,175552,2025072004000982,API,Naasa Securities Co. Ltd.,SUN SECURITIES PVT LTD,100,308.0,30800.0,2025-07-20T11:04:03.990522
2025-07-20,175302,2025072004001065,API,Online Securities Pvt. Ltd.,SUN SECURITIES PVT LTD,200,308.0,61600.0,2025-07-20T11:04:19.770181
2025-07-20,175006,2025072004001157,API,Naasa Securities Co. Ltd.,SUN SECURITIES PVT LTD,10,308.0,3080.0,2025-07-20T11:04:43.285273
2025-07-20,174501,2025072004001330,API,Oxford Securities Pvt. Ltd.,Midas Stock Broking Company Private Limited,153,307.0,46971.0,2025-07-20T11:05:18.031764
2025-07-20,174105,2025072004001461,API,Nepal Stock House (PVT) Ltd.,Oxford Securities Pvt. Ltd.,50,309.0,15450.0,2025-07-20T11:05:46.070125
2025-07-20,174001,2025072004001493,API,Sagarmatha Securities Private Limited,Oxford Securities Pvt. Ltd.,10,309.0,3090.0,2025-07-20T11:05:54.368525
2025-07-20,174000,2025072004001494,API,Sagarmatha Securities Private Limited,Imperial Securities Company Pvt. Ltd.,40,309.0,12360.0,2025-07-20T11:05:54.368776
2025-07-20,173999,2025072004001495,API,Sagarmatha Securities Private Limited,Nepal Investment And Securities Trading Private Limited,105,309.0,32445.0,2025-07-20T11:05:54.36894
2025-07-20,173998,2025072004001496,API,Sagarmatha Securities Private Limited,Sagarmatha Securities Private Limited,100,309.0,30900.0,2025-07-20T11:05:54.369093
2025-07-20,173997,2025072004001497,API,Sagarmatha Securities Private Limited,Imperial Securities Company Pvt. Ltd.,245,309.0,75705.0,2025-07-20T11:05:54.369246
2025-07-20,173745,2025072004001587,API,Dakshinkali Investment & Securities Pvt. Ltd.,Imperial Securities Company Pvt. Ltd.,275,309.0,84975.0,2025-07-20T11:06:08.766967
2025-07-20,173690,2025072004001602,API,Dakshinkali Investment & Securities Pvt. Ltd.,Online Securities Pvt. Ltd.,100,309.0,30900.0,2025-07-20T11:06:11.445266
2025-07-20,173583,2025072004001642,API,Dakshinkali Investment & Securities Pvt. Ltd.,Vision Securities Pvt. Ltd,125,309.0,38625.0,2025-07-20T11:06:16.810988
2025-07-20,173582,2025072004001643,API,Naasa Securities Co. Ltd.,Vision Securities Pvt. Ltd,30,309.0,9270.0,2025-07-20T11:06:16.811125
2025-07-20,173581,2025072004001644,API,Naasa Securities Co. Ltd.,Vision Securities Pvt. Ltd,51,309.0,15759.0,2025-07-20T11:06:16.811172
2025-07-20,173332,2025072004001712,API,Kohinoor Investment & Securities Pvt. Ltd.,Vision Securities Pvt. Ltd,200,308.0,61600.0,2025-07-20T11:06:30.970355
2025-07-20,173303,2025072004001716,API,Vision Securities Pvt. Ltd,Sri Hari Securities Pvt. Ltd.,300,307.0,92100.0,2025-07-20T11:06:32.461663
2025-07-20,173297,2025072004001719,API,Vision Securities Pvt. Ltd,Vision Securities Pvt. Ltd,25,308.0,7700.0,2025-07-20T11:06:33.144962
2025-07-20,173076,2025072004001774,API,Vision Securities Pvt. Ltd,MILKY WAY SHARE BROKER COMPANY LTD ,200,307.0,61400.0,2025-07-20T11:06:50.102399
2025-07-20,173075,2025072004001775,API,Linch Stock Market Ltd.,MILKY WAY SHARE BROKER COMPANY LTD ,55,307.0,16885.0,2025-07-20T11:06:50.102537
2025-07-20,173074,2025072004001776,API,Dakshinkali Investment & Securities Pvt. Ltd.,MILKY WAY SHARE BROKER COMPANY LTD ,500,307.0,153500.0,2025-07-20T11:06:50.10259
2025-07-20,173073,2025072004001777,API,Naasa Securities Co. Ltd.,MILKY WAY SHARE BROKER COMPANY LTD ,245,307.0,75215.0,2025-07-20T11:06:50.10266
2025-07-20,173012,2025072004001801,API,Naasa Securities Co. Ltd.,Sani Securities Company Ltd.,55,307.0,16885.0,2025-07-20T11:06:54.069283
2025-07-20,172657,2025072004001924,API,NIMB Stock Markets Limited,Sani Securities Company Ltd.,100,306.5,30650.0,2025-07-20T11:07:16.61076
2025-07-20,172611,2025072004001935,API,Online Securities Pvt. Ltd.,Sani Securities Company Ltd.,70,306.5,21455.0,2025-07-20T11:07:18.950832
2025-07-20,172485,2025072004001965,API,Dakshinkali Investment & Securities Pvt. Ltd.,Sani Securities Company Ltd.,100,306.5,30650.0,2025-07-20T11:07:25.677451
2025-07-20,171862,2025072004002196,API,Dipshikha Dhitopatra Karobar Co. Pvt Ltd.,Dynamic Money Managers Securities Pvt. Ltd.,100,307.0,30700.0,2025-07-20T11:08:03.917695
2025-07-20,171861,2025072004002197,API,Kohinoor Investment & Securities Pvt. Ltd.,Dynamic Money Managers Securities Pvt. Ltd.,175,306.5,53637.5,2025-07-20T11:08:03.91794
2025-07-20,171860,2025072004002198,API,Thrive Brokerage House Pvt. Ltd,Dynamic Money Managers Securities Pvt. Ltd.,100,306.3,30630.0,2025-07-20T11:08:03.918127
2025-07-20,171859,2025072004002199,API,Aryatara Investment & Securities,Dynamic Money Managers Securities Pvt. Ltd.,120,306.3,36756.0,2025-07-20T11:08:03.918286
2025-07-20,171858,2025072004002200,API,Sundhara Securities Limited,Dynamic Money Managers Securities Pvt. Ltd.,350,306.0,107100.0,2025-07-20T11:08:03.918467
2025-07-20,171857,2025072004002201,API,Naasa Securities Co. Ltd.,Dynamic Money Managers Securities Pvt. Ltd.,105,306.0,32130.0,2025-07-20T11:08:03.918623
2025-07-20,171856,2025072004002202,API,Dipshikha Dhitopatra Karobar Co. Pvt Ltd.,Dynamic Money Managers Securities Pvt. Ltd.,50,306.0,15300.0,2025-07-20T11:08:03.918778
2025-07-20,171634,2025072004002269,API,Dipshikha Dhitopatra Karobar Co. Pvt Ltd.,Sumeru Securities Pvt. Ltd.,103,306.0,31518.0,2025-07-20T11:08:20.439536
2025-07-20,171492,2025072004002319,API,Capital Max Securities Ltd,Shree Krishna Securities Ltd.,86,307.8,26470.8,2025-07-20T11:08:28.780924
2025-07-20,171240,2025072004002369,API,Ashutosh Brokerage & Securities (PVT) Ltd.,Investment Management Nepal Pvt. Ltd.,380,307.1,116698.0,2025-07-20T11:08:39.738542
2025-07-20,171194,2025072004002394,API,Ashutosh Brokerage & Securities (PVT) Ltd.,SUN SECURITIES PVT LTD,20,307.1,6142.0,2025-07-20T11:08:42.458357
2025-07-20,170929,2025072004002465,API,Aryatara Investment & Securities,SUN SECURITIES PVT LTD,39,306.6,11957.4,2025-07-20T11:08:56.494126
2025-07-20,170928,2025072004002466,API,Dipshikha Dhitopatra Karobar Co. Pvt Ltd.,SUN SECURITIES PVT LTD,497,306.0,152082.0,2025-07-20T11:08:56.494271
2025-07-20,170927,2025072004002467,API,Siprabi Securities Pvt. Ltd.,SUN SECURITIES PVT LTD,500,306.0,153000.0,2025-07-20T11:08:56.494346
2025-07-20,170926,2025072004002468,API,Ashutosh Brokerage & Securities (PVT) Ltd.,SUN SECURITIES PVT LTD,200,306.0,61200.0,2025-07-20T11:08:56.4944
2025-07-20,170925,2025072004002469,API,Kohinoor Investment & Securities Pvt. Ltd.,SUN SECURITIES PVT LTD,35,306.0,10710.0,2025-07-20T11:08:56.494455
2025-07-20,170924,2025072004002470,API,Neev Securities Pvt. Ltd.,SUN SECURITIES PVT LTD,100,305.2,30520.0,2025-07-20T11:08:56.494511
2025-07-20,170923,2025072004002471,API,Premier Securities Company Ltd.,SUN SECURITIES PVT LTD,629,305.1,191907.9,2025-07-20T11:08:56.494572
2025-07-20,170805,2025072004002509,API,Opal Securities Investment (PVT) Ltd.,SUN SECURITIES PVT LTD,98,307.0,30086.0,2025-07-20T11:09:02.924352
2025-07-20,170539,2025072004002572,API,Premier Securities Company Ltd.,Shree Krishna Securities Ltd.,371,305.1,113192.1,2025-07-20T11:09:22.165174
2025-07-20,170538,2025072004002573,API,Vision Securities Pvt. Ltd,Shree Krishna Securities Ltd.,270,305.0,82350.0,2025-07-20T11:09:22.165301
2025-07-20,170537,2025072004002574,API,Oxford Securities Pvt. Ltd.,Shree Krishna Securities Ltd.,10,305.0,3050.0,2025-07-20T11:09:22.165401
2025-07-20,170536,2025072004002575,API,Trishakti Securities Public Limited,Shree Krishna Securities Ltd.,29,305.0,8845.0,2025-07-20T11:09:22.165455
2025-07-20,170535,2025072004002576,API,Naasa Securities Co. Ltd.,Shree Krishna Securities Ltd.,500,305.0,152500.0,2025-07-20T11:09:22.165505
2025-07-20,170534,2025072004002577,API,Sumeru Securities Pvt. Ltd.,Shree Krishna Securities Ltd.,50,305.0,15250.0,2025-07-20T11:09:22.165555
2025-07-20,170533,2025072004002578,API,Nepal Stock House (PVT) Ltd.,Shree Krishna Securities Ltd.,113,305.0,34465.0,2025-07-20T11:09:22.165606
2025-07-20,170434,2025072004002614,API,Imperial Securities Company Pvt. Ltd.,Creative Securities Pvt Ltd,31,306.0,9486.0,2025-07-20T11:09:28.496592
2025-07-20,170272,2025072004002670,API,Aryatara Investment & Securities,Imperial Securities Company Pvt. Ltd.,48,305.5,14664.0,2025-07-20T11:09:38.861854
2025-07-20,170271,2025072004002671,API,Nepal Stock House (PVT) Ltd.,Imperial Securities Company Pvt. Ltd.,387,305.0,118035.0,2025-07-20T11:09:38.862076
2025-07-20,170270,2025072004002672,API,Trishakti Securities Public Limited,Imperial Securities Company Pvt. Ltd.,2565,305.0,782325.0,2025-07-20T11:09:38.862288
2025-07-20,170127,2025072004002718,API,Naasa Securities Co. Ltd.,Malla & Malla Stock Broking Company Pvt. Limited,48,305.5,14664.0,2025-07-20T11:09:46.435326
2025-07-20,169831,2025072004002800,API,Naasa Securities Co. Ltd.,Kohinoor Investment & Securities Pvt. Ltd.,77,305.5,23523.5,2025-07-20T11:10:05.904708
2025-07-20,169830,2025072004002801,API,Naasa Securities Co. Ltd.,Kohinoor Investment & Securities Pvt. Ltd.,23,305.5,7026.5,2025-07-20T11:10:05.904824
2025-07-20,169828,2025072004002802,API,Naasa Securities Co. Ltd.,Malla & Malla Stock Broking Company Pvt. Limited,142,305.5,43381.0,2025-07-20T11:10:06.2075
2025-07-20,169637,2025072004002864,API,Trishakti Securities Public Limited,Dynamic Money Managers Securities Pvt. Ltd.,435,305.0,132675.0,2025-07-20T11:10:17.689838
2025-07-20,169636,2025072004002865,API,J.F. Securites (PVT) Ltd.,Dynamic Money Managers Securities Pvt. Ltd.,500,305.0,152500.0,2025-07-20T11:10:17.689969
2025-07-20,169635,2025072004002866,API,Naasa Securities Co. Ltd.,Dynamic Money Managers Securities Pvt. Ltd.,65,305.0,19825.0,2025-07-20T11:10:17.690027
2025-07-20,169555,2025072004002884,API,Naasa Securities Co. Ltd.,Imperial Securities Company Pvt. Ltd.,385,305.0,117425.0,2025-07-20T11:10:24.504265
2025-07-20,169554,2025072004002885,API,Vision Securities Pvt. Ltd,Imperial Securities Company Pvt. Ltd.,15,305.0,4575.0,2025-07-20T11:10:24.504384
2025-07-20,169264,2025072004002970,API,Oxford Securities Pvt. Ltd.,Malla & Malla Stock Broking Company Pvt. Limited,10,305.5,3055.0,2025-07-20T11:10:47.968541
2025-07-20,169262,2025072004002971,API,Vision Securities Pvt. Ltd,Siprabi Securities Pvt. Ltd.,485,305.0,147925.0,2025-07-20T11:10:48.021022
2025-07-20,169261,2025072004002972,API,Siprabi Securities Pvt. Ltd.,Siprabi Securities Pvt. Ltd.,15,305.0,4575.0,2025-07-20T11:10:48.021124
2025-07-20,169193,2025072004002990,API,Siprabi Securities Pvt. Ltd.,Kumari Securities Private Limited,485,305.0,147925.0,2025-07-20T11:10:53.175483
2025-07-20,169173,2025072004003001,API,Citizens Share Broker Limited,KALASH STOCK MARKET PVT. LTD.,13,304.5,3958.5,2025-07-20T11:10:55.394545
2025-07-20,168856,2025072004003126,API,Citizens Share Broker Limited,Sewa Securities Pvt. Ltd.,200,304.5,60900.0,2025-07-20T11:11:17.187435
2025-07-20,168634,2025072004003211,API,Citizens Share Broker Limited,Kumari Securities Private Limited,15,305.0,4575.0,2025-07-20T11:11:31.105321
2025-07-20,168633,2025072004003212,API,Citizens Share Broker Limited,Kumari Securities Private Limited,50,305.0,15250.0,2025-07-20T11:11:31.105435
2025-07-20,168632,2025072004003213,API,Citizens Share Broker Limited,Premier Securities Company Ltd.,42,305.0,12810.0,2025-07-20T11:11:31.105506
2025-07-20,168526,2025072004003244,API,Aryatara Investment & Securities,Linch Stock Market Ltd.,22,304.5,6699.0,2025-07-20T11:11:38.185927
2025-07-20,168375,2025072004003289,API,Oxford Securities Pvt. Ltd.,Linch Stock Market Ltd.,10,305.0,3050.0,2025-07-20T11:11:48.503747
2025-07-20,168336,2025072004003294,API,Aryatara Investment & Securities,Sweta Securities Private Limited,78,304.5,23751.0,2025-07-20T11:11:50.928379
2025-07-20,168335,2025072004003295,API,Imperial Securities Company Pvt. Ltd.,Sweta Securities Private Limited,15,304.0,4560.0,2025-07-20T11:11:50.928515
2025-07-20,168334,2025072004003296,API,Online Securities Pvt. Ltd.,Sweta Securities Private Limited,1500,304.0,456000.0,2025-07-20T11:11:50.928674
2025-07-20,168333,2025072004003297,API,Online Securities Pvt. Ltd.,Sweta Securities Private Limited,329,304.0,100016.0,2025-07-20T11:11:50.928899
2025-07-20,168332,2025072004003298,API,Nabil Stock Dealer Ltd.,Sweta Securities Private Limited,78,304.0,23712.0,2025-07-20T11:11:50.929105
2025-07-20,168089,2025072004003363,API,Dakshinkali Investment & Securities Pvt. Ltd.,Imperial Securities Company Pvt. Ltd.,100,304.0,30400.0,2025-07-20T11:12:08.205868
2025-07-20,167937,2025072004003408,API,Nepal Investment And Securities Trading Private Limited,Aakashbhairab Securities Ltd.,100,304.0,30400.0,2025-07-20T11:12:20.615221
2025-07-20,167510,2025072004003516,API,Imperial Securities Company Pvt. Ltd.,Aakashbhairab Securities Ltd.,1300,304.0,395200.0,2025-07-20T11:12:49.12642
2025-07-20,167407,2025072004003546,API,Nabil Stock Dealer Ltd.,Sweta Securities Private Limited,10,303.1,3031.0,2025-07-20T11:12:55.310958
2025-07-20,167406,2025072004003547,API,Oxford Securities Pvt. Ltd.,Sweta Securities Private Limited,100,303.1,30310.0,2025-07-20T11:12:55.311224
2025-07-20,167405,2025072004003548,API,Shree Krishna Securities Ltd.,Sweta Securities Private Limited,10,303.0,3030.0,2025-07-20T11:12:55.311512
2025-07-20,167404,2025072004003549,API,Dakshinkali Investment & Securities Pvt. Ltd.,Sweta Securities Private Limited,200,303.0,60600.0,2025-07-20T11:12:55.311806
2025-07-20,167403,2025072004003550,API,Sharepro Securities Private Limited,Sweta Securities Private Limited,100,303.0,30300.0,2025-07-20T11:12:55.312054
2025-07-20,167402,2025072004003551,API,ABC Securities Private Limited,Sweta Securities Private Limited,15,303.0,4545.0,2025-07-20T11:12:55.312298
2025-07-20,167401,2025072004003552,API,Dakshinkali Investment & Securities Pvt. Ltd.,Sweta Securities Private Limited,265,303.0,80295.0,2025-07-20T11:12:55.312539
2025-07-20,167336,2025072004003581,API,Dakshinkali Investment & Securities Pvt. Ltd.,Aakashbhairab Securities Ltd.,135,303.0,40905.0,2025-07-20T11:13:00.712812
2025-07-20,166700,2025072004003738,API,Cristal Kanchanjanga Securites Pvt. Ltd.,Aakashbhairab Securities Ltd.,37,302.8,11203.6,2025-07-20T11:13:47.180498
2025-07-20,166513,2025072004003807,API,Cristal Kanchanjanga Securites Pvt. Ltd.,Secured Securities Ltd.,250,302.8,75700.0,2025-07-20T11:14:02.653555
2025-07-20,166164,2025072004003921,API,Online Securities Pvt. Ltd.,Sani Securities Company Ltd.,25,303.0,7575.0,2025-07-20T11:14:30.754773
2025-07-20,165268,2025072004004159,API,Sumeru Securities Pvt. Ltd.,Vision Securities Pvt. Ltd,280,305.0,85400.0,2025-07-20T11:15:35.018469
2025-07-20,164977,2025072004004247,API,Linch Stock Market Ltd.,Opal Securities Investment (PVT) Ltd.,100,305.0,30500.0,2025-07-20T11:15:53.659038
2025-07-20,164976,2025072004004248,API,Linch Stock Market Ltd.,Premier Securities Company Ltd.,400,305.0,122000.0,2025-07-20T11:15:53.659348
2025-07-20,164491,2025072004004391,API,Linch Stock Market Ltd.,Trishakti Securities Public Limited,20,305.0,6100.0,2025-07-20T11:16:21.078533
2025-07-20,163950,2025072004004543,API,Kumari Securities Private Limited,Malla & Malla Stock Broking Company Pvt. Limited,90,305.5,27495.0,2025-07-20T11:16:52.093805
2025-07-20,163769,2025072004004591,API,Kumari Securities Private Limited,Agrawal Securities (PVT) Ltd.,100,305.5,30550.0,2025-07-20T11:17:02.985527
2025-07-20,163690,2025072004004616,API,Naasa Securities Co. Ltd.,Naasa Securities Co. Ltd.,35,306.0,10710.0,2025-07-20T11:17:07.774419
2025-07-20,163669,2025072004004629,API,Kumari Securities Private Limited,Dynamic Money Managers Securities Pvt. Ltd.,310,305.5,94705.0,2025-07-20T11:17:10.875051
2025-07-20,163348,2025072004004753,API,Malla & Malla Stock Broking Company Pvt. Limited,Dynamic Money Managers Securities Pvt. Ltd.,90,305.5,27495.0,2025-07-20T11:17:30.333394
2025-07-20,163033,2025072004004851,API,Malla & Malla Stock Broking Company Pvt. Limited,Naasa Securities Co. Ltd.,10,305.5,3055.0,2025-07-20T11:17:47.45231
2025-07-20,163007,2025072004004854,API,Naasa Securities Co. Ltd.,Naasa Securities Co. Ltd.,15,306.0,4590.0,2025-07-20T11:17:49.230214
2025-07-20,163006,2025072004004855,API,Naasa Securities Co. Ltd.,Primo Securities (PVT) Ltd.,55,306.0,16830.0,2025-07-20T11:17:49.230539
2025-07-20,163005,2025072004004856,API,Naasa Securities Co. Ltd.,Arun Securities (PVT) Ltd.,30,306.0,9180.0,2025-07-20T11:17:49.230748
2025-07-20,162889,2025072004004884,API,Online Securities Pvt. Ltd.,Arun Securities (PVT) Ltd.,392,306.0,119952.0,2025-07-20T11:17:57.67822
2025-07-20,162540,2025072004004966,API,Midas Stock Broking Company Private Limited,Kohinoor Investment & Securities Pvt. Ltd.,50,306.9,15345.0,2025-07-20T11:18:17.236463
2025-07-20,162539,2025072004004967,API,Midas Stock Broking Company Private Limited,SUN SECURITIES PVT LTD,885,307.0,271695.0,2025-07-20T11:18:17.236784
2025-07-20,162538,2025072004004968,API,Midas Stock Broking Company Private Limited,Naasa Securities Co. Ltd.,65,307.0,19955.0,2025-07-20T11:18:17.236997
2025-07-20,162491,2025072004004975,API,Kumari Securities Private Limited,Naasa Securities Co. Ltd.,35,307.0,10745.0,2025-07-20T11:18:21.024262
2025-07-20,162490,2025072004004976,API,Kumari Securities Private Limited,Aryatara Investment & Securities,40,307.0,12280.0,2025-07-20T11:18:21.024418
2025-07-20,162324,2025072004005028,API,Online Securities Pvt. Ltd.,Vision Securities Pvt. Ltd,30,308.0,9240.0,2025-07-20T11:18:29.246715
2025-07-20,162302,2025072004005029,API,Midas Stock Broking Company Private Limited,Vision Securities Pvt. Ltd,745,308.0,229460.0,2025-07-20T11:18:31.535727
2025-07-20,162301,2025072004005030,API,Midas Stock Broking Company Private Limited,Premier Securities Company Ltd.,255,308.0,78540.0,2025-07-20T11:18:31.535877
2025-07-20,162178,2025072004005073,API,Kumari Securities Private Limited,Sani Securities Company Ltd.,425,307.0,130475.0,2025-07-20T11:18:40.810048
2025-07-20,161878,2025072004005167,API,Sani Securities Company Ltd.,Premier Securities Company Ltd.,340,308.0,104720.0,2025-07-20T11:19:04.622244
2025-07-20,161877,2025072004005168,API,Sani Securities Company Ltd.,Sani Securities Company Ltd.,1000,308.0,308000.0,2025-07-20T11:19:04.622584
2025-07-20,161876,2025072004005169,API,Sani Securities Company Ltd.,Online Securities Pvt. Ltd.,260,308.0,80080.0,2025-07-20T11:19:04.622868
2025-07-20,161829,2025072004005180,API,Miyo Securities Pvt Ltd,Online Securities Pvt. Ltd.,740,308.0,227920.0,2025-07-20T11:19:07.934365
2025-07-20,161456,2025072004005262,API,Kumari Securities Private Limited,Sani Securities Company Ltd.,317,308.8,97889.6,2025-07-20T11:19:29.207608
2025-07-20,161286,2025072004005296,API,Kumari Securities Private Limited,Dipshikha Dhitopatra Karobar Co. Pvt Ltd.,83,308.8,25630.4,2025-07-20T11:19:41.238172
2025-07-20,161285,2025072004005297,API,Miyo Securities Pvt Ltd,Dipshikha Dhitopatra Karobar Co. Pvt Ltd.,417,308.0,128436.0,2025-07-20T11:19:41.238354
2025-07-20,160816,2025072004005419,API,Secured Securities Ltd.,Neev Securities Pvt. Ltd.,100,308.8,30880.0,2025-07-20T11:20:19.064599
2025-07-20,160815,2025072004005420,API,Secured Securities Ltd.,Sweta Securities Private Limited,300,308.9,92670.0,2025-07-20T11:20:19.064765
2025-07-20,160814,2025072004005421,API,Secured Securities Ltd.,Imperial Securities Company Pvt. Ltd.,100,308.9,30890.0,2025-07-20T11:20:19.06484
2025-07-20,160812,2025072004005423,API,Linch Stock Market Ltd.,Naasa Securities Co. Ltd.,50,308.9,15445.0,2025-07-20T11:20:19.666829
2025-07-20,160793,2025072004005431,API,Linch Stock Market Ltd.,K.B.L. Securities Limited ,50,308.9,15445.0,2025-07-20T11:20:20.863159
2025-07-20,160792,2025072004005432,API,Miyo Securities Pvt Ltd,K.B.L. Securities Limited ,2843,308.0,875644.0,2025-07-20T11:20:20.863367
2025-07-20,160791,2025072004005433,API,Secured Securities Ltd.,K.B.L. Securities Limited ,107,308.0,32956.0,2025-07-20T11:20:20.863442
2025-07-20,160380,2025072004005545,API,Secured Securities Ltd.,Oxford Securities Pvt. Ltd.,75,308.0,23100.0,2025-07-20T11:20:47.313984
2025-07-20,160294,2025072004005570,API,Siprabi Securities Pvt. Ltd.,Kumari Securities Private Limited,29,308.5,8946.5,2025-07-20T11:20:52.217859
2025-07-20,160216,2025072004005596,API,Naasa Securities Co. Ltd.,Vision Securities Pvt. Ltd,160,309.0,49440.0,2025-07-20T11:20:58.246254
2025-07-20,159833,2025072004005670,API,Siprabi Securities Pvt. Ltd.,Imperial Securities Company Pvt. Ltd.,71,308.5,21903.5,2025-07-20T11:21:21.173989
2025-07-20,159832,2025072004005671,API,Secured Securities Ltd.,Imperial Securities Company Pvt. Ltd.,100,308.5,30850.0,2025-07-20T11:21:21.174361
2025-07-20,159350,2025072004005793,API,Imperial Securities Company Pvt. Ltd.,Imperial Securities Company Pvt. Ltd.,25,308.2,7705.0,2025-07-20T11:21:50.798576
2025-07-20,159294,2025072004005810,API,Nepal Stock House (PVT) Ltd.,Imperial Securities Company Pvt. Ltd.,804,308.2,247792.8,2025-07-20T11:21:56.346764
2025-07-20,158869,2025072004005926,API,Secured Securities Ltd.,Imperial Securities Company Pvt. Ltd.,100,308.8,30880.0,2025-07-20T11:22:25.907511
2025-07-20,158832,2025072004005943,API,Imperial Securities Company Pvt. Ltd.,Imperial Securities Company Pvt. Ltd.,50,308.8,15440.0,2025-07-20T11:22:27.500384
2025-07-20,158730,2025072004005972,API,Secured Securities Ltd.,Imperial Securities Company Pvt. Ltd.,120,308.8,37056.0,2025-07-20T11:22:33.80779
2025-07-20,158636,2025072004005998,API,Nepal Stock House (PVT) Ltd.,Sweta Securities Private Limited,196,308.2,60407.2,2025-07-20T11:22:38.875139
2025-07-20,158635,2025072004005999,API,Linch Stock Market Ltd.,Sweta Securities Private Limited,100,308.2,30820.0,2025-07-20T11:22:38.875543
2025-07-20,158437,2025072004006054,API,Nagarik Stock Dealer ,Imperial Securities Company Pvt. Ltd.,95,308.8,29336.0,2025-07-20T11:22:53.803593
2025-07-20,158178,2025072004006113,API,Nepal Stock House (PVT) Ltd.,Kohinoor Investment & Securities Pvt. Ltd.,65,308.3,20039.5,2025-07-20T11:23:11.797578
2025-07-20,158011,2025072004006172,API,Nepal Stock House (PVT) Ltd.,Kalika Securities Pvt. Ltd.,34,308.3,10482.2,2025-07-20T11:23:22.778768
2025-07-20,157721,2025072004006241,API,Nepal Stock House (PVT) Ltd.,SUN SECURITIES PVT LTD,901,308.3,277778.3,2025-07-20T11:23:41.103716
2025-07-20,157720,2025072004006242,API,Siprabi Securities Pvt. Ltd.,SUN SECURITIES PVT LTD,100,308.3,30830.0,2025-07-20T11:23:41.103904
2025-07-20,157719,2025072004006243,API,Secured Securities Ltd.,SUN SECURITIES PVT LTD,200,308.3,61660.0,2025-07-20T11:23:41.103989
2025-07-20,157718,2025072004006244,API,Secured Securities Ltd.,SUN SECURITIES PVT LTD,799,308.0,246092.0,2025-07-20T11:23:41.104071
2025-07-20,157263,2025072004006344,API,Linch Stock Market Ltd.,SUN SECURITIES PVT LTD,100,308.5,30850.0,2025-07-20T11:24:12.221114
2025-07-20,157262,2025072004006345,API,Creative Securities Pvt Ltd,SUN SECURITIES PVT LTD,100,308.1,30810.0,2025-07-20T11:24:12.2213
2025-07-20,157261,2025072004006346,API,Secured Securities Ltd.,SUN SECURITIES PVT LTD,19,308.0,5852.0,2025-07-20T11:24:12.221388
2025-07-20,157260,2025072004006347,API,Premier Securities Company Ltd.,SUN SECURITIES PVT LTD,420,308.0,129360.0,2025-07-20T11:24:12.221471
2025-07-20,157259,2025072004006348,API,SUN SECURITIES PVT LTD,SUN SECURITIES PVT LTD,100,308.0,30800.0,2025-07-20T11:24:12.221551
2025-07-20,157258,2025072004006349,API,Miyo Securities Pvt Ltd,SUN SECURITIES PVT LTD,905,308.0,278740.0,2025-07-20T11:24:12.221632
2025-07-20,157095,2025072004006387,API,Blue Chip Securities Ltd,Sweta Securities Private Limited,100,308.5,30850.0,2025-07-20T11:24:21.157822
2025-07-20,157094,2025072004006388,API,Blue Chip Securities Ltd,Imperial Securities Company Pvt. Ltd.,100,308.8,30880.0,2025-07-20T11:24:21.158002
2025-07-20,156648,2025072004006497,API,Malla & Malla Stock Broking Company Pvt. Limited,Imperial Securities Company Pvt. Ltd.,400,308.8,123520.0,2025-07-20T11:24:53.568264
2025-07-20,156548,2025072004006522,API,Miyo Securities Pvt Ltd,Kohinoor Investment & Securities Pvt. Ltd.,400,308.0,123200.0,2025-07-20T11:25:03.343674
2025-07-20,155953,2025072004006705,API,Miyo Securities Pvt Ltd,Trisul Securities & Invt. Ltd.,1000,308.0,308000.0,2025-07-20T11:25:40.235385
2025-07-20,155833,2025072004006735,API,Aryatara Investment & Securities,Imperial Securities Company Pvt. Ltd.,30,308.8,9264.0,2025-07-20T11:25:48.819664
2025-07-20,155203,2025072004006905,API,APPLE SECURITIES PRIVATE LIMITED,Primo Securities (PVT) Ltd.,59,308.7,18213.3,2025-07-20T11:26:38.972462
2025-07-20,155202,2025072004006906,API,APPLE SECURITIES PRIVATE LIMITED,Imperial Securities Company Pvt. Ltd.,105,308.8,32424.0,2025-07-20T11:26:38.972673
2025-07-20,155201,2025072004006907,API,APPLE SECURITIES PRIVATE LIMITED,Sweta Securities Private Limited,300,308.9,92670.0,2025-07-20T11:26:38.972772
2025-07-20,155200,2025072004006908,API,APPLE SECURITIES PRIVATE LIMITED,Vision Securities Pvt. Ltd,634,309.0,195906.0,2025-07-20T11:26:38.972867
2025-07-20,155199,2025072004006909,API,APPLE SECURITIES PRIVATE LIMITED,Dipshikha Dhitopatra Karobar Co. Pvt Ltd.,500,309.0,154500.0,2025-07-20T11:26:38.972957
2025-07-20,155198,2025072004006910,API,APPLE SECURITIES PRIVATE LIMITED,Imperial Securities Company Pvt. Ltd.,300,309.0,92700.0,2025-07-20T11:26:38.973045
2025-07-20,155197,2025072004006911,API,APPLE SECURITIES PRIVATE LIMITED,Opal Securities Investment (PVT) Ltd.,2000,309.0,618000.0,2025-07-20T11:26:38.973134
2025-07-20,155196,2025072004006912,API,APPLE SECURITIES PRIVATE LIMITED,Malla & Malla Stock Broking Company Pvt. Limited,200,309.0,61800.0,2025-07-20T11:26:38.973225
2025-07-20,155195,2025072004006913,API,APPLE SECURITIES PRIVATE LIMITED,Cristal Kanchanjanga Securites Pvt. Ltd.,10,309.0,3090.0,2025-07-20T11:26:38.973322
2025-07-20,155194,2025072004006914,API,APPLE SECURITIES PRIVATE LIMITED,Naasa Securities Co. Ltd.,73,309.0,22557.0,2025-07-20T11:26:38.973445
2025-07-20,155193,2025072004006915,API,APPLE SECURITIES PRIVATE LIMITED,Sani Securities Company Ltd.,10,309.0,3090.0,2025-07-20T11:26:38.973535
2025-07-20,155192,2025072004006916,API,APPLE SECURITIES PRIVATE LIMITED,Siprabi Securities Pvt. Ltd.,515,309.0,159135.0,2025-07-20T11:26:38.973622
2025-07-20,155191,2025072004006917,API,APPLE SECURITIES PRIVATE LIMITED,Linch Stock Market Ltd.,20,309.0,6180.0,2025-07-20T11:26:38.973709
2025-07-20,155190,2025072004006918,API,APPLE SECURITIES PRIVATE LIMITED,Deevyaa Securities & Stock House Pvt. Ltd,450,309.9,139455.0,2025-07-20T11:26:38.973798
2025-07-20,155189,2025072004006919,API,APPLE SECURITIES PRIVATE LIMITED,Kohinoor Investment & Securities Pvt. Ltd.,50,309.9,15495.0,2025-07-20T11:26:38.973892
2025-07-20,155188,2025072004006920,API,APPLE SECURITIES PRIVATE LIMITED,Vision Securities Pvt. Ltd,940,310.0,291400.0,2025-07-20T11:26:38.973983
2025-07-20,155187,2025072004006921,API,APPLE SECURITIES PRIVATE LIMITED,Nepal Stock House (PVT) Ltd.,300,310.0,93000.0,2025-07-20T11:26:38.974093
2025-07-20,155186,2025072004006922,API,APPLE SECURITIES PRIVATE LIMITED,Trishakti Securities Public Limited,700,310.0,217000.0,2025-07-20T11:26:38.97418
2025-07-20,155185,2025072004006923,API,APPLE SECURITIES PRIVATE LIMITED,Sundhara Securities Limited,50,310.0,15500.0,2025-07-20T11:26:38.974267
2025-07-20,155184,2025072004006924,API,APPLE SECURITIES PRIVATE LIMITED,Thrive Brokerage House Pvt. Ltd,1000,310.0,310000.0,2025-07-20T11:26:38.974356
2025-07-20,155183,2025072004006925,API,APPLE SECURITIES PRIVATE LIMITED,Online Securities Pvt. Ltd.,500,310.0,155000.0,2025-07-20T11:26:38.974449
2025-07-20,155182,2025072004006926,API,APPLE SECURITIES PRIVATE LIMITED,Sani Securities Company Ltd.,675,310.0,209250.0,2025-07-20T11:26:38.974538
2025-07-20,155181,2025072004006927,API,APPLE SECURITIES PRIVATE LIMITED,Kohinoor Investment & Securities Pvt. Ltd.,50,310.0,15500.0,2025-07-20T11:26:38.974632
2025-07-20,155180,2025072004006928,API,APPLE SECURITIES PRIVATE LIMITED,Siprabi Securities Pvt. Ltd.,410,310.0,127100.0,2025-07-20T11:26:38.974717
2025-07-20,155179,2025072004006929,API,APPLE SECURITIES PRIVATE LIMITED,Shree Krishna Securities Ltd.,149,310.0,46190.0,2025-07-20T11:26:38.9748
2025-07-20,154935,2025072004007007,API,Secured Securities Ltd.,Sumeru Securities Pvt. Ltd.,100,308.1,30810.0,2025-07-20T11:27:00.234811
2025-07-20,154934,2025072004007008,API,Thrive Brokerage House Pvt. Ltd,Sumeru Securities Pvt. Ltd.,200,308.1,61620.0,2025-07-20T11:27:00.234984
2025-07-20,154221,2025072004007218,API,Deevyaa Securities & Stock House Pvt. Ltd,Premier Securities Company Ltd.,8,305.0,2440.0,2025-07-20T11:27:50.10199
2025-07-20,153952,2025072004007273,API,Naasa Securities Co. Ltd.,Imperial Securities Company Pvt. Ltd.,100,309.8,30980.0,2025-07-20T11:28:09.611475
2025-07-20,153602,2025072004007359,API,Secured Securities Ltd.,Imperial Securities Company Pvt. Ltd.,100,309.8,30980.0,2025-07-20T11:28:34.141251
2025-07-20,153463,2025072004007420,API,Miyo Securities Pvt Ltd,Imperial Securities Company Pvt. Ltd.,95,309.8,29431.0,2025-07-20T11:28:41.806164
2025-07-20,153411,2025072004007446,API,Aryatara Investment & Securities,Imperial Securities Company Pvt. Ltd.,243,309.8,75281.4,2025-07-20T11:28:45.714852
2025-07-20,153344,2025072004007468,API,Secured Securities Ltd.,Imperial Securities Company Pvt. Ltd.,10,309.8,3098.0,2025-07-20T11:28:50.543754
2025-07-20,153304,2025072004007476,API,J.F. Securites (PVT) Ltd.,Imperial Securities Company Pvt. Ltd.,452,309.8,140029.6,2025-07-20T11:28:52.980697
2025-07-20,153303,2025072004007477,API,J.F. Securites (PVT) Ltd.,Trishakti Securities Public Limited,200,309.8,61960.0,2025-07-20T11:28:52.980948
2025-07-20,153220,2025072004007509,API,Naasa Securities Co. Ltd.,Sweta Securities Private Limited,300,309.9,92970.0,2025-07-20T11:29:00.807837
2025-07-20,152969,2025072004007582,API,Bhrikuti Stock Broking Co. Pvt. Ltd.,Shree Krishna Securities Ltd.,351,310.0,108810.0,2025-07-20T11:29:18.313185
2025-07-20,152968,2025072004007583,API,Bhrikuti Stock Broking Co. Pvt. Ltd.,Opal Securities Investment (PVT) Ltd.,149,310.0,46190.0,2025-07-20T11:29:18.313374
2025-07-20,152885,2025072004007596,API,Naasa Securities Co. Ltd.,Dipshikha Dhitopatra Karobar Co. Pvt Ltd.,427,309.9,132327.3,2025-07-20T11:29:22.669979
2025-07-20,152822,2025072004007606,API,KALASH STOCK MARKET PVT. LTD.,Opal Securities Investment (PVT) Ltd.,24,310.0,7440.0,2025-07-20T11:29:26.807389
2025-07-20,152724,2025072004007637,API,Bhrikuti Stock Broking Co. Pvt. Ltd.,Opal Securities Investment (PVT) Ltd.,500,310.0,155000.0,2025-07-20T11:29:32.655304
2025-07-20,152614,2025072004007666,API,Naasa Securities Co. Ltd.,Vision Securities Pvt. Ltd,100,309.9,30990.0,2025-07-20T11:29:40.234537
2025-07-20,152506,2025072004007698,API,Naasa Securities Co. Ltd.,Opal Securities Investment (PVT) Ltd.,1000,310.0,310000.0,2025-07-20T11:29:49.556944
2025-07-20,152343,2025072004007748,API,Sani Securities Company Ltd.,Opal Securities Investment (PVT) Ltd.,300,310.0,93000.0,2025-07-20T11:30:00.506784
2025-07-20,152286,2025072004007764,API,Oxford Securities Pvt. Ltd.,Opal Securities Investment (PVT) Ltd.,280,310.0,86800.0,2025-07-20T11:30:05.192452
2025-07-20,152167,2025072004007787,API,Kohinoor Investment & Securities Pvt. Ltd.,Opal Securities Investment (PVT) Ltd.,480,310.0,148800.0,2025-07-20T11:30:16.22127
2025-07-20,152144,2025072004007798,API,Naasa Securities Co. Ltd.,Sweta Securities Private Limited,500,309.9,154950.0,2025-07-20T11:30:18.413523
2025-07-20,152084,2025072004007831,API,Naasa Securities Co. Ltd.,Opal Securities Investment (PVT) Ltd.,100,310.0,31000.0,2025-07-20T11:30:22.770707
2025-07-20,152053,2025072004007850,API,Naasa Securities Co. Ltd.,Opal Securities Investment (PVT) Ltd.,1000,310.0,310000.0,2025-07-20T11:30:24.898209
2025-07-20,151954,2025072004007872,API,Malla & Malla Stock Broking Company Pvt. Limited,Opal Securities Investment (PVT) Ltd.,100,310.0,31000.0,2025-07-20T11:30:33.781852
2025-07-20,151923,2025072004007880,API,Naasa Securities Co. Ltd.,Sani Securities Company Ltd.,56,309.9,17354.4,2025-07-20T11:30:36.428267
2025-07-20,151534,2025072004007969,API,Naasa Securities Co. Ltd.,Vision Securities Pvt. Ltd,100,309.9,30990.0,2025-07-20T11:31:10.798512
2025-07-20,151507,2025072004007973,API,J.F. Securites (PVT) Ltd.,Opal Securities Investment (PVT) Ltd.,1247,310.0,386570.0,2025-07-20T11:31:12.835184
2025-07-20,151506,2025072004007974,API,J.F. Securites (PVT) Ltd.,Nepal Investment And Securities Trading Private Limited,145,310.0,44950.0,2025-07-20T11:31:12.835426
2025-07-20,151505,2025072004007975,API,J.F. Securites (PVT) Ltd.,Linch Stock Market Ltd.,525,310.0,162750.0,2025-07-20T11:31:12.835555
2025-07-20,151504,2025072004007976,API,J.F. Securites (PVT) Ltd.,Dipshikha Dhitopatra Karobar Co. Pvt Ltd.,100,310.0,31000.0,2025-07-20T11:31:12.835647
2025-07-20,151503,2025072004007977,API,J.F. Securites (PVT) Ltd.,Kohinoor Investment & Securities Pvt. Ltd.,520,310.0,161200.0,2025-07-20T11:31:12.835739
2025-07-20,151502,2025072004007978,API,J.F. Securites (PVT) Ltd.,Market Securities & Exchange (PVT) Ltd.,400,310.0,124000.0,2025-07-20T11:31:12.835832
2025-07-20,151501,2025072004007979,API,J.F. Securites (PVT) Ltd.,Naasa Securities Co. Ltd.,63,310.0,19530.0,2025-07-20T11:31:12.835924
2025-07-20,151473,2025072004007988,API,Capital Max Securities Ltd,Naasa Securities Co. Ltd.,100,310.0,31000.0,2025-07-20T11:31:14.935118
2025-07-20,151458,2025072004007992,API,Kumari Securities Private Limited,Naasa Securities Co. Ltd.,21,310.0,6510.0,2025-07-20T11:31:16.04229
2025-07-20,151400,2025072004008010,API,Naasa Securities Co. Ltd.,Naasa Securities Co. Ltd.,40,310.0,12400.0,2025-07-20T11:31:21.880292
2025-07-20,151355,2025072004008020,API,Naasa Securities Co. Ltd.,Naasa Securities Co. Ltd.,20,310.0,6200.0,2025-07-20T11:31:23.364237
2025-07-20,151315,2025072004008029,API,Capital Max Securities Ltd,Naasa Securities Co. Ltd.,10,310.0,3100.0,2025-07-20T11:31:25.995203
2025-07-20,151287,2025072004008039,API,Linch Stock Market Ltd.,Naasa Securities Co. Ltd.,24,310.0,7440.0,2025-07-20T11:31:28.509805
2025-07-20,150444,2025072004008233,API,Nabil Stock Dealer Ltd.,Trishakti Securities Public Limited,1000,310.5,310500.0,2025-07-20T11:32:28.684369
2025-07-20,150443,2025072004008234,API,Nabil Stock Dealer Ltd.,Sweta Securities Private Limited,300,310.9,93270.0,2025-07-20T11:32:28.68491
2025-07-20,150442,2025072004008235,API,Nabil Stock Dealer Ltd.,Dipshikha Dhitopatra Karobar Co. Pvt Ltd.,681,311.0,211791.0,2025-07-20T11:32:28.685364
2025-07-20,150441,2025072004008236,API,Nabil Stock Dealer Ltd.,Dipshikha Dhitopatra Karobar Co. Pvt Ltd.,200,311.0,62200.0,2025-07-20T11:32:28.685771
2025-07-20,150440,2025072004008237,API,Nabil Stock Dealer Ltd.,Arun Securities (PVT) Ltd.,100,311.0,31100.0,2025-07-20T11:32:28.686163
2025-07-20,150439,2025072004008238,API,Nabil Stock Dealer Ltd.,Shree Krishna Securities Ltd.,50,311.0,15550.0,2025-07-20T11:32:28.686535
2025-07-20,150438,2025072004008239,API,Nabil Stock Dealer Ltd.,Imperial Securities Company Pvt. Ltd.,1689,311.0,525279.0,2025-07-20T11:32:28.686684
2025-07-20,150437,2025072004008240,API,Nabil Stock Dealer Ltd.,J.F. Securites (PVT) Ltd.,125,311.0,38875.0,2025-07-20T11:32:28.686826
2025-07-20,150436,2025072004008241,API,Nabil Stock Dealer Ltd.,Sani Securities Company Ltd.,500,311.0,155500.0,2025-07-20T11:32:28.686976
2025-07-20,150435,2025072004008242,API,Nabil Stock Dealer Ltd.,Nepal Investment And Securities Trading Private Limited,10,311.0,3110.0,2025-07-20T11:32:28.687084
2025-07-20,150434,2025072004008243,API,Nabil Stock Dealer Ltd.,SUN SECURITIES PVT LTD,1000,312.0,312000.0,2025-07-20T11:32:28.687192
2025-07-20,150433,2025072004008244,API,Nabil Stock Dealer Ltd.,Kumari Securities Private Limited,200,312.0,62400.0,2025-07-20T11:32:28.687324
2025-07-20,150432,2025072004008245,API,Nabil Stock Dealer Ltd.,Dipshikha Dhitopatra Karobar Co. Pvt Ltd.,100,312.0,31200.0,2025-07-20T11:32:28.687467
2025-07-20,150431,2025072004008246,API,Nabil Stock Dealer Ltd.,Secured Securities Ltd.,300,312.0,93600.0,2025-07-20T11:32:28.687617
2025-07-20,150430,2025072004008247,API,Nabil Stock Dealer Ltd.,Online Securities Pvt. Ltd.,100,312.0,31200.0,2025-07-20T11:32:28.687754
2025-07-20,150429,2025072004008248,API,Nabil Stock Dealer Ltd.,Trisul Securities & Invt. Ltd.,243,312.0,75816.0,2025-07-20T11:32:28.687863
2025-07-20,150428,2025072004008249,API,Nabil Stock Dealer Ltd.,Dipshikha Dhitopatra Karobar Co. Pvt Ltd.,250,312.0,78000.0,2025-07-20T11:32:28.687985
2025-07-20,150427,2025072004008250,API,Nabil Stock Dealer Ltd.,Sumeru Securities Pvt. Ltd.,100,312.0,31200.0,2025-07-20T11:32:28.688095
2025-07-20,150426,2025072004008251,API,Nabil Stock Dealer Ltd.,Naasa Securities Co. Ltd.,100,312.0,31200.0,2025-07-20T11:32:28.688231
2025-07-20,150425,2025072004008252,API,Nabil Stock Dealer Ltd.,Sani Securities Company Ltd.,100,312.0,31200.0,2025-07-20T11:32:28.688373
2025-07-20,150424,2025072004008253,API,Nabil Stock Dealer Ltd.,Sundhara Securities Limited,100,312.0,31200.0,2025-07-20T11:32:28.688536
2025-07-20,150423,2025072004008254,API,Nabil Stock Dealer Ltd.,KALASH STOCK MARKET PVT. LTD.,1000,312.0,312000.0,2025-07-20T11:32:28.688684
2025-07-20,150422,2025072004008255,API,Nabil Stock Dealer Ltd.,Shree Krishna Securities Ltd.,550,312.0,171600.0,2025-07-20T11:32:28.68881
2025-07-20,150421,2025072004008256,API,Nabil Stock Dealer Ltd.,Dakshinkali Investment & Securities Pvt. Ltd.,2000,312.0,624000.0,2025-07-20T11:32:28.688913
2025-07-20,150353,2025072004008279,API,Nabil Stock Dealer Ltd.,Primo Securities (PVT) Ltd.,1103,312.0,344136.0,2025-07-20T11:32:32.681858
2025-07-20,150119,2025072004008337,API,Imperial Securities Company Pvt. Ltd.,Market Securities & Exchange (PVT) Ltd.,20,312.1,6242.0,2025-07-20T11:32:47.246413
2025-07-20,149752,2025072004008426,API,Imperial Securities Company Pvt. Ltd.,Dipshikha Dhitopatra Karobar Co. Pvt Ltd.,50,312.1,15605.0,2025-07-20T11:33:12.680475
2025-07-20,149704,2025072004008441,API,Imperial Securities Company Pvt. Ltd.,Oxford Securities Pvt. Ltd.,50,312.1,15605.0,2025-07-20T11:33:16.48859
2025-07-20,149699,2025072004008443,API,Nepal Investment And Securities Trading Private Limited,Linch Stock Market Ltd.,400,313.0,125200.0,2025-07-20T11:33:17.501193
2025-07-20,149564,2025072004008480,API,Imperial Securities Company Pvt. Ltd.,Sewa Securities Pvt. Ltd.,50,312.1,15605.0,2025-07-20T11:33:28.970089
2025-07-20,149503,2025072004008490,API,Imperial Securities Company Pvt. Ltd.,ABC Securities Private Limited,30,312.1,9363.0,2025-07-20T11:33:35.715183
2025-07-20,149502,2025072004008491,API,Deevyaa Securities & Stock House Pvt. Ltd,ABC Securities Private Limited,500,312.1,156050.0,2025-07-20T11:33:35.715458
2025-07-20,149501,2025072004008492,API,Nabil Stock Dealer Ltd.,ABC Securities Private Limited,1470,312.0,458640.0,2025-07-20T11:33:35.715556
2025-07-20,149150,2025072004008628,API,Nabil Stock Dealer Ltd.,Market Securities & Exchange (PVT) Ltd.,440,312.0,137280.0,2025-07-20T11:34:02.113019
2025-07-20,148923,2025072004008687,API,Global IME Securities Limited,Nepal Stock House (PVT) Ltd.,100,312.1,31210.0,2025-07-20T11:34:18.959396
2025-07-20,148283,2025072004008887,API,Imperial Securities Company Pvt. Ltd.,Stoxkarts Securities Limited,50,312.9,15645.0,2025-07-20T11:35:04.466253
2025-07-20,148282,2025072004008888,API,Imperial Securities Company Pvt. Ltd.,Sani Securities Company Ltd.,250,312.9,78225.0,2025-07-20T11:35:04.466705
2025-07-20,148171,2025072004008930,API,Global IME Securities Limited,Sri Hari Securities Pvt. Ltd.,6,308.0,1848.0,2025-07-20T11:35:10.733714
2025-07-20,148021,2025072004008979,API,Sumeru Securities Pvt. Ltd.,Sani Securities Company Ltd.,220,312.9,68838.0,2025-07-20T11:35:20.985151
2025-07-20,147972,2025072004008995,API,Dakshinkali Investment & Securities Pvt. Ltd.,Sani Securities Company Ltd.,100,312.9,31290.0,2025-07-20T11:35:25.301884
2025-07-20,147783,2025072004009044,API,Aryatara Investment & Securities,Sani Securities Company Ltd.,430,312.9,134547.0,2025-07-20T11:35:36.443929
2025-07-20,147782,2025072004009045,API,Aryatara Investment & Securities,Vision Securities Pvt. Ltd,100,312.9,31290.0,2025-07-20T11:35:36.444161
2025-07-20,147781,2025072004009046,API,Aryatara Investment & Securities,Linch Stock Market Ltd.,78,313.0,24414.0,2025-07-20T11:35:36.444269
2025-07-20,147780,2025072004009047,API,Aryatara Investment & Securities,Vision Securities Pvt. Ltd,100,313.0,31300.0,2025-07-20T11:35:36.444393
2025-07-20,147779,2025072004009048,API,Aryatara Investment & Securities,Sani Securities Company Ltd.,292,313.0,91396.0,2025-07-20T11:35:36.444504
2025-07-20,147776,2025072004009050,API,Global IME Securities Limited,Imperial Securities Company Pvt. Ltd.,450,312.1,140445.0,2025-07-20T11:35:36.584602
2025-07-20,147775,2025072004009051,API,Vision Securities Pvt. Ltd,Imperial Securities Company Pvt. Ltd.,320,312.1,99872.0,2025-07-20T11:35:36.584814
2025-07-20,147774,2025072004009052,API,Nabil Stock Dealer Ltd.,Imperial Securities Company Pvt. Ltd.,1230,312.0,383760.0,2025-07-20T11:35:36.584924
2025-07-20,147325,2025072004009204,API,Deevyaa Securities & Stock House Pvt. Ltd,Sani Securities Company Ltd.,1124,313.0,351812.0,2025-07-20T11:36:07.107055
2025-07-20,147324,2025072004009205,API,Deevyaa Securities & Stock House Pvt. Ltd,Vision Securities Pvt. Ltd,200,313.0,62600.0,2025-07-20T11:36:07.107293
2025-07-20,147323,2025072004009206,API,Deevyaa Securities & Stock House Pvt. Ltd,Capital Max Securities Ltd,140,313.0,43820.0,2025-07-20T11:36:07.10741
2025-07-20,147322,2025072004009207,API,Deevyaa Securities & Stock House Pvt. Ltd,Naasa Securities Co. Ltd.,99,313.0,30987.0,2025-07-20T11:36:07.107524
2025-07-20,147321,2025072004009208,API,Deevyaa Securities & Stock House Pvt. Ltd,Asian Securities Private Ltd.,47,313.0,14711.0,2025-07-20T11:36:07.107652
2025-07-20,147239,2025072004009232,API,Deevyaa Securities & Stock House Pvt. Ltd,Trishakti Securities Public Limited,400,313.0,125200.0,2025-07-20T11:36:14.018974
2025-07-20,147200,2025072004009255,API,Deevyaa Securities & Stock House Pvt. Ltd,K.B.L. Securities Limited ,2000,313.0,626000.0,2025-07-20T11:36:16.406712
2025-07-20,147142,2025072004009271,API,Deevyaa Securities & Stock House Pvt. Ltd,South Asian Bulls Pvt. Ltd.,900,313.0,281700.0,2025-07-20T11:36:22.305471
2025-07-20,146765,2025072004009375,API,Deevyaa Securities & Stock House Pvt. Ltd,Sweta Securities Private Limited,90,313.0,28170.0,2025-07-20T11:36:48.777019
2025-07-20,146479,2025072004009474,API,Global IME Securities Limited,Dipshikha Dhitopatra Karobar Co. Pvt Ltd.,54,313.0,16902.0,2025-07-20T11:37:12.348298
2025-07-20,146478,2025072004009475,API,Online Securities Pvt. Ltd.,Dipshikha Dhitopatra Karobar Co. Pvt Ltd.,50,313.0,15650.0,2025-07-20T11:37:12.348561
2025-07-20,146330,2025072004009518,API,Imperial Securities Company Pvt. Ltd.,Dipshikha Dhitopatra Karobar Co. Pvt Ltd.,86,313.0,26918.0,2025-07-20T11:37:22.62105
2025-07-20,146118,2025072004009591,API,Naasa Securities Co. Ltd.,Dipshikha Dhitopatra Karobar Co. Pvt Ltd.,120,313.0,37560.0,2025-07-20T11:37:37.175483
2025-07-20,145777,2025072004009664,API,Online Securities Pvt. Ltd.,MILKY WAY SHARE BROKER COMPANY LTD ,50,312.3,15615.0,2025-07-20T11:37:59.975346
2025-07-20,145776,2025072004009665,API,Premier Securities Company Ltd.,MILKY WAY SHARE BROKER COMPANY LTD ,100,312.2,31220.0,2025-07-20T11:37:59.975838
2025-07-20,145775,2025072004009666,API,Nabil Stock Dealer Ltd.,MILKY WAY SHARE BROKER COMPANY LTD ,4959,312.0,1547208.0,2025-07-20T11:37:59.976176
2025-07-20,145774,2025072004009667,API,Deevyaa Securities & Stock House Pvt. Ltd,MILKY WAY SHARE BROKER COMPANY LTD ,48,312.0,14976.0,2025-07-20T11:37:59.976547
2025-07-20,145773,2025072004009668,API,Online Securities Pvt. Ltd.,MILKY WAY SHARE BROKER COMPANY LTD ,100,312.0,31200.0,2025-07-20T11:37:59.976918
2025-07-20,145736,2025072004009677,API,Trishakti Securities Public Limited,MILKY WAY SHARE BROKER COMPANY LTD ,50,312.0,15600.0,2025-07-20T11:38:02.178816
2025-07-20,145525,2025072004009726,API,Online Securities Pvt. Ltd.,MILKY WAY SHARE BROKER COMPANY LTD ,50,312.0,15600.0,2025-07-20T11:38:20.175065
2025-07-20,145358,2025072004009770,API,Vision Securities Pvt. Ltd,MILKY WAY SHARE BROKER COMPANY LTD ,300,312.0,93600.0,2025-07-20T11:38:33.160079
2025-07-20,144902,2025072004009902,API,Sri Hari Securities Pvt. Ltd.,Online Securities Pvt. Ltd.,13,311.5,4049.5,2025-07-20T11:39:11.207593
2025-07-20,144669,2025072004009959,API,Kalika Securities Pvt. Ltd.,Online Securities Pvt. Ltd.,112,311.5,34888.0,2025-07-20T11:39:25.004885
2025-07-20,144668,2025072004009960,API,Kalika Securities Pvt. Ltd.,Trademow Securities Private Limited,50,311.9,15595.0,2025-07-20T11:39:25.005137
2025-07-20,144363,2025072004010011,API,Kalika Securities Pvt. Ltd.,SUN SECURITIES PVT LTD,1000,311.9,311900.0,2025-07-20T11:39:50.04604
2025-07-20,144283,2025072004010049,API,Online Securities Pvt. Ltd.,MILKY WAY SHARE BROKER COMPANY LTD ,320,312.0,99840.0,2025-07-20T11:39:56.905377
2025-07-20,144265,2025072004010053,API,Kalika Securities Pvt. Ltd.,Vision Securities Pvt. Ltd,200,311.9,62380.0,2025-07-20T11:39:57.813597
2025-07-20,144111,2025072004010091,API,Kalika Securities Pvt. Ltd.,Sri Hari Securities Pvt. Ltd.,28,311.9,8733.2,2025-07-20T11:40:13.565752
2025-07-20,143763,2025072004010186,API,Ashutosh Brokerage & Securities (PVT) Ltd.,MILKY WAY SHARE BROKER COMPANY LTD ,200,312.0,62400.0,2025-07-20T11:40:39.429184
2025-07-20,143660,2025072004010234,API,Naasa Securities Co. Ltd.,MILKY WAY SHARE BROKER COMPANY LTD ,15,312.0,4680.0,2025-07-20T11:40:47.311929
2025-07-20,143309,2025072004010354,API,Sundhara Securities Limited,MILKY WAY SHARE BROKER COMPANY LTD ,30,312.0,9360.0,2025-07-20T11:41:13.183103
2025-07-20,142972,2025072004010457,API,Kalika Securities Pvt. Ltd.,Kumari Securities Private Limited,65,311.9,20273.5,2025-07-20T11:41:34.70016
2025-07-20,142495,2025072004010575,API,Kalika Securities Pvt. Ltd.,Kohinoor Investment & Securities Pvt. Ltd.,45,311.9,14035.5,2025-07-20T11:42:11.441222
2025-07-20,142317,2025072004010632,API,Online Securities Pvt. Ltd.,MILKY WAY SHARE BROKER COMPANY LTD ,150,312.0,46800.0,2025-07-20T11:42:21.033243
2025-07-20,142316,2025072004010633,API,Sewa Securities Pvt. Ltd.,MILKY WAY SHARE BROKER COMPANY LTD ,160,312.0,49920.0,2025-07-20T11:42:21.137543
2025-07-20,142031,2025072004010727,API,Online Securities Pvt. Ltd.,Sumeru Securities Pvt. Ltd.,10,311.9,3119.0,2025-07-20T11:42:40.513883
2025-07-20,141957,2025072004010765,API,Dipshikha Dhitopatra Karobar Co. Pvt Ltd.,Property Wiard Limited,10,311.0,3110.0,2025-07-20T11:42:44.29602
2025-07-20,141956,2025072004010766,API,Trishakti Securities Public Limited,Property Wiard Limited,50,311.0,15550.0,2025-07-20T11:42:44.296369
2025-07-20,141955,2025072004010767,API,Online Securities Pvt. Ltd.,Property Wiard Limited,800,311.0,248800.0,2025-07-20T11:42:44.296516
2025-07-20,141954,2025072004010768,API,Primo Securities (PVT) Ltd.,Property Wiard Limited,240,310.7,74568.0,2025-07-20T11:42:44.296663
2025-07-20,141376,2025072004010951,API,J.F. Securites (PVT) Ltd.,Imperial Securities Company Pvt. Ltd.,100,311.0,31100.0,2025-07-20T11:43:17.291304
2025-07-20,141375,2025072004010952,API,Primo Securities (PVT) Ltd.,Imperial Securities Company Pvt. Ltd.,60,310.7,18642.0,2025-07-20T11:43:17.292
2025-07-20,141374,2025072004010953,API,Arun Securities (PVT) Ltd.,Imperial Securities Company Pvt. Ltd.,90,310.6,27954.0,2025-07-20T11:43:17.292476
2025-07-20,141270,2025072004010997,API,Vision Securities Pvt. Ltd,Sani Securities Company Ltd.,2500,311.0,777500.0,2025-07-20T11:43:23.52493
2025-07-20,141132,2025072004011032,API,Naasa Securities Co. Ltd.,Sani Securities Company Ltd.,20,311.0,6220.0,2025-07-20T11:43:31.996051
2025-07-20,141046,2025072004011064,API,Arun Securities (PVT) Ltd.,Sumeru Securities Pvt. Ltd.,500,310.6,155300.0,2025-07-20T11:43:36.352735
2025-07-20,140982,2025072004011072,API,Arun Securities (PVT) Ltd.,Linch Stock Market Ltd.,200,310.6,62120.0,2025-07-20T11:43:39.494132
2025-07-20,140956,2025072004011083,API,Arun Securities (PVT) Ltd.,MILKY WAY SHARE BROKER COMPANY LTD ,210,310.6,65226.0,2025-07-20T11:43:41.12913
2025-07-20,140955,2025072004011084,API,Asian Securities Private Ltd.,MILKY WAY SHARE BROKER COMPANY LTD ,48,310.5,14904.0,2025-07-20T11:43:41.129766
2025-07-20,140954,2025072004011085,API,Midas Stock Broking Company Private Limited,MILKY WAY SHARE BROKER COMPANY LTD ,200,310.3,62060.0,2025-07-20T11:43:41.13021
2025-07-20,140953,2025072004011086,API,Kohinoor Investment & Securities Pvt. Ltd.,MILKY WAY SHARE BROKER COMPANY LTD ,500,310.2,155100.0,2025-07-20T11:43:41.130669
2025-07-20,140952,2025072004011087,API,Naasa Securities Co. Ltd.,MILKY WAY SHARE BROKER COMPANY LTD ,1960,310.0,607600.0,2025-07-20T11:43:41.131114
2025-07-20,140361,2025072004011277,API,Vision Securities Pvt. Ltd,Arun Securities (PVT) Ltd.,49,310.5,15214.5,2025-07-20T11:44:18.013202
2025-07-20,140360,2025072004011278,API,Vision Securities Pvt. Ltd,Sani Securities Company Ltd.,63,311.0,19593.0,2025-07-20T11:44:18.013547
2025-07-20,140359,2025072004011279,API,Vision Securities Pvt. Ltd,Midas Stock Broking Company Private Limited,33,311.0,10263.0,2025-07-20T11:44:18.013703
2025-07-20,140358,2025072004011280,API,Vision Securities Pvt. Ltd,Kumari Securities Private Limited,632,311.0,196552.0,2025-07-20T11:44:18.013892
2025-07-20,140329,2025072004011291,API,Naasa Securities Co. Ltd.,Aryatara Investment & Securities,557,310.0,172670.0,2025-07-20T11:44:21.006825
2025-07-20,140328,2025072004011292,API,Sani Securities Company Ltd.,Aryatara Investment & Securities,300,310.0,93000.0,2025-07-20T11:44:21.007148
2025-07-20,140327,2025072004011293,API,Cristal Kanchanjanga Securites Pvt. Ltd.,Aryatara Investment & Securities,1000,310.0,310000.0,2025-07-20T11:44:21.007295
2025-07-20,140326,2025072004011294,API,Agrawal Securities (PVT) Ltd.,Aryatara Investment & Securities,10,310.0,3100.0,2025-07-20T11:44:21.007454
2025-07-20,140325,2025072004011295,API,Aryatara Investment & Securities,Aryatara Investment & Securities,600,310.0,186000.0,2025-07-20T11:44:21.007598
2025-07-20,140324,2025072004011296,API,Nagarik Stock Dealer ,Aryatara Investment & Securities,533,310.0,165230.0,2025-07-20T11:44:21.007748
2025-07-20,140223,2025072004011329,API,Nagarik Stock Dealer ,Imperial Securities Company Pvt. Ltd.,54,310.0,16740.0,2025-07-20T11:44:28.73105
2025-07-20,140200,2025072004011341,API,Nagarik Stock Dealer ,Opal Securities Investment (PVT) Ltd.,117,310.0,36270.0,2025-07-20T11:44:31.307231
2025-07-20,140104,2025072004011372,API,Nagarik Stock Dealer ,Nepal Investment And Securities Trading Private Limited,900,310.0,279000.0,2025-07-20T11:44:38.10434
2025-07-20,140072,2025072004011384,API,Nagarik Stock Dealer ,Investment Management Nepal Pvt. Ltd.,396,310.0,122760.0,2025-07-20T11:44:40.877302
2025-07-20,140071,2025072004011385,API,Vision Securities Pvt. Ltd,Investment Management Nepal Pvt. Ltd.,104,310.0,32240.0,2025-07-20T11:44:40.877619
2025-07-20,139884,2025072004011424,API,Vision Securities Pvt. Ltd,Imperial Securities Company Pvt. Ltd.,500,310.0,155000.0,2025-07-20T11:44:54.302067
2025-07-20,139759,2025072004011454,API,Vision Securities Pvt. Ltd,Naasa Securities Co. Ltd.,20,310.0,6200.0,2025-07-20T11:45:03.543561
2025-07-20,139526,2025072004011513,API,Sri Hari Securities Pvt. Ltd.,Trishakti Securities Public Limited,500,310.5,155250.0,2025-07-20T11:45:17.934152
2025-07-20,139525,2025072004011514,API,Sri Hari Securities Pvt. Ltd.,Kumari Securities Private Limited,168,311.0,52248.0,2025-07-20T11:45:17.934489
2025-07-20,139524,2025072004011515,API,Sri Hari Securities Pvt. Ltd.,Blue Chip Securities Ltd,50,311.0,15550.0,2025-07-20T11:45:17.934642
2025-07-20,139523,2025072004011516,API,Sri Hari Securities Pvt. Ltd.,Sundhara Securities Limited,232,311.0,72152.0,2025-07-20T11:45:17.934786
2025-07-20,139185,2025072004011607,API,Naasa Securities Co. Ltd.,Nepal Investment And Securities Trading Private Limited,250,310.5,77625.0,2025-07-20T11:45:38.794079
2025-07-20,139057,2025072004011679,API,Vision Securities Pvt. Ltd,Opal Securities Investment (PVT) Ltd.,500,310.0,155000.0,2025-07-20T11:45:45.113675
2025-07-20,138980,2025072004011692,API,Sri Hari Securities Pvt. Ltd.,Nepal Investment And Securities Trading Private Limited,20,310.5,6210.0,2025-07-20T11:45:49.62465
2025-07-20,138977,2025072004011693,API,Vision Securities Pvt. Ltd,Opal Securities Investment (PVT) Ltd.,1000,310.0,310000.0,2025-07-20T11:45:50.156992
2025-07-20,138802,2025072004011745,API,Vision Securities Pvt. Ltd,SHUBHAKAMANA SECURITIES PVT. LTD,1156,310.0,358360.0,2025-07-20T11:46:01.281916
2025-07-20,138718,2025072004011769,API,Vision Securities Pvt. Ltd,Sajilo Broker Limited,1000,310.0,310000.0,2025-07-20T11:46:05.594476
2025-07-20,138594,2025072004011795,API,Vision Securities Pvt. Ltd,Malla & Malla Stock Broking Company Pvt. Limited,50,310.0,15500.0,2025-07-20T11:46:11.89926
2025-07-20,138541,2025072004011808,API,Naasa Securities Co. Ltd.,Nepal Investment And Securities Trading Private Limited,225,310.5,69862.5,2025-07-20T11:46:15.954135
2025-07-20,138511,2025072004011818,API,Vision Securities Pvt. Ltd,Vision Securities Pvt. Ltd,300,310.0,93000.0,2025-07-20T11:46:18.569751
2025-07-20,138510,2025072004011819,API,Vision Securities Pvt. Ltd,NIMB Stock Markets Limited,370,310.0,114700.0,2025-07-20T11:46:18.578245
2025-07-20,138509,2025072004011820,API,Kohinoor Investment & Securities Pvt. Ltd.,NIMB Stock Markets Limited,200,310.0,62000.0,2025-07-20T11:46:18.578546
2025-07-20,138508,2025072004011821,API,Online Securities Pvt. Ltd.,NIMB Stock Markets Limited,200,310.0,62000.0,2025-07-20T11:46:18.578695
2025-07-20,138507,2025072004011822,API,Dipshikha Dhitopatra Karobar Co. Pvt Ltd.,NIMB Stock Markets Limited,20,310.0,6200.0,2025-07-20T11:46:18.578839
2025-07-20,138506,2025072004011823,API,Citizens Share Broker Limited,NIMB Stock Markets Limited,400,310.0,124000.0,2025-07-20T11:46:18.57898
2025-07-20,138505,2025072004011824,API,Opal Securities Investment (PVT) Ltd.,NIMB Stock Markets Limited,310,310.0,96100.0,2025-07-20T11:46:18.579121
2025-07-20,138504,2025072004011825,API,Opal Securities Investment (PVT) Ltd.,Nepal Stock House (PVT) Ltd.,50,310.0,15500.0,2025-07-20T11:46:18.579446
2025-07-20,138503,2025072004011826,API,Vision Securities Pvt. Ltd,Nepal Stock House (PVT) Ltd.,10,310.0,3100.0,2025-07-20T11:46:18.57959
2025-07-20,138502,2025072004011827,API,Vision Securities Pvt. Ltd,Nepal Stock House (PVT) Ltd.,200,310.0,62000.0,2025-07-20T11:46:18.579732
2025-07-20,138501,2025072004011828,API,Kohinoor Investment & Securities Pvt. Ltd.,Nepal Stock House (PVT) Ltd.,200,310.0,62000.0,2025-07-20T11:46:18.579873
2025-07-20,138500,2025072004011829,API,Sundhara Securities Limited,Nepal Stock House (PVT) Ltd.,40,310.0,12400.0,2025-07-20T11:46:18.580014
2025-07-20,138434,2025072004011841,API,Sundhara Securities Limited,Vision Securities Pvt. Ltd,160,310.0,49600.0,2025-07-20T11:46:22.712011
2025-07-20,138433,2025072004011842,API,Naasa Securities Co. Ltd.,Vision Securities Pvt. Ltd,100,310.0,31000.0,2025-07-20T11:46:22.712339
2025-07-20,138432,2025072004011843,API,Vision Securities Pvt. Ltd,Vision Securities Pvt. Ltd,50,310.0,15500.0,2025-07-20T11:46:22.712485
2025-07-20,138431,2025072004011844,API,Dipshikha Dhitopatra Karobar Co. Pvt Ltd.,Vision Securities Pvt. Ltd,690,310.0,213900.0,2025-07-20T11:46:22.712626
2025-07-20,138402,2025072004011848,API,Dipshikha Dhitopatra Karobar Co. Pvt Ltd.,Sumeru Securities Pvt. Ltd.,310,310.0,96100.0,2025-07-20T11:46:24.538371
2025-07-20,138355,2025072004011864,API,Naasa Securities Co. Ltd.,Sumeru Securities Pvt. Ltd.,170,310.0,52700.0,2025-07-20T11:46:28.412707
2025-07-20,137936,2025072004012003,API,J.F. Securites (PVT) Ltd.,Shree Krishna Securities Ltd.,348,309.8,107810.4,2025-07-20T11:46:55.001525
2025-07-20,137935,2025072004012004,API,Vision Securities Pvt. Ltd,Shree Krishna Securities Ltd.,152,309.8,47089.6,2025-07-20T11:46:55.001828
2025-07-20,137825,2025072004012024,API,Vision Securities Pvt. Ltd,Asian Securities Private Ltd.,48,309.8,14870.4,2025-07-20T11:47:02.899403
2025-07-20,137794,2025072004012030,API,Vision Securities Pvt. Ltd,NIMB Stock Markets Limited,50,309.1,15455.0,2025-07-20T11:47:04.692222
2025-07-20,137793,2025072004012031,API,Naasa Securities Co. Ltd.,NIMB Stock Markets Limited,300,309.0,92700.0,2025-07-20T11:47:04.692847
2025-07-20,137792,2025072004012032,API,Secured Securities Ltd.,NIMB Stock Markets Limited,100,309.0,30900.0,2025-07-20T11:47:04.693304
2025-07-20,137791,2025072004012033,API,Sharepro Securities Private Limited,NIMB Stock Markets Limited,16,309.0,4944.0,2025-07-20T11:47:04.69381
2025-07-20,137376,2025072004012126,API,Kohinoor Investment & Securities Pvt. Ltd.,Asian Securities Private Ltd.,252,308.3,77691.6,2025-07-20T11:47:33.46522
2025-07-20,137280,2025072004012153,API,Kohinoor Investment & Securities Pvt. Ltd.,Vision Securities Pvt. Ltd,400,308.3,123320.0,2025-07-20T11:47:39.785686
2025-07-20,137109,2025072004012195,API,Kohinoor Investment & Securities Pvt. Ltd.,Vision Securities Pvt. Ltd,48,308.3,14798.4,2025-07-20T11:47:51.959081
2025-07-20,136537,2025072004012356,API,Thrive Brokerage House Pvt. Ltd,Vision Securities Pvt. Ltd,350,308.1,107835.0,2025-07-20T11:48:34.637107
2025-07-20,136098,2025072004012503,API,Thrive Brokerage House Pvt. Ltd,Bhrikuti Stock Broking Co. Pvt. Ltd.,300,308.1,92430.0,2025-07-20T11:49:08.411548
2025-07-20,136002,2025072004012540,API,Sani Securities Company Ltd.,Vision Securities Pvt. Ltd,102,308.3,31446.6,2025-07-20T11:49:14.212173
2025-07-20,136001,2025072004012541,API,Sani Securities Company Ltd.,Oxford Securities Pvt. Ltd.,30,308.3,9249.0,2025-07-20T11:49:14.212498
2025-07-20,136000,2025072004012542,API,Sani Securities Company Ltd.,NIMB Stock Markets Limited,134,309.0,41406.0,2025-07-20T11:49:14.212661
2025-07-20,135999,2025072004012543,API,Sani Securities Company Ltd.,Sani Securities Company Ltd.,34,309.0,10506.0,2025-07-20T11:49:14.212816
2025-07-20,135793,2025072004012605,API,Thrive Brokerage House Pvt. Ltd,Opal Securities Investment (PVT) Ltd.,150,308.1,46215.0,2025-07-20T11:49:28.964702
2025-07-20,135792,2025072004012606,API,Dipshikha Dhitopatra Karobar Co. Pvt Ltd.,Opal Securities Investment (PVT) Ltd.,10,308.0,3080.0,2025-07-20T11:49:28.964742
2025-07-20,135791,2025072004012607,API,Bhrikuti Stock Broking Co. Pvt. Ltd.,Opal Securities Investment (PVT) Ltd.,140,308.0,43120.0,2025-07-20T11:49:28.964765
2025-07-20,135468,2025072004012735,API,Bhrikuti Stock Broking Co. Pvt. Ltd.,Opal Securities Investment (PVT) Ltd.,300,308.0,92400.0,2025-07-20T11:49:49.093465
2025-07-20,135418,2025072004012750,API,Bhrikuti Stock Broking Co. Pvt. Ltd.,Linch Stock Market Ltd.,10,308.0,3080.0,2025-07-20T11:49:52.172718
2025-07-20,135250,2025072004012828,API,Bhrikuti Stock Broking Co. Pvt. Ltd.,Online Securities Pvt. Ltd.,1000,308.0,308000.0,2025-07-20T11:50:01.999279
2025-07-20,135210,2025072004012839,API,Bhrikuti Stock Broking Co. Pvt. Ltd.,Secured Securities Ltd.,100,308.0,30800.0,2025-07-20T11:50:04.93034
2025-07-20,135206,2025072004012840,API,Bhrikuti Stock Broking Co. Pvt. Ltd.,Opal Securities Investment (PVT) Ltd.,200,308.0,61600.0,2025-07-20T11:50:05.244189
2025-07-20,135203,2025072004012841,API,Bhrikuti Stock Broking Co. Pvt. Ltd.,Primo Securities (PVT) Ltd.,250,308.0,77000.0,2025-07-20T11:50:05.681728
2025-07-20,135202,2025072004012842,API,Naasa Securities Co. Ltd.,Primo Securities (PVT) Ltd.,10,308.0,3080.0,2025-07-20T11:50:05.682079
2025-07-20,135201,2025072004012843,API,Dakshinkali Investment & Securities Pvt. Ltd.,Primo Securities (PVT) Ltd.,500,308.0,154000.0,2025-07-20T11:50:05.682241
2025-07-20,135200,2025072004012844,API,Neev Securities Pvt. Ltd.,Primo Securities (PVT) Ltd.,200,308.0,61600.0,2025-07-20T11:50:05.682438
2025-07-20,135199,2025072004012845,API,Neev Securities Pvt. Ltd.,Primo Securities (PVT) Ltd.,500,308.0,154000.0,2025-07-20T11:50:05.682596
2025-07-20,135198,2025072004012846,API,N.M.B. SECURITIES LIMITED,Primo Securities (PVT) Ltd.,200,308.0,61600.0,2025-07-20T11:50:05.682757
2025-07-20,135197,2025072004012847,API,Dipshikha Dhitopatra Karobar Co. Pvt Ltd.,Primo Securities (PVT) Ltd.,20,308.0,6160.0,2025-07-20T11:50:05.682914
2025-07-20,135196,2025072004012848,API,Online Securities Pvt. Ltd.,Primo Securities (PVT) Ltd.,200,308.0,61600.0,2025-07-20T11:50:05.683065
2025-07-20,135195,2025072004012849,API,Malla & Malla Stock Broking Company Pvt. Limited,Primo Securities (PVT) Ltd.,400,308.0,123200.0,2025-07-20T11:50:05.683218
2025-07-20,135121,2025072004012867,API,Naasa Securities Co. Ltd.,Primo Securities (PVT) Ltd.,172,308.0,52976.0,2025-07-20T11:50:13.231236
2025-07-20,134986,2025072004012947,API,Midas Stock Broking Company Private Limited,Primo Securities (PVT) Ltd.,250,308.0,77000.0,2025-07-20T11:50:21.588024
2025-07-20,134749,2025072004013037,API,Deevyaa Securities & Stock House Pvt. Ltd,Primo Securities (PVT) Ltd.,500,308.0,154000.0,2025-07-20T11:50:40.73086
2025-07-20,134748,2025072004013038,API,Midas Stock Broking Company Private Limited,Primo Securities (PVT) Ltd.,10,308.0,3080.0,2025-07-20T11:50:40.738585
2025-07-20,134624,2025072004013073,API,N.M.B. SECURITIES LIMITED,Primo Securities (PVT) Ltd.,19,308.0,5852.0,2025-07-20T11:50:50.660949
2025-07-20,134618,2025072004013074,API,N.M.B. SECURITIES LIMITED,Vision Securities Pvt. Ltd,175,308.0,53900.0,2025-07-20T11:50:51.095176
2025-07-20,134614,2025072004013076,API,Imperial Securities Company Pvt. Ltd.,Thrive Brokerage House Pvt. Ltd,3,305.0,915.0,2025-07-20T11:50:52.160604
2025-07-20,134478,2025072004013120,API,Aryatara Investment & Securities,Vision Securities Pvt. Ltd,529,308.0,162932.0,2025-07-20T11:51:05.585359
2025-07-20,134457,2025072004013130,API,Sumeru Securities Pvt. Ltd.,Vision Securities Pvt. Ltd,70,308.0,21560.0,2025-07-20T11:51:07.660878
2025-07-20,134230,2025072004013195,API,Deevyaa Securities & Stock House Pvt. Ltd,Vision Securities Pvt. Ltd,200,308.0,61600.0,2025-07-20T11:51:27.027821
2025-07-20,133651,2025072004013341,API,Magnet Securities and Investment Company Private Limited,Vision Securities Pvt. Ltd,10,308.0,3080.0,2025-07-20T11:52:15.455601
2025-07-20,133411,2025072004013400,API,Nepal Investment And Securities Trading Private Limited,Vision Securities Pvt. Ltd,300,307.5,92250.0,2025-07-20T11:52:36.121446
2025-07-20,133271,2025072004013429,API,Deevyaa Securities & Stock House Pvt. Ltd,Vision Securities Pvt. Ltd,200,307.5,61500.0,2025-07-20T11:52:49.531582
2025-07-20,133270,2025072004013430,API,Deevyaa Securities & Stock House Pvt. Ltd,Vision Securities Pvt. Ltd,100,308.0,30800.0,2025-07-20T11:52:49.531928
2025-07-20,133263,2025072004013432,API,Primo Securities (PVT) Ltd.,Swarna Laxmi Securities Pvt. Ltd.,500,307.0,153500.0,2025-07-20T11:52:50.237514
2025-07-20,133262,2025072004013433,API,Kumari Securities Private Limited,Swarna Laxmi Securities Pvt. Ltd.,120,307.0,36840.0,2025-07-20T11:52:50.237916
2025-07-20,133261,2025072004013434,API,Sumeru Securities Pvt. Ltd.,Swarna Laxmi Securities Pvt. Ltd.,30,307.0,9210.0,2025-07-20T11:52:50.238155
2025-07-20,133260,2025072004013435,API,Vision Securities Pvt. Ltd,Swarna Laxmi Securities Pvt. Ltd.,350,307.0,107450.0,2025-07-20T11:52:50.238349
2025-07-20,133186,2025072004013459,API,Vision Securities Pvt. Ltd,Naasa Securities Co. Ltd.,57,307.0,17499.0,2025-07-20T11:52:59.26978
2025-07-20,132961,2025072004013515,API,Vision Securities Pvt. Ltd,Opal Securities Investment (PVT) Ltd.,10,307.0,3070.0,2025-07-20T11:53:19.821676
2025-07-20,132733,2025072004013588,API,Vision Securities Pvt. Ltd,Citizens Share Broker Limited,525,307.0,161175.0,2025-07-20T11:53:37.287151
2025-07-20,132448,2025072004013680,API,Secured Securities Ltd.,Deevyaa Securities & Stock House Pvt. Ltd,40,307.5,12300.0,2025-07-20T11:54:06.323459
2025-07-20,132447,2025072004013681,API,Vision Securities Pvt. Ltd,Deevyaa Securities & Stock House Pvt. Ltd,58,307.0,17806.0,2025-07-20T11:54:06.323818
2025-07-20,132446,2025072004013682,API,ABC Securities Private Limited,Deevyaa Securities & Stock House Pvt. Ltd,150,307.0,46050.0,2025-07-20T11:54:06.324014
2025-07-20,132445,2025072004013683,API,ABC Securities Private Limited,Deevyaa Securities & Stock House Pvt. Ltd,252,307.0,77364.0,2025-07-20T11:54:06.324214
2025-07-20,132406,2025072004013689,API,Sri Hari Securities Pvt. Ltd.,Vision Securities Pvt. Ltd,1000,308.0,308000.0,2025-07-20T11:54:10.378722
2025-07-20,132114,2025072004013784,API,Opal Securities Investment (PVT) Ltd.,Vision Securities Pvt. Ltd,300,308.0,92400.0,2025-07-20T11:54:35.350497
2025-07-20,132058,2025072004013802,API,Oxford Securities Pvt. Ltd.,Vision Securities Pvt. Ltd,46,308.0,14168.0,2025-07-20T11:54:41.521454
2025-07-20,132057,2025072004013803,API,Oxford Securities Pvt. Ltd.,Blue Chip Securities Ltd,50,308.0,15400.0,2025-07-20T11:54:41.521882
2025-07-20,132056,2025072004013804,API,Oxford Securities Pvt. Ltd.,Vision Securities Pvt. Ltd,150,308.0,46200.0,2025-07-20T11:54:41.522073
2025-07-20,132055,2025072004013805,API,Oxford Securities Pvt. Ltd.,Himalayan Brokerage Company Limited,54,308.0,16632.0,2025-07-20T11:54:41.522242
2025-07-20,131440,2025072004013978,API,Malla & Malla Stock Broking Company Pvt. Limited,Himalayan Brokerage Company Limited,100,308.0,30800.0,2025-07-20T11:55:40.861478
2025-07-20,131193,2025072004014056,API,Linch Stock Market Ltd.,Himalayan Brokerage Company Limited,435,308.0,133980.0,2025-07-20T11:56:09.316415
2025-07-20,130930,2025072004014124,API,Sani Securities Company Ltd.,Himalayan Brokerage Company Limited,423,308.0,130284.0,2025-07-20T11:56:28.846717
2025-07-20,130929,2025072004014125,API,Sani Securities Company Ltd.,Pragyan Securities (PVT) Ltd.,100,308.0,30800.0,2025-07-20T11:56:28.847408
2025-07-20,130928,2025072004014126,API,Sani Securities Company Ltd.,Stoxkarts Securities Limited,10,308.0,3080.0,2025-07-20T11:56:28.847904
2025-07-20,130927,2025072004014127,API,Sani Securities Company Ltd.,Naasa Securities Co. Ltd.,119,308.0,36652.0,2025-07-20T11:56:28.848401
2025-07-20,130900,2025072004014132,API,Neev Securities Pvt. Ltd.,Oxford Securities Pvt. Ltd.,100,307.5,30750.0,2025-07-20T11:56:31.492325
2025-07-20,130899,2025072004014133,API,Cristal Kanchanjanga Securites Pvt. Ltd.,Oxford Securities Pvt. Ltd.,130,307.5,39975.0,2025-07-20T11:56:31.492676
2025-07-20,130846,2025072004014160,API,Trisul Securities & Invt. Ltd.,Naasa Securities Co. Ltd.,381,308.0,117348.0,2025-07-20T11:56:35.888085
2025-07-20,130399,2025072004014325,API,Naasa Securities Co. Ltd.,Asian Securities Private Ltd.,1,312.0,312.0,2025-07-20T11:57:19.496977
2025-07-20,130301,2025072004014360,API,Bhrikuti Stock Broking Co. Pvt. Ltd.,Sani Securities Company Ltd.,500,309.0,154500.0,2025-07-20T11:57:30.076577
2025-07-20,130210,2025072004014385,API,N.M.B. SECURITIES LIMITED,Opal Securities Investment (PVT) Ltd.,199,308.0,61292.0,2025-07-20T11:57:41.725124
2025-07-20,130209,2025072004014386,API,Premier Securities Company Ltd.,Opal Securities Investment (PVT) Ltd.,301,308.0,92708.0,2025-07-20T11:57:41.725544
2025-07-20,130107,2025072004014413,API,Infinity Securities Limited,Sani Securities Company Ltd.,190,309.0,58710.0,2025-07-20T11:57:52.646939
2025-07-20,129991,2025072004014434,API,Nepal Stock House (PVT) Ltd.,Deevyaa Securities & Stock House Pvt. Ltd,11,308.1,3389.1,2025-07-20T11:58:03.367495
2025-07-20,129887,2025072004014463,API,Linch Stock Market Ltd.,Sani Securities Company Ltd.,20,309.0,6180.0,2025-07-20T11:58:15.73495
2025-07-20,129644,2025072004014543,API,Kumari Securities Private Limited,Sani Securities Company Ltd.,500,309.0,154500.0,2025-07-20T11:58:43.450786
2025-07-20,129549,2025072004014580,API,Nepal Stock House (PVT) Ltd.,Secured Securities Ltd.,177,308.1,54533.7,2025-07-20T11:58:54.047603
2025-07-20,128954,2025072004014816,API,Infinity Securities Limited,Imperial Securities Company Pvt. Ltd.,59,308.5,18201.5,2025-07-20T11:59:50.757501
2025-07-20,128728,2025072004014902,API,Infinity Securities Limited,Sweta Securities Private Limited,941,308.5,290298.5,2025-07-20T12:00:11.320948
2025-07-20,128619,2025072004014938,API,Sumeru Securities Pvt. Ltd.,Sweta Securities Private Limited,59,308.5,18201.5,2025-07-20T12:00:23.531974
2025-07-20,128617,2025072004014939,API,Sumeru Securities Pvt. Ltd.,Premier Securities Company Ltd.,141,308.5,43498.5,2025-07-20T12:00:23.532666
2025-07-20,128452,2025072004014992,API,Aryatara Investment & Securities,Deevyaa Securities & Stock House Pvt. Ltd,503,308.2,155024.6,2025-07-20T12:00:37.263904
2025-07-20,128451,2025072004014993,API,Nepal Stock House (PVT) Ltd.,Deevyaa Securities & Stock House Pvt. Ltd,497,308.1,153125.7,2025-07-20T12:00:37.264786
2025-07-20,128422,2025072004015003,API,Roadshow securities limited,Premier Securities Company Ltd.,336,308.5,103656.0,2025-07-20T12:00:39.904484
2025-07-20,128421,2025072004015004,API,Roadshow securities limited,Sharepro Securities Private Limited,400,308.5,123400.0,2025-07-20T12:00:39.904857
2025-07-20,128289,2025072004015029,API,Agrawal Securities (PVT) Ltd.,Sani Securities Company Ltd.,30,309.0,9270.0,2025-07-20T12:00:51.548106
2025-07-20,128089,2025072004015092,API,Deevyaa Securities & Stock House Pvt. Ltd,Sri Hari Securities Pvt. Ltd.,1,303.5,303.5,2025-07-20T12:01:07.382492
2025-07-20,127984,2025072004015126,API,Roadshow securities limited,Trishakti Securities Public Limited,10,308.5,3085.0,2025-07-20T12:01:18.492783
2025-07-20,127906,2025072004015145,API,Roadshow securities limited,Sumeru Securities Pvt. Ltd.,100,308.5,30850.0,2025-07-20T12:01:28.04279
2025-07-20,127281,2025072004015323,API,Midas Stock Broking Company Private Limited,Aryatara Investment & Securities,50,308.9,15445.0,2025-07-20T12:02:39.95495
2025-07-20,127280,2025072004015324,API,Midas Stock Broking Company Private Limited,Kohinoor Investment & Securities Pvt. Ltd.,30,308.9,9267.0,2025-07-20T12:02:39.955401
2025-07-20,127279,2025072004015325,API,Midas Stock Broking Company Private Limited,Sani Securities Company Ltd.,126,309.0,38934.0,2025-07-20T12:02:39.955644
2025-07-20,127278,2025072004015326,API,Midas Stock Broking Company Private Limited,Sani Securities Company Ltd.,794,309.0,245346.0,2025-07-20T12:02:39.955831
2025-07-20,126997,2025072004015396,API,Sani Securities Company Ltd.,Sani Securities Company Ltd.,206,309.0,63654.0,2025-07-20T12:03:08.517359
2025-07-20,126996,2025072004015397,API,Sani Securities Company Ltd.,Secured Securities Ltd.,94,309.0,29046.0,2025-07-20T12:03:08.517741
2025-07-20,126899,2025072004015416,API,Roadshow securities limited,Sewa Securities Pvt. Ltd.,154,308.5,47509.0,2025-07-20T12:03:17.795089
2025-07-20,126898,2025072004015417,API,Roadshow securities limited,Sewa Securities Pvt. Ltd.,296,308.5,91316.0,2025-07-20T12:03:17.795519
2025-07-20,126475,2025072004015537,API,Roadshow securities limited,Naasa Securities Co. Ltd.,347,308.5,107049.5,2025-07-20T12:03:57.975336
2025-07-20,126442,2025072004015546,API,Roadshow securities limited,Online Securities Pvt. Ltd.,52,308.5,16042.0,2025-07-20T12:04:02.400639
2025-07-20,126279,2025072004015595,API,Roadshow securities limited,Online Securities Pvt. Ltd.,305,308.5,94092.5,2025-07-20T12:04:17.747277
2025-07-20,126278,2025072004015596,API,Dynamic Money Managers Securities Pvt. Ltd.,Online Securities Pvt. Ltd.,101,308.5,31158.5,2025-07-20T12:04:17.74769
2025-07-20,126235,2025072004015619,API,Nepal Stock House (PVT) Ltd.,Trishakti Securities Public Limited,20,308.1,6162.0,2025-07-20T12:04:24.093976
2025-07-20,126067,2025072004015653,API,Nepal Stock House (PVT) Ltd.,K.B.L. Securities Limited ,295,308.1,90889.5,2025-07-20T12:04:41.186195
2025-07-20,126066,2025072004015654,API,Sani Securities Company Ltd.,K.B.L. Securities Limited ,20,308.1,6162.0,2025-07-20T12:04:41.186692
2025-07-20,125967,2025072004015682,API,Trishakti Securities Public Limited,Secured Securities Ltd.,100,308.0,30800.0,2025-07-20T12:04:49.437731
2025-07-20,125874,2025072004015697,API,Thrive Brokerage House Pvt. Ltd,Online Securities Pvt. Ltd.,50,308.5,15425.0,2025-07-20T12:04:58.906299
2025-07-20,125849,2025072004015704,API,Naasa Securities Co. Ltd.,Online Securities Pvt. Ltd.,244,308.5,75274.0,2025-07-20T12:05:00.932575
2025-07-20,125848,2025072004015705,API,Naasa Securities Co. Ltd.,Online Securities Pvt. Ltd.,500,308.5,154250.0,2025-07-20T12:05:00.933043
2025-07-20,125847,2025072004015706,API,Naasa Securities Co. Ltd.,Pragyan Securities (PVT) Ltd.,100,309.0,30900.0,2025-07-20T12:05:00.93323
2025-07-20,125846,2025072004015707,API,Naasa Securities Co. Ltd.,Neev Securities Pvt. Ltd.,156,309.0,48204.0,2025-07-20T12:05:00.933418
2025-07-20,125522,2025072004015812,API,Siprabi Securities Pvt. Ltd.,J.F. Securites (PVT) Ltd.,14,308.1,4313.4,2025-07-20T12:05:33.630498
2025-07-20,125521,2025072004015813,API,Aryatara Investment & Securities,J.F. Securites (PVT) Ltd.,36,308.0,11088.0,2025-07-20T12:05:33.630883
2025-07-20,125093,2025072004015956,API,Aryatara Investment & Securities,Sundhara Securities Limited,164,308.0,50512.0,2025-07-20T12:06:08.824421
2025-07-20,124383,2025072004016154,API,Cristal Kanchanjanga Securites Pvt. Ltd.,Imperial Securities Company Pvt. Ltd.,370,307.5,113775.0,2025-07-20T12:07:35.319861
2025-07-20,124382,2025072004016155,API,Trisul Securities & Invt. Ltd.,Imperial Securities Company Pvt. Ltd.,119,307.5,36592.5,2025-07-20T12:07:35.32025
2025-07-20,124381,2025072004016156,API,Dakshinkali Investment & Securities Pvt. Ltd.,Imperial Securities Company Pvt. Ltd.,100,307.5,30750.0,2025-07-20T12:07:35.320453
2025-07-20,124380,2025072004016157,API,Citizens Share Broker Limited,Imperial Securities Company Pvt. Ltd.,100,307.1,30710.0,2025-07-20T12:07:35.320648
2025-07-20,124379,2025072004016158,API,ABC Securities Private Limited,Imperial Securities Company Pvt. Ltd.,248,307.0,76136.0,2025-07-20T12:07:35.320838
2025-07-20,124378,2025072004016159,API,Asian Securities Private Ltd.,Imperial Securities Company Pvt. Ltd.,1000,307.0,307000.0,2025-07-20T12:07:35.321022
2025-07-20,124377,2025072004016160,API,South Asian Bulls Pvt. Ltd.,Imperial Securities Company Pvt. Ltd.,63,307.0,19341.0,2025-07-20T12:07:35.321226
2025-07-20,124227,2025072004016204,API,Malla & Malla Stock Broking Company Pvt. Limited,Thrive Brokerage House Pvt. Ltd,52,307.0,15964.0,2025-07-20T12:07:51.824448
2025-07-20,123736,2025072004016329,API,Opal Securities Investment (PVT) Ltd.,Sundhara Securities Limited,604,308.0,186032.0,2025-07-20T12:08:44.719389
2025-07-20,123735,2025072004016330,API,Opal Securities Investment (PVT) Ltd.,Vision Securities Pvt. Ltd,80,308.0,24640.0,2025-07-20T12:08:44.71987
2025-07-20,123585,2025072004016361,API,Siprabi Securities Pvt. Ltd.,Online Securities Pvt. Ltd.,200,308.5,61700.0,2025-07-20T12:09:02.344491
2025-07-20,122928,2025072004016580,API,Thrive Brokerage House Pvt. Ltd,Online Securities Pvt. Ltd.,35,308.1,10783.5,2025-07-20T12:10:04.36158
2025-07-20,122569,2025072004016705,API,Thrive Brokerage House Pvt. Ltd,Primo Securities (PVT) Ltd.,17,308.1,5237.7,2025-07-20T12:10:41.959634
2025-07-20,122545,2025072004016709,API,Thrive Brokerage House Pvt. Ltd,Dynamic Money Managers Securities Pvt. Ltd.,48,308.1,14788.8,2025-07-20T12:10:43.984345
2025-07-20,122452,2025072004016748,API,Opal Securities Investment (PVT) Ltd.,Cristal Kanchanjanga Securites Pvt. Ltd.,316,308.0,97328.0,2025-07-20T12:10:54.6531
2025-07-20,122451,2025072004016749,API,Nepal Stock House (PVT) Ltd.,Cristal Kanchanjanga Securites Pvt. Ltd.,100,308.0,30800.0,2025-07-20T12:10:54.653945
2025-07-20,122450,2025072004016750,API,Siprabi Securities Pvt. Ltd.,Cristal Kanchanjanga Securites Pvt. Ltd.,14,308.0,4312.0,2025-07-20T12:10:54.654554
2025-07-20,122311,2025072004016797,API,Trisul Securities & Invt. Ltd.,Dynamic Money Managers Securities Pvt. Ltd.,40,308.1,12324.0,2025-07-20T12:11:14.768774
2025-07-20,122099,2025072004016863,API,Siprabi Securities Pvt. Ltd.,Asian Securities Private Ltd.,61,308.0,18788.0,2025-07-20T12:11:40.256558
2025-07-20,122003,2025072004016887,API,Malla & Malla Stock Broking Company Pvt. Limited,Asian Securities Private Ltd.,48,308.0,14784.0,2025-07-20T12:11:49.624552
2025-07-20,121966,2025072004016900,API,Dipshikha Dhitopatra Karobar Co. Pvt Ltd.,Dynamic Money Managers Securities Pvt. Ltd.,562,307.0,172534.0,2025-07-20T12:11:53.73395
2025-07-20,121861,2025072004016932,API,Dipshikha Dhitopatra Karobar Co. Pvt Ltd.,Naasa Securities Co. Ltd.,11,307.0,3377.0,2025-07-20T12:12:02.883974
2025-07-20,121859,2025072004016933,API,Dipshikha Dhitopatra Karobar Co. Pvt Ltd.,Aryatara Investment & Securities,1000,307.0,307000.0,2025-07-20T12:12:03.076385
2025-07-20,121776,2025072004016966,API,Bhrikuti Stock Broking Co. Pvt. Ltd.,Asian Securities Private Ltd.,31,308.0,9548.0,2025-07-20T12:12:15.494925
2025-07-20,121775,2025072004016967,API,Bhrikuti Stock Broking Co. Pvt. Ltd.,Sumeru Securities Pvt. Ltd.,10,308.5,3085.0,2025-07-20T12:12:15.494975
2025-07-20,121774,2025072004016968,API,Bhrikuti Stock Broking Co. Pvt. Ltd.,Neev Securities Pvt. Ltd.,400,308.9,123560.0,2025-07-20T12:12:15.495005
2025-07-20,121773,2025072004016969,API,Bhrikuti Stock Broking Co. Pvt. Ltd.,Neev Securities Pvt. Ltd.,44,309.0,13596.0,2025-07-20T12:12:15.495032
2025-07-20,121772,2025072004016970,API,Bhrikuti Stock Broking Co. Pvt. Ltd.,Sani Securities Company Ltd.,386,309.0,119274.0,2025-07-20T12:12:15.495056
2025-07-20,121771,2025072004016971,API,Bhrikuti Stock Broking Co. Pvt. Ltd.,Secured Securities Ltd.,129,309.0,39861.0,2025-07-20T12:12:15.495082
2025-07-20,121535,2025072004017058,API,Online Securities Pvt. Ltd.,Online Securities Pvt. Ltd.,40,308.0,12320.0,2025-07-20T12:12:41.109183
2025-07-20,121490,2025072004017064,API,Sumeru Securities Pvt. Ltd.,Online Securities Pvt. Ltd.,39,308.0,12012.0,2025-07-20T12:12:45.794165
2025-07-20,120350,2025072004017377,API,Sundhara Securities Limited,South Asian Bulls Pvt. Ltd.,167,307.5,51352.5,2025-07-20T12:14:45.614506
2025-07-20,120203,2025072004017422,API,Sajilo Broker Limited,South Asian Bulls Pvt. Ltd.,500,307.5,153750.0,2025-07-20T12:15:01.18646
2025-07-20,120067,2025072004017492,API,Opal Securities Investment (PVT) Ltd.,South Asian Bulls Pvt. Ltd.,50,307.5,15375.0,2025-07-20T12:15:11.371221
2025-07-20,120036,2025072004017502,API,Thrive Brokerage House Pvt. Ltd,Naasa Securities Co. Ltd.,37,307.1,11362.7,2025-07-20T12:15:16.311599
2025-07-20,119258,2025072004017863,API,Dipshikha Dhitopatra Karobar Co. Pvt Ltd.,South Asian Bulls Pvt. Ltd.,1283,307.5,394522.5,2025-07-20T12:16:14.84058
2025-07-20,118985,2025072004017979,API,Thrive Brokerage House Pvt. Ltd,Online Securities Pvt. Ltd.,10,308.0,3080.0,2025-07-20T12:16:41.54218
2025-07-20,118877,2025072004018007,API,Sani Securities Company Ltd.,Online Securities Pvt. Ltd.,170,308.0,52360.0,2025-07-20T12:16:54.861403
2025-07-20,118802,2025072004018028,API,Thrive Brokerage House Pvt. Ltd,Online Securities Pvt. Ltd.,87,308.0,26796.0,2025-07-20T12:17:05.643766
2025-07-20,118801,2025072004018029,API,Thrive Brokerage House Pvt. Ltd,Agrawal Securities (PVT) Ltd.,15,308.0,4620.0,2025-07-20T12:17:05.644204
2025-07-20,118800,2025072004018030,API,Thrive Brokerage House Pvt. Ltd,Kohinoor Investment & Securities Pvt. Ltd.,38,308.0,11704.0,2025-07-20T12:17:05.644416
2025-07-20,118504,2025072004018136,API,Creative Securities Pvt Ltd,Sumeru Securities Pvt. Ltd.,450,308.2,138690.0,2025-07-20T12:17:37.846839
2025-07-20,118498,2025072004018137,API,Kumari Securities Private Limited,Secured Securities Ltd.,300,309.0,92700.0,2025-07-20T12:17:38.780868
2025-07-20,117541,2025072004018487,API,ABC Securities Private Limited,Secured Securities Ltd.,157,309.0,48513.0,2025-07-20T12:19:04.015118
2025-07-20,117540,2025072004018488,API,ABC Securities Private Limited,Nepal Investment And Securities Trading Private Limited,40,309.0,12360.0,2025-07-20T12:19:04.01599
2025-07-20,117539,2025072004018489,API,ABC Securities Private Limited,Online Securities Pvt. Ltd.,10,309.0,3090.0,2025-07-20T12:19:04.016609
2025-07-20,117538,2025072004018490,API,ABC Securities Private Limited,Property Wiard Limited,83,309.0,25647.0,2025-07-20T12:19:04.017224
2025-07-20,117360,2025072004018561,API,ABC Securities Private Limited,Property Wiard Limited,10,309.0,3090.0,2025-07-20T12:19:20.225707
2025-07-20,117065,2025072004018701,API,Trisul Securities & Invt. Ltd.,Premier Securities Company Ltd.,500,309.7,154850.0,2025-07-20T12:19:42.697826
2025-07-20,117064,2025072004018702,API,Trisul Securities & Invt. Ltd.,Dipshikha Dhitopatra Karobar Co. Pvt Ltd.,100,309.8,30980.0,2025-07-20T12:19:42.698264
2025-07-20,117063,2025072004018703,API,Trisul Securities & Invt. Ltd.,Shree Krishna Securities Ltd.,400,309.8,123920.0,2025-07-20T12:19:42.6985
2025-07-20,116438,2025072004018979,API,Vision Securities Pvt. Ltd,Shree Krishna Securities Ltd.,100,309.8,30980.0,2025-07-20T12:20:29.726865
2025-07-20,116437,2025072004018980,API,Vision Securities Pvt. Ltd,Sani Securities Company Ltd.,190,309.8,58862.0,2025-07-20T12:20:29.72729
2025-07-20,116294,2025072004019018,API,Naasa Securities Co. Ltd.,Agrawal Securities (PVT) Ltd.,11,308.3,3391.3,2025-07-20T12:20:40.763221
2025-07-20,115340,2025072004019253,API,Creative Securities Pvt Ltd,Nepal Investment And Securities Trading Private Limited,10,309.0,3090.0,2025-07-20T12:22:11.026238
2025-07-20,115339,2025072004019254,API,Creative Securities Pvt Ltd,Shree Krishna Securities Ltd.,40,309.0,12360.0,2025-07-20T12:22:11.027118
2025-07-20,115288,2025072004019261,API,Sumeru Securities Pvt. Ltd.,Kumari Securities Private Limited,77,308.4,23746.8,2025-07-20T12:22:16.948478
2025-07-20,115036,2025072004019325,API,Roadshow securities limited,Shree Krishna Securities Ltd.,60,309.0,18540.0,2025-07-20T12:22:39.066261
2025-07-20,114839,2025072004019402,API,Roadshow securities limited,Sani Securities Company Ltd.,25,309.0,7725.0,2025-07-20T12:22:57.577947
2025-07-20,114554,2025072004019497,API,Roadshow securities limited,Ashutosh Brokerage & Securities (PVT) Ltd.,10,309.0,3090.0,2025-07-20T12:23:23.495901
2025-07-20,114320,2025072004019561,API,Roadshow securities limited,Vision Securities Pvt. Ltd,50,309.0,15450.0,2025-07-20T12:23:47.201273
2025-07-20,114314,2025072004019564,API,Roadshow securities limited,Aryatara Investment & Securities,11,309.0,3399.0,2025-07-20T12:23:47.944453
2025-07-20,114165,2025072004019617,API,Roadshow securities limited,Primo Securities (PVT) Ltd.,844,309.0,260796.0,2025-07-20T12:23:54.638161
2025-07-20,114164,2025072004019618,API,Roadshow securities limited,Primo Securities (PVT) Ltd.,156,309.0,48204.0,2025-07-20T12:23:54.638682
2025-07-20,114094,2025072004019631,API,Roadshow securities limited,Kalika Securities Pvt. Ltd.,44,309.0,13596.0,2025-07-20T12:24:05.001434
2025-07-20,113719,2025072004019761,API,Miyo Securities Pvt Ltd,Kalika Securities Pvt. Ltd.,100,309.0,30900.0,2025-07-20T12:24:37.794065
2025-07-20,113371,2025072004019922,API,Thrive Brokerage House Pvt. Ltd,Kalika Securities Pvt. Ltd.,100,309.0,30900.0,2025-07-20T12:25:10.073739
2025-07-20,113153,2025072004020002,API,Naasa Securities Co. Ltd.,Kalika Securities Pvt. Ltd.,20,309.0,6180.0,2025-07-20T12:25:36.393491
2025-07-20,111016,2025072004020821,API,Ashutosh Brokerage & Securities (PVT) Ltd.,Primo Securities (PVT) Ltd.,200,308.5,61700.0,2025-07-20T12:28:20.286141
2025-07-20,111015,2025072004020822,API,Agrawal Securities (PVT) Ltd.,Primo Securities (PVT) Ltd.,60,308.5,18510.0,2025-07-20T12:28:20.287107
2025-07-20,111014,2025072004020823,API,Sumeru Securities Pvt. Ltd.,Primo Securities (PVT) Ltd.,423,308.4,130453.2,2025-07-20T12:28:20.287794
2025-07-20,111013,2025072004020824,API,Thrive Brokerage House Pvt. Ltd,Primo Securities (PVT) Ltd.,817,308.1,251717.7,2025-07-20T12:28:20.288465
2025-07-20,110703,2025072004020896,API,Thrive Brokerage House Pvt. Ltd,Sumeru Securities Pvt. Ltd.,43,308.1,13248.3,2025-07-20T12:28:50.667287
2025-07-20,110702,2025072004020897,API,Naasa Securities Co. Ltd.,Sumeru Securities Pvt. Ltd.,20,308.0,6160.0,2025-07-20T12:28:50.667798
2025-07-20,110701,2025072004020898,API,Midas Stock Broking Company Private Limited,Sumeru Securities Pvt. Ltd.,263,308.0,81004.0,2025-07-20T12:28:50.668057
2025-07-20,110638,2025072004020925,API,Investment Management Nepal Pvt. Ltd.,Kalika Securities Pvt. Ltd.,36,309.0,11124.0,2025-07-20T12:28:58.234414
2025-07-20,110637,2025072004020926,API,Investment Management Nepal Pvt. Ltd.,Vision Securities Pvt. Ltd,100,309.0,30900.0,2025-07-20T12:28:58.235368
2025-07-20,110636,2025072004020927,API,Investment Management Nepal Pvt. Ltd.,Arun Securities (PVT) Ltd.,139,309.0,42951.0,2025-07-20T12:28:58.236021
2025-07-20,110635,2025072004020928,API,Investment Management Nepal Pvt. Ltd.,Property Wiard Limited,25,309.0,7725.0,2025-07-20T12:28:58.236841
2025-07-20,110578,2025072004020947,API,Vision Securities Pvt. Ltd,Property Wiard Limited,145,309.0,44805.0,2025-07-20T12:29:04.993175
2025-07-20,110562,2025072004020952,API,Naasa Securities Co. Ltd.,Aryatara Investment & Securities,6,308.3,1849.8,2025-07-20T12:29:06.454922
2025-07-20,110076,2025072004021118,API,Imperial Securities Company Pvt. Ltd.,South Asian Bulls Pvt. Ltd.,500,308.5,154250.0,2025-07-20T12:29:48.555808
2025-07-20,110032,2025072004021133,API,Bhrikuti Stock Broking Co. Pvt. Ltd.,South Asian Bulls Pvt. Ltd.,500,308.5,154250.0,2025-07-20T12:29:53.515209
2025-07-20,109321,2025072004021339,API,Thrive Brokerage House Pvt. Ltd,Naasa Securities Co. Ltd.,105,308.1,32350.5,2025-07-20T12:31:09.174697
2025-07-20,109099,2025072004021406,API,Thrive Brokerage House Pvt. Ltd,Sajilo Broker Limited,95,308.1,29269.5,2025-07-20T12:31:27.258029
2025-07-20,109098,2025072004021407,API,Midas Stock Broking Company Private Limited,Sajilo Broker Limited,105,308.0,32340.0,2025-07-20T12:31:27.258087
2025-07-20,108796,2025072004021480,API,Midas Stock Broking Company Private Limited,Primo Securities (PVT) Ltd.,1882,308.0,579656.0,2025-07-20T12:31:54.848661
2025-07-20,108795,2025072004021481,API,Malla & Malla Stock Broking Company Pvt. Limited,Primo Securities (PVT) Ltd.,100,308.0,30800.0,2025-07-20T12:31:54.849143
2025-07-20,108794,2025072004021482,API,Sani Securities Company Ltd.,Primo Securities (PVT) Ltd.,200,308.0,61600.0,2025-07-20T12:31:54.849418
2025-07-20,108793,2025072004021483,API,Online Securities Pvt. Ltd.,Primo Securities (PVT) Ltd.,65,308.0,20020.0,2025-07-20T12:31:54.84964
2025-07-20,108792,2025072004021484,API,Deevyaa Securities & Stock House Pvt. Ltd,Primo Securities (PVT) Ltd.,101,308.0,31108.0,2025-07-20T12:31:54.849861
2025-07-20,108715,2025072004021526,API,Kohinoor Investment & Securities Pvt. Ltd.,Primo Securities (PVT) Ltd.,32,308.0,9856.0,2025-07-20T12:32:01.108186
2025-07-20,108237,2025072004021644,API,Bhrikuti Stock Broking Co. Pvt. Ltd.,Primo Securities (PVT) Ltd.,120,308.0,36960.0,2025-07-20T12:32:38.891429
2025-07-20,107818,2025072004021775,API,Trishakti Securities Public Limited,Agrawal Securities (PVT) Ltd.,17,308.1,5237.7,2025-07-20T12:33:19.999514
2025-07-20,107478,2025072004021867,API,Aryatara Investment & Securities,Deevyaa Securities & Stock House Pvt. Ltd,10,308.4,3084.0,2025-07-20T12:33:54.611332
2025-07-20,107477,2025072004021868,API,Aryatara Investment & Securities,Imperial Securities Company Pvt. Ltd.,2,308.5,617.0,2025-07-20T12:33:54.61149
2025-07-20,107385,2025072004021887,API,Miyo Securities Pvt Ltd,South Asian Bulls Pvt. Ltd.,500,308.5,154250.0,2025-07-20T12:34:02.749276
2025-07-20,107076,2025072004021954,API,Primo Securities (PVT) Ltd.,Property Wiard Limited,516,309.0,159444.0,2025-07-20T12:34:33.837621
2025-07-20,106729,2025072004022093,API,Midas Stock Broking Company Private Limited,Property Wiard Limited,64,309.0,19776.0,2025-07-20T12:35:04.290347
2025-07-20,106653,2025072004022114,API,Dakshinkali Investment & Securities Pvt. Ltd.,Property Wiard Limited,100,309.0,30900.0,2025-07-20T12:35:14.713859
2025-07-20,105530,2025072004022420,API,Trishakti Securities Public Limited,Sipla Securities Private Limited,100,308.1,30810.0,2025-07-20T12:37:01.600106
2025-07-20,105115,2025072004022544,API,Trishakti Securities Public Limited,Aryatara Investment & Securities,20,308.1,6162.0,2025-07-20T12:37:43.282039
2025-07-20,103711,2025072004022976,API,Trishakti Securities Public Limited,Sweta Securities Private Limited,300,308.6,92580.0,2025-07-20T12:40:09.615026
2025-07-20,103585,2025072004023005,API,Linch Stock Market Ltd.,Dakshinkali Investment & Securities Pvt. Ltd.,200,308.9,61780.0,2025-07-20T12:40:22.892059
2025-07-20,103584,2025072004023006,API,Linch Stock Market Ltd.,Property Wiard Limited,150,309.0,46350.0,2025-07-20T12:40:22.892594
2025-07-20,103583,2025072004023007,API,Linch Stock Market Ltd.,Linch Stock Market Ltd.,150,309.0,46350.0,2025-07-20T12:40:22.892838
2025-07-20,103137,2025072004023140,API,Nepal Investment And Securities Trading Private Limited,Trisul Securities & Invt. Ltd.,58,308.9,17916.2,2025-07-20T12:41:07.803394
2025-07-20,102749,2025072004023288,API,Trishakti Securities Public Limited,Linch Stock Market Ltd.,13,309.0,4017.0,2025-07-20T12:41:44.955614
2025-07-20,102584,2025072004023336,API,Nepal Investment And Securities Trading Private Limited,K.B.L. Securities Limited ,142,308.9,43863.8,2025-07-20T12:42:03.758296
2025-07-20,102560,2025072004023353,API,Infinity Securities Limited,Linch Stock Market Ltd.,137,309.0,42333.0,2025-07-20T12:42:05.565843
2025-07-20,102559,2025072004023354,API,Infinity Securities Limited,KALASH STOCK MARKET PVT. LTD.,284,309.0,87756.0,2025-07-20T12:42:05.566817
2025-07-20,102558,2025072004023355,API,Infinity Securities Limited,Deevyaa Securities & Stock House Pvt. Ltd,25,309.0,7725.0,2025-07-20T12:42:05.56752
2025-07-20,102557,2025072004023356,API,Infinity Securities Limited,Vision Securities Pvt. Ltd,554,309.0,171186.0,2025-07-20T12:42:05.568216
2025-07-20,102412,2025072004023412,API,Naasa Securities Co. Ltd.,Vision Securities Pvt. Ltd,325,309.0,100425.0,2025-07-20T12:42:20.622134
2025-07-20,102346,2025072004023430,API,APPLE SECURITIES PRIVATE LIMITED,Vision Securities Pvt. Ltd,121,309.0,37389.0,2025-07-20T12:42:28.929187
2025-07-20,102345,2025072004023431,API,APPLE SECURITIES PRIVATE LIMITED,Kumari Securities Private Limited,1000,309.0,309000.0,2025-07-20T12:42:28.929717
2025-07-20,102344,2025072004023432,API,APPLE SECURITIES PRIVATE LIMITED,Dipshikha Dhitopatra Karobar Co. Pvt Ltd.,58,309.0,17922.0,2025-07-20T12:42:28.930155
2025-07-20,102343,2025072004023433,API,APPLE SECURITIES PRIVATE LIMITED,Sweta Securities Private Limited,200,309.0,61800.0,2025-07-20T12:42:28.930507
2025-07-20,102342,2025072004023434,API,APPLE SECURITIES PRIVATE LIMITED,Naasa Securities Co. Ltd.,1600,309.0,494400.0,2025-07-20T12:42:28.930818
2025-07-20,102341,2025072004023435,API,APPLE SECURITIES PRIVATE LIMITED,Trisul Securities & Invt. Ltd.,78,309.0,24102.0,2025-07-20T12:42:28.931142
2025-07-20,102340,2025072004023436,API,APPLE SECURITIES PRIVATE LIMITED,ABC Securities Private Limited,1000,309.0,309000.0,2025-07-20T12:42:28.93146
2025-07-20,102299,2025072004023448,API,APPLE SECURITIES PRIVATE LIMITED,Secured Securities Ltd.,151,309.0,46659.0,2025-07-20T12:42:33.570074
2025-07-20,101933,2025072004023521,API,APPLE SECURITIES PRIVATE LIMITED,K.B.L. Securities Limited ,68,309.0,21012.0,2025-07-20T12:43:05.975847
2025-07-20,101894,2025072004023546,API,APPLE SECURITIES PRIVATE LIMITED,Naasa Securities Co. Ltd.,13,309.0,4017.0,2025-07-20T12:43:10.491485
2025-07-20,101829,2025072004023573,API,Naasa Securities Co. Ltd.,Imperial Securities Company Pvt. Ltd.,500,309.3,154650.0,2025-07-20T12:43:17.759569
2025-07-20,101331,2025072004023732,API,Linch Stock Market Ltd.,Imperial Securities Company Pvt. Ltd.,40,309.3,12372.0,2025-07-20T12:44:01.40726
2025-07-20,101220,2025072004023768,API,Ashutosh Brokerage & Securities (PVT) Ltd.,Imperial Securities Company Pvt. Ltd.,460,309.3,142278.0,2025-07-20T12:44:12.818698
2025-07-20,100976,2025072004023824,API,Trisul Securities & Invt. Ltd.,BHOLE GANESH SECURITIES LTD,500,309.5,154750.0,2025-07-20T12:44:37.464886
2025-07-20,100975,2025072004023825,API,Trisul Securities & Invt. Ltd.,J.F. Securites (PVT) Ltd.,600,309.5,185700.0,2025-07-20T12:44:37.464987
2025-07-20,100974,2025072004023826,API,Trisul Securities & Invt. Ltd.,Sani Securities Company Ltd.,310,309.8,96038.0,2025-07-20T12:44:37.465057
2025-07-20,100973,2025072004023827,API,Trisul Securities & Invt. Ltd.,J.F. Securites (PVT) Ltd.,90,309.8,27882.0,2025-07-20T12:44:37.465142
2025-07-20,100894,2025072004023846,API,Trisul Securities & Invt. Ltd.,J.F. Securites (PVT) Ltd.,210,309.8,65058.0,2025-07-20T12:44:43.585386
2025-07-20,100893,2025072004023847,API,Trisul Securities & Invt. Ltd.,Online Securities Pvt. Ltd.,200,309.9,61980.0,2025-07-20T12:44:43.585437
2025-07-20,100892,2025072004023848,API,Trisul Securities & Invt. Ltd.,Premier Securities Company Ltd.,500,309.9,154950.0,2025-07-20T12:44:43.585464
2025-07-20,100891,2025072004023849,API,Trisul Securities & Invt. Ltd.,Sani Securities Company Ltd.,590,309.9,182841.0,2025-07-20T12:44:43.585488
2025-07-20,100763,2025072004023872,API,Online Securities Pvt. Ltd.,Sani Securities Company Ltd.,100,309.9,30990.0,2025-07-20T12:44:56.926878
2025-07-20,100762,2025072004023873,API,Online Securities Pvt. Ltd.,Deevyaa Securities & Stock House Pvt. Ltd,250,309.9,77475.0,2025-07-20T12:44:56.927388
2025-07-20,100761,2025072004023874,API,Online Securities Pvt. Ltd.,South Asian Bulls Pvt. Ltd.,450,310.0,139500.0,2025-07-20T12:44:56.927632
2025-07-20,100579,2025072004023919,API,Dipshikha Dhitopatra Karobar Co. Pvt Ltd.,Investment Management Nepal Pvt. Ltd.,300,309.5,92850.0,2025-07-20T12:45:13.008223
2025-07-20,100205,2025072004024008,API,Ashutosh Brokerage & Securities (PVT) Ltd.,Siprabi Securities Pvt. Ltd.,200,309.6,61920.0,2025-07-20T12:45:33.279551
2025-07-20,100170,2025072004024022,API,Ashutosh Brokerage & Securities (PVT) Ltd.,Investment Management Nepal Pvt. Ltd.,300,309.6,92880.0,2025-07-20T12:45:37.240006
2025-07-20,100169,2025072004024023,API,Dipshikha Dhitopatra Karobar Co. Pvt Ltd.,Investment Management Nepal Pvt. Ltd.,200,309.5,61900.0,2025-07-20T12:45:37.240494
2025-07-20,99918,2025072004024120,API,Dipshikha Dhitopatra Karobar Co. Pvt Ltd.,Arun Securities (PVT) Ltd.,21,309.5,6499.5,2025-07-20T12:45:59.253623
2025-07-20,99912,2025072004024122,API,Neev Securities Pvt. Ltd.,Primo Securities (PVT) Ltd.,12,309.9,3718.8,2025-07-20T12:46:00.592286
2025-07-20,99817,2025072004024153,API,Dipshikha Dhitopatra Karobar Co. Pvt Ltd.,Swarna Laxmi Securities Pvt. Ltd.,50,309.5,15475.0,2025-07-20T12:46:10.383967
2025-07-20,99736,2025072004024185,API,Dipshikha Dhitopatra Karobar Co. Pvt Ltd.,Naasa Securities Co. Ltd.,429,309.5,132775.5,2025-07-20T12:46:18.41682
2025-07-20,99735,2025072004024186,API,Ashutosh Brokerage & Securities (PVT) Ltd.,Naasa Securities Co. Ltd.,540,309.3,167022.0,2025-07-20T12:46:18.417817
2025-07-20,99734,2025072004024187,API,Dipshikha Dhitopatra Karobar Co. Pvt Ltd.,Naasa Securities Co. Ltd.,100,309.3,30930.0,2025-07-20T12:46:18.418577
2025-07-20,99733,2025072004024188,API,Trisul Securities & Invt. Ltd.,Naasa Securities Co. Ltd.,200,309.1,61820.0,2025-07-20T12:46:18.4193
2025-07-20,99732,2025072004024189,API,Sri Hari Securities Pvt. Ltd.,Naasa Securities Co. Ltd.,63,309.1,19473.3,2025-07-20T12:46:18.420019
2025-07-20,99731,2025072004024190,API,APPLE SECURITIES PRIVATE LIMITED,Naasa Securities Co. Ltd.,5711,309.0,1764699.0,2025-07-20T12:46:18.420745
2025-07-20,99730,2025072004024191,API,Sani Securities Company Ltd.,Naasa Securities Co. Ltd.,13,309.0,4017.0,2025-07-20T12:46:18.421474
2025-07-20,99727,2025072004024192,API,APPLE SECURITIES PRIVATE LIMITED,Naasa Securities Co. Ltd.,5000,309.0,1545000.0,2025-07-20T12:46:18.422198
2025-07-20,99726,2025072004024193,API,Bhrikuti Stock Broking Co. Pvt. Ltd.,Naasa Securities Co. Ltd.,1500,309.0,463500.0,2025-07-20T12:46:18.422795
2025-07-20,99725,2025072004024194,API,Dynamic Money Managers Securities Pvt. Ltd.,Naasa Securities Co. Ltd.,100,309.0,30900.0,2025-07-20T12:46:18.423031
2025-07-20,99439,2025072004024275,API,Imperial Securities Company Pvt. Ltd.,South Asian Bulls Pvt. Ltd.,16,308.9,4942.4,2025-07-20T12:46:46.935938
2025-07-20,99163,2025072004024344,API,Malla & Malla Stock Broking Company Pvt. Limited,Siprabi Securities Pvt. Ltd.,200,308.2,61640.0,2025-07-20T12:47:11.57554
2025-07-20,98982,2025072004024382,API,Ashutosh Brokerage & Securities (PVT) Ltd.,NIMB Stock Markets Limited,500,308.5,154250.0,2025-07-20T12:47:28.790273
2025-07-20,98554,2025072004024467,API,Kumari Securities Private Limited,South Asian Bulls Pvt. Ltd.,50,308.9,15445.0,2025-07-20T12:48:02.661838
2025-07-20,98514,2025072004024470,API,Ashutosh Brokerage & Securities (PVT) Ltd.,South Asian Bulls Pvt. Ltd.,500,308.9,154450.0,2025-07-20T12:48:05.249777
2025-07-20,98366,2025072004024529,API,Ashutosh Brokerage & Securities (PVT) Ltd.,South Asian Bulls Pvt. Ltd.,500,308.9,154450.0,2025-07-20T12:48:19.370909
