Date,S.N.,Contract ID,Symbol,Buyer Broker,Seller Broker,quantity,rate,amount,transaction_time
2025-07-20,177984,2025072003000066,GRDBL,Vision Securities Pvt. Ltd,Online Securities Pvt. Ltd.,55,1485.0,81675.0,2025-07-20T10:46:00.087337
2025-07-20,177844,2025072003000110,GRDBL,Trishakti Securities Public Limited,Hatemalo Financial Services Private Limited,10,1456.0,14560.0,2025-07-20T11:00:30.837306
2025-07-20,175571,2025072003000631,GRDBL,Sewa Securities Pvt. Ltd.,Sani Securities Company Ltd.,50,1466.2,73310.0,2025-07-20T11:04:02.736079
2025-07-20,175570,2025072003000632,GRDBL,SHUBHAKAMANA SECURITIES PVT. LTD,Sani Securities Company Ltd.,14,1465.0,20510.0,2025-07-20T11:04:02.736204
2025-07-20,175209,2025072003000711,GRDBL,Dipshikha Dhitopatra Karobar Co. Pvt Ltd.,Miyo Securities Pvt Ltd,10,1485.0,14850.0,2025-07-20T11:04:28.171136
2025-07-20,175208,2025072003000712,GRDBL,Dipshikha Dhitopatra Karobar Co. Pvt Ltd.,Sewa Securities Pvt. Ltd.,50,1485.0,74250.0,2025-07-20T11:04:28.171188
2025-07-20,175150,2025072003000725,GRDBL,SHUBHAKAMANA SECURITIES PVT. LTD,Hatemalo Financial Services Private Limited,10,1465.0,14650.0,2025-07-20T11:04:33.325084
2025-07-20,173243,2025072003001124,GRDBL,Imperial Securities Company Pvt. Ltd.,Online Securities Pvt. Ltd.,10,1466.1,14661.0,2025-07-20T11:06:37.880795
2025-07-20,172649,2025072003001288,GRDBL,Imperial Securities Company Pvt. Ltd.,ABC Securities Private Limited,62,1467.0,90954.0,2025-07-20T11:07:16.827253
2025-07-20,172648,2025072003001289,GRDBL,Imperial Securities Company Pvt. Ltd.,ABC Securities Private Limited,28,1466.1,41050.8,2025-07-20T11:07:16.827308
2025-07-20,172602,2025072003001297,GRDBL,Naasa Securities Co. Ltd.,ABC Securities Private Limited,15,1466.1,21991.5,2025-07-20T11:07:19.287705
2025-07-20,172177,2025072003001401,GRDBL,Dipshikha Dhitopatra Karobar Co. Pvt Ltd.,ABC Securities Private Limited,32,1466.1,46915.2,2025-07-20T11:07:43.449301
2025-07-20,171864,2025072003001475,GRDBL,Imperial Securities Company Pvt. Ltd.,Ashutosh Brokerage & Securities (PVT) Ltd.,20,1475.0,29500.0,2025-07-20T11:08:03.782003
2025-07-20,171792,2025072003001484,GRDBL,Cristal Kanchanjanga Securites Pvt. Ltd.,Hatemalo Financial Services Private Limited,10,1467.0,14670.0,2025-07-20T11:08:09.758555
2025-07-20,169276,2025072003002139,GRDBL,Trishakti Securities Public Limited,Nepal Investment And Securities Trading Private Limited,10,1470.0,14700.0,2025-07-20T11:10:47.540692
2025-07-20,169140,2025072003002171,GRDBL,Cristal Kanchanjanga Securites Pvt. Ltd.,Hatemalo Financial Services Private Limited,10,1467.0,14670.0,2025-07-20T11:10:58.070239
2025-07-20,168127,2025072003002365,GRDBL,Citizens Share Broker Limited,Kumari Securities Private Limited,100,1470.0,147000.0,2025-07-20T11:12:05.786078
2025-07-20,167907,2025072003002432,GRDBL,Citizens Share Broker Limited,Neev Securities Pvt. Ltd.,300,1470.0,441000.0,2025-07-20T11:12:23.259615
2025-07-20,167564,2025072003002529,GRDBL,NIMB Stock Markets Limited,Sewa Securities Pvt. Ltd.,50,1470.1,73505.0,2025-07-20T11:12:45.783875
2025-07-20,166870,2025072003002668,GRDBL,SHUBHAKAMANA SECURITIES PVT. LTD,Linch Stock Market Ltd.,100,1471.0,147100.0,2025-07-20T11:13:34.469653
2025-07-20,166869,2025072003002669,GRDBL,NIMB Stock Markets Limited,Linch Stock Market Ltd.,400,1470.1,588040.0,2025-07-20T11:13:34.469739
2025-07-20,166798,2025072003002690,GRDBL,Cristal Kanchanjanga Securites Pvt. Ltd.,Shree Krishna Securities Ltd.,100,1471.0,147100.0,2025-07-20T11:13:40.541212
2025-07-20,166699,2025072003002706,GRDBL,Cristal Kanchanjanga Securites Pvt. Ltd.,Nepal Investment And Securities Trading Private Limited,40,1472.0,58880.0,2025-07-20T11:13:47.310244
2025-07-20,166606,2025072003002721,GRDBL,Cristal Kanchanjanga Securites Pvt. Ltd.,Linch Stock Market Ltd.,460,1472.0,677120.0,2025-07-20T11:13:55.749306
2025-07-20,166605,2025072003002722,GRDBL,NIMB Stock Markets Limited,Linch Stock Market Ltd.,40,1470.1,58804.0,2025-07-20T11:13:55.749418
2025-07-20,166392,2025072003002788,GRDBL,Naasa Securities Co. Ltd.,Online Securities Pvt. Ltd.,10,1479.9,14799.0,2025-07-20T11:14:13.489648
2025-07-20,166356,2025072003002799,GRDBL,NIMB Stock Markets Limited,Hatemalo Financial Services Private Limited,10,1470.1,14701.0,2025-07-20T11:14:16.866449
2025-07-20,166217,2025072003002833,GRDBL,Linch Stock Market Ltd.,Naasa Securities Co. Ltd.,20,1480.0,29600.0,2025-07-20T11:14:28.103964
2025-07-20,166216,2025072003002834,GRDBL,Linch Stock Market Ltd.,Aryatara Investment & Securities,30,1490.0,44700.0,2025-07-20T11:14:28.104004
2025-07-20,166162,2025072003002849,GRDBL,Citizens Share Broker Limited,Hatemalo Financial Services Private Limited,10,1470.0,14700.0,2025-07-20T11:14:30.913156
2025-07-20,165198,2025072003003031,GRDBL,Nagarik Stock Dealer ,Linch Stock Market Ltd.,74,1471.0,108854.0,2025-07-20T11:15:40.419778
2025-07-20,165197,2025072003003032,GRDBL,Citizens Share Broker Limited,Linch Stock Market Ltd.,518,1470.0,761460.0,2025-07-20T11:15:40.419821
2025-07-20,163912,2025072003003354,GRDBL,Citizens Share Broker Limited,Nepal Stock House (PVT) Ltd.,72,1470.0,105840.0,2025-07-20T11:16:54.299987
2025-07-20,163826,2025072003003368,GRDBL,SHUBHAKAMANA SECURITIES PVT. LTD,Hatemalo Financial Services Private Limited,10,1466.0,14660.0,2025-07-20T11:16:59.383101
2025-07-20,163111,2025072003003504,GRDBL,Imperial Securities Company Pvt. Ltd.,Prabhu Stock Market Limited,11,1467.0,16137.0,2025-07-20T11:17:43.410961
2025-07-20,161836,2025072003003801,GRDBL,Imperial Securities Company Pvt. Ltd.,J.F. Securites (PVT) Ltd.,10,1467.0,14670.0,2025-07-20T11:19:07.517061
2025-07-20,158962,2025072003004464,GRDBL,Dipshikha Dhitopatra Karobar Co. Pvt Ltd.,Kumari Securities Private Limited,10,1470.0,14700.0,2025-07-20T11:22:18.320823
2025-07-20,154658,2025072003005465,GRDBL,Dipshikha Dhitopatra Karobar Co. Pvt Ltd.,Aryatara Investment & Securities,30,1470.0,44100.0,2025-07-20T11:27:18.478296
2025-07-20,154570,2025072003005497,GRDBL,Online Securities Pvt. Ltd.,Hatemalo Financial Services Private Limited,10,1467.1,14671.0,2025-07-20T11:27:27.340503
2025-07-20,154398,2025072003005537,GRDBL,SHUBHAKAMANA SECURITIES PVT. LTD,ABC Securities Private Limited,43,1466.0,63038.0,2025-07-20T11:27:37.766948
2025-07-20,154292,2025072003005568,GRDBL,SHUBHAKAMANA SECURITIES PVT. LTD,ABC Securities Private Limited,10,1466.0,14660.0,2025-07-20T11:27:44.830266
2025-07-20,153416,2025072003005806,GRDBL,SHUBHAKAMANA SECURITIES PVT. LTD,SUN SECURITIES PVT LTD,13,1466.0,19058.0,2025-07-20T11:28:45.358935
2025-07-20,153415,2025072003005807,GRDBL,SHUBHAKAMANA SECURITIES PVT. LTD,SUN SECURITIES PVT LTD,100,1466.0,146600.0,2025-07-20T11:28:45.35903
2025-07-20,153414,2025072003005808,GRDBL,J.F. Securites (PVT) Ltd.,SUN SECURITIES PVT LTD,30,1465.0,43950.0,2025-07-20T11:28:45.359082
2025-07-20,153020,2025072003005919,GRDBL,J.F. Securites (PVT) Ltd.,Sewa Securities Pvt. Ltd.,20,1465.0,29300.0,2025-07-20T11:29:15.190748
2025-07-20,153019,2025072003005920,GRDBL,NIMB Stock Markets Limited,Sewa Securities Pvt. Ltd.,30,1459.0,43770.0,2025-07-20T11:29:15.190926
2025-07-20,152440,2025072003006059,GRDBL,Imperial Securities Company Pvt. Ltd.,Himalayan Securities Limited,10,1460.0,14600.0,2025-07-20T11:29:54.775909
2025-07-20,152439,2025072003006060,GRDBL,NIMB Stock Markets Limited,Himalayan Securities Limited,970,1459.0,1415230.0,2025-07-20T11:29:54.775947
2025-07-20,152438,2025072003006061,GRDBL,SHUBHAKAMANA SECURITIES PVT. LTD,Himalayan Securities Limited,500,1458.0,729000.0,2025-07-20T11:29:54.775973
2025-07-20,152437,2025072003006062,GRDBL,Trishakti Securities Public Limited,Himalayan Securities Limited,50,1456.0,72800.0,2025-07-20T11:29:54.775995
2025-07-20,152436,2025072003006063,GRDBL,Online Securities Pvt. Ltd.,Himalayan Securities Limited,154,1456.0,224224.0,2025-07-20T11:29:54.776017
2025-07-20,152435,2025072003006064,GRDBL,Sweta Securities Private Limited,Himalayan Securities Limited,316,1456.0,460096.0,2025-07-20T11:29:54.77605
2025-07-20,149857,2025072003006689,GRDBL,Naasa Securities Co. Ltd.,Creative Securities Pvt Ltd,20,1465.0,29300.0,2025-07-20T11:33:05.339384
2025-07-20,149779,2025072003006706,GRDBL,Nepal Stock House (PVT) Ltd.,Hatemalo Financial Services Private Limited,10,1456.1,14561.0,2025-07-20T11:33:10.484146
2025-07-20,149666,2025072003006730,GRDBL,Naasa Securities Co. Ltd.,Creative Securities Pvt Ltd,10,1465.0,14650.0,2025-07-20T11:33:21.002351
2025-07-20,149590,2025072003006736,GRDBL,Nepal Stock House (PVT) Ltd.,Hatemalo Financial Services Private Limited,10,1456.1,14561.0,2025-07-20T11:33:25.543939
2025-07-20,148585,2025072003006974,GRDBL,Pragyan Securities (PVT) Ltd.,Indira securities pvt. ltd,40,1460.0,58400.0,2025-07-20T11:34:44.590312
2025-07-20,148228,2025072003007046,GRDBL,Imperial Securities Company Pvt. Ltd.,Indira securities pvt. ltd,10,1460.0,14600.0,2025-07-20T11:35:07.63679
2025-07-20,147901,2025072003007107,GRDBL,Cristal Kanchanjanga Securites Pvt. Ltd.,Indira securities pvt. ltd,150,1460.0,219000.0,2025-07-20T11:35:30.013578
2025-07-20,147500,2025072003007216,GRDBL,Nepal Stock House (PVT) Ltd.,Hatemalo Financial Services Private Limited,10,1457.3,14573.0,2025-07-20T11:35:53.831449
2025-07-20,146156,2025072003007492,GRDBL,Nepal Stock House (PVT) Ltd.,Sani Securities Company Ltd.,40,1457.3,58292.0,2025-07-20T11:37:33.97936
2025-07-20,146155,2025072003007493,GRDBL,SHUBHAKAMANA SECURITIES PVT. LTD,Sani Securities Company Ltd.,13,1457.0,18941.0,2025-07-20T11:37:33.979444
2025-07-20,145895,2025072003007552,GRDBL,SHUBHAKAMANA SECURITIES PVT. LTD,Online Securities Pvt. Ltd.,100,1457.0,145700.0,2025-07-20T11:37:52.739072
2025-07-20,145447,2025072003007635,GRDBL,SHUBHAKAMANA SECURITIES PVT. LTD,Kohinoor Investment & Securities Pvt. Ltd.,10,1457.0,14570.0,2025-07-20T11:38:25.390141
2025-07-20,144793,2025072003007778,GRDBL,Dipshikha Dhitopatra Karobar Co. Pvt Ltd.,Creative Securities Pvt Ltd,20,1465.0,29300.0,2025-07-20T11:39:17.009518
2025-07-20,144489,2025072003007837,GRDBL,SHUBHAKAMANA SECURITIES PVT. LTD,Hatemalo Financial Services Private Limited,10,1457.0,14570.0,2025-07-20T11:39:38.69722
2025-07-20,144044,2025072003007942,GRDBL,Sumeru Securities Pvt. Ltd.,Kohinoor Investment & Securities Pvt. Ltd.,10,1469.0,14690.0,2025-07-20T11:40:17.039506
2025-07-20,143961,2025072003007969,GRDBL,Deevyaa Securities & Stock House Pvt. Ltd,Hatemalo Financial Services Private Limited,10,1460.0,14600.0,2025-07-20T11:40:21.141954
2025-07-20,142702,2025072003008265,GRDBL,Dipshikha Dhitopatra Karobar Co. Pvt Ltd.,Online Securities Pvt. Ltd.,40,1461.0,58440.0,2025-07-20T11:41:56.478202
2025-07-20,140812,2025072003008694,GRDBL,Online Securities Pvt. Ltd.,Online Securities Pvt. Ltd.,10,1461.3,14613.0,2025-07-20T11:43:51.289433
2025-07-20,140811,2025072003008695,GRDBL,Sani Securities Company Ltd.,Online Securities Pvt. Ltd.,35,1461.2,51142.0,2025-07-20T11:43:51.289518
2025-07-20,140577,2025072003008750,GRDBL,SHUBHAKAMANA SECURITIES PVT. LTD,Kohinoor Investment & Securities Pvt. Ltd.,67,1469.0,98423.0,2025-07-20T11:44:04.933694
2025-07-20,139823,2025072003008949,GRDBL,ABC Securities Private Limited,Hatemalo Financial Services Private Limited,10,1462.0,14620.0,2025-07-20T11:44:58.159333
2025-07-20,131451,2025072003010799,GRDBL,Citizens Share Broker Limited,Online Securities Pvt. Ltd.,100,1463.0,146300.0,2025-07-20T11:55:39.40051
2025-07-20,131418,2025072003010801,GRDBL,Thrive Brokerage House Pvt. Ltd,ABC Securities Private Limited,50,1465.0,73250.0,2025-07-20T11:55:42.808738
2025-07-20,129247,2025072003011282,GRDBL,Sani Securities Company Ltd.,Himalayan Brokerage Company Limited,20,1466.0,29320.0,2025-07-20T11:59:28.5551
2025-07-20,129224,2025072003011287,GRDBL,Sani Securities Company Ltd.,Kohinoor Investment & Securities Pvt. Ltd.,13,1466.0,19058.0,2025-07-20T11:59:30.565963
2025-07-20,127820,2025072003011582,GRDBL,Thrive Brokerage House Pvt. Ltd,Aryatara Investment & Securities,150,1470.0,220500.0,2025-07-20T12:01:36.828899
2025-07-20,127697,2025072003011613,GRDBL,Sani Securities Company Ltd.,Hatemalo Financial Services Private Limited,10,1466.0,14660.0,2025-07-20T12:01:49.613246
2025-07-20,127404,2025072003011682,GRDBL,BHOLE GANESH SECURITIES LTD,Aryatara Investment & Securities,120,1470.0,176400.0,2025-07-20T12:02:23.725454
2025-07-20,127403,2025072003011683,GRDBL,BHOLE GANESH SECURITIES LTD,ABC Securities Private Limited,10,1470.0,14700.0,2025-07-20T12:02:23.725575
2025-07-20,127350,2025072003011695,GRDBL,Sani Securities Company Ltd.,Hatemalo Financial Services Private Limited,10,1466.0,14660.0,2025-07-20T12:02:31.744118
2025-07-20,122228,2025072003012948,GRDBL,Sani Securities Company Ltd.,Nepal Stock House (PVT) Ltd.,52,1466.0,76232.0,2025-07-20T12:11:23.90027
2025-07-20,122021,2025072003012995,GRDBL,Sani Securities Company Ltd.,Sundhara Securities Limited,16,1466.0,23456.0,2025-07-20T12:11:47.738106
2025-07-20,121103,2025072003013203,GRDBL,Sani Securities Company Ltd.,Naasa Securities Co. Ltd.,30,1466.0,43980.0,2025-07-20T12:13:24.075009
2025-07-20,112714,2025072003014827,GRDBL,SHUBHAKAMANA SECURITIES PVT. LTD,ABC Securities Private Limited,50,1474.0,73700.0,2025-07-20T12:26:13.902603
2025-07-20,112713,2025072003014828,GRDBL,SHUBHAKAMANA SECURITIES PVT. LTD,Sani Securities Company Ltd.,10,1475.0,14750.0,2025-07-20T12:26:13.902647
2025-07-20,112712,2025072003014829,GRDBL,SHUBHAKAMANA SECURITIES PVT. LTD,ABC Securities Private Limited,10,1475.0,14750.0,2025-07-20T12:26:13.902675
2025-07-20,112711,2025072003014830,GRDBL,SHUBHAKAMANA SECURITIES PVT. LTD,Kalika Securities Pvt. Ltd.,23,1475.0,33925.0,2025-07-20T12:26:13.902699
2025-07-20,111925,2025072003014963,GRDBL,Hatemalo Financial Services Private Limited,Aryatara Investment & Securities,600,1478.8,887280.0,2025-07-20T12:27:11.147782
2025-07-20,111781,2025072003014976,GRDBL,Hatemalo Financial Services Private Limited,Himalayan Brokerage Company Limited,1194,1478.8,1765687.2,2025-07-20T12:27:18.272293
2025-07-20,111007,2025072003015114,GRDBL,ABC Securities Private Limited,Agrawal Securities (PVT) Ltd.,14,1478.9,20704.6,2025-07-20T12:28:20.973364
2025-07-20,110104,2025072003015265,GRDBL,Hatemalo Financial Services Private Limited,Asian Securities Private Ltd.,357,1478.8,527931.6,2025-07-20T12:29:43.093222
2025-07-20,110012,2025072003015279,GRDBL,Asian Securities Private Ltd.,Agrawal Securities (PVT) Ltd.,86,1478.9,127185.4,2025-07-20T12:29:56.183688
2025-07-20,110011,2025072003015280,GRDBL,Asian Securities Private Ltd.,Nepal Stock House (PVT) Ltd.,80,1479.0,118320.0,2025-07-20T12:29:56.183823
2025-07-20,110010,2025072003015281,GRDBL,Asian Securities Private Ltd.,Deevyaa Securities & Stock House Pvt. Ltd,70,1479.0,103530.0,2025-07-20T12:29:56.183893
2025-07-20,110009,2025072003015282,GRDBL,Asian Securities Private Ltd.,Naasa Securities Co. Ltd.,10,1480.0,14800.0,2025-07-20T12:29:56.183941
2025-07-20,109935,2025072003015301,GRDBL,Hatemalo Financial Services Private Limited,Infinity Securities Limited,13,1483.0,19279.0,2025-07-20T12:30:03.056434
2025-07-20,109934,2025072003015302,GRDBL,Hatemalo Financial Services Private Limited,ABC Securities Private Limited,10,1485.0,14850.0,2025-07-20T12:30:03.056549
2025-07-20,109933,2025072003015303,GRDBL,Hatemalo Financial Services Private Limited,Swarna Laxmi Securities Pvt. Ltd.,53,1485.0,78705.0,2025-07-20T12:30:03.056649
2025-07-20,109932,2025072003015304,GRDBL,Hatemalo Financial Services Private Limited,Siprabi Securities Pvt. Ltd.,53,1488.0,78864.0,2025-07-20T12:30:03.05675
2025-07-20,109931,2025072003015305,GRDBL,Hatemalo Financial Services Private Limited,Aryatara Investment & Securities,20,1490.0,29800.0,2025-07-20T12:30:03.056834
2025-07-20,109930,2025072003015306,GRDBL,Hatemalo Financial Services Private Limited,ABC Securities Private Limited,50,1490.0,74500.0,2025-07-20T12:30:03.056932
2025-07-20,109929,2025072003015307,GRDBL,Hatemalo Financial Services Private Limited,Indira securities pvt. ltd,101,1491.0,150591.0,2025-07-20T12:30:03.057062
2025-07-20,108186,2025072003015791,GRDBL,Sani Securities Company Ltd.,Indira securities pvt. ltd,399,1491.0,594909.0,2025-07-20T12:32:43.017456
2025-07-20,107765,2025072003015844,GRDBL,Hatemalo Financial Services Private Limited,Nepal Stock House (PVT) Ltd.,10,1493.0,14930.0,2025-07-20T12:33:26.680385
2025-07-20,107571,2025072003015880,GRDBL,Sani Securities Company Ltd.,Trishakti Securities Public Limited,40,1491.0,59640.0,2025-07-20T12:33:47.521702
2025-07-20,107228,2025072003015995,GRDBL,Sani Securities Company Ltd.,Indira securities pvt. ltd,60,1491.0,89460.0,2025-07-20T12:34:14.318627
2025-07-20,106782,2025072003016076,GRDBL,Hatemalo Financial Services Private Limited,Indira securities pvt. ltd,40,1491.0,59640.0,2025-07-20T12:34:58.998052
2025-07-20,106781,2025072003016077,GRDBL,Hatemalo Financial Services Private Limited,Nepal Stock House (PVT) Ltd.,70,1493.0,104510.0,2025-07-20T12:34:58.998095
2025-07-20,106780,2025072003016078,GRDBL,Hatemalo Financial Services Private Limited,KALASH STOCK MARKET PVT. LTD.,10,1494.0,14940.0,2025-07-20T12:34:58.998123
2025-07-20,102428,2025072003017026,GRDBL,KALASH STOCK MARKET PVT. LTD.,S.P.S.A. Securities Limited,100,1481.0,148100.0,2025-07-20T12:42:20.029361
2025-07-20,102427,2025072003017027,GRDBL,Asian Securities Private Ltd.,S.P.S.A. Securities Limited,150,1480.0,222000.0,2025-07-20T12:42:20.029507
2025-07-20,100214,2025072003017657,GRDBL,Asian Securities Private Ltd.,Trademow Securities Private Limited,20,1480.0,29600.0,2025-07-20T12:45:32.8285
2025-07-20,97798,2025072003018175,GRDBL,Asian Securities Private Ltd.,Siprabi Securities Pvt. Ltd.,84,1480.0,124320.0,2025-07-20T12:49:01.47259
2025-07-20,97797,2025072003018176,GRDBL,KALASH STOCK MARKET PVT. LTD.,Siprabi Securities Pvt. Ltd.,80,1480.0,118400.0,2025-07-20T12:49:01.472634
2025-07-20,97796,2025072003018177,GRDBL,Hatemalo Financial Services Private Limited,Siprabi Securities Pvt. Ltd.,136,1480.0,201280.0,2025-07-20T12:49:01.472661
2025-07-20,96941,2025072003018424,GRDBL,KALASH STOCK MARKET PVT. LTD.,Sani Securities Company Ltd.,100,1485.0,148500.0,2025-07-20T12:50:13.873827
2025-07-20,95158,2025072003018769,GRDBL,Pragyan Securities (PVT) Ltd.,S.P.S.A. Securities Limited,80,1485.0,118800.0,2025-07-20T12:52:39.501955
2025-07-20,93629,2025072003019071,GRDBL,Hatemalo Financial Services Private Limited,Sewa Securities Pvt. Ltd.,10,1490.0,14900.0,2025-07-20T12:54:45.1965
2025-07-20,93090,2025072003019185,GRDBL,S.P.S.A. Securities Limited,S.P.S.A. Securities Limited,5,1460.2,7301.0,2025-07-20T12:55:34.324887
2025-07-20,90805,2025072003019688,GRDBL,Indira securities pvt. ltd,Shree Krishna Securities Ltd.,11,1480.1,16281.1,2025-07-20T12:58:30.391224
2025-07-20,89707,2025072003019959,GRDBL,Hatemalo Financial Services Private Limited,Sewa Securities Pvt. Ltd.,10,1490.0,14900.0,2025-07-20T13:00:08.240882
2025-07-20,86963,2025072003020616,GRDBL,Indira securities pvt. ltd,Sweta Securities Private Limited,189,1480.1,279738.9,2025-07-20T13:04:01.160199
2025-07-20,86962,2025072003020617,GRDBL,Hatemalo Financial Services Private Limited,Sweta Securities Private Limited,1311,1480.0,1940280.0,2025-07-20T13:04:01.160338
2025-07-20,86680,2025072003020683,GRDBL,Hatemalo Financial Services Private Limited,Linch Stock Market Ltd.,400,1480.0,592000.0,2025-07-20T13:04:28.818733
2025-07-20,86591,2025072003020706,GRDBL,Hatemalo Financial Services Private Limited,Online Securities Pvt. Ltd.,100,1480.0,148000.0,2025-07-20T13:04:37.058956
2025-07-20,85319,2025072003021022,GRDBL,Hatemalo Financial Services Private Limited,Sewa Securities Pvt. Ltd.,10,1490.0,14900.0,2025-07-20T13:06:36.488668
2025-07-20,85037,2025072003021085,GRDBL,Hatemalo Financial Services Private Limited,S.P.S.A. Securities Limited,2390,1480.0,3537200.0,2025-07-20T13:07:03.410259
2025-07-20,85033,2025072003021086,GRDBL,Hatemalo Financial Services Private Limited,KALASH STOCK MARKET PVT. LTD.,1000,1480.0,1480000.0,2025-07-20T13:07:03.7933
2025-07-20,83973,2025072003021286,GRDBL,Hatemalo Financial Services Private Limited,Sewa Securities Pvt. Ltd.,10,1490.0,14900.0,2025-07-20T13:08:36.908226
2025-07-20,83841,2025072003021306,GRDBL,Kohinoor Investment & Securities Pvt. Ltd.,KALASH STOCK MARKET PVT. LTD.,200,1481.0,296200.0,2025-07-20T13:08:49.233423
2025-07-20,83840,2025072003021307,GRDBL,Hatemalo Financial Services Private Limited,KALASH STOCK MARKET PVT. LTD.,750,1480.0,1110000.0,2025-07-20T13:08:49.233557
2025-07-20,82819,2025072003021532,GRDBL,Swarna Laxmi Securities Pvt. Ltd.,Hatemalo Financial Services Private Limited,10,1470.0,14700.0,2025-07-20T13:10:22.258929
2025-07-20,81069,2025072003021904,GRDBL,KALASH STOCK MARKET PVT. LTD.,Kohinoor Investment & Securities Pvt. Ltd.,10,1471.0,14710.0,2025-07-20T13:13:00.292799
2025-07-20,74276,2025072003023692,GRDBL,Hatemalo Financial Services Private Limited,Sani Securities Company Ltd.,10,1486.0,14860.0,2025-07-20T13:23:02.126337
2025-07-20,66948,2025072003025340,GRDBL,SHUBHAKAMANA SECURITIES PVT. LTD,Sani Securities Company Ltd.,50,1486.0,74300.0,2025-07-20T13:37:27.757806
2025-07-20,66261,2025072003025487,GRDBL,Aryatara Investment & Securities,Sani Securities Company Ltd.,70,1486.0,104020.0,2025-07-20T13:39:06.333089
2025-07-20,66260,2025072003025488,GRDBL,Aryatara Investment & Securities,Investment Management Nepal Pvt. Ltd.,17,1486.0,25262.0,2025-07-20T13:39:06.333353
2025-07-20,66259,2025072003025489,GRDBL,Aryatara Investment & Securities,Deevyaa Securities & Stock House Pvt. Ltd,13,1486.0,19318.0,2025-07-20T13:39:06.333531
2025-07-20,65223,2025072003025864,GRDBL,Creative Securities Pvt Ltd,Deevyaa Securities & Stock House Pvt. Ltd,40,1486.0,59440.0,2025-07-20T13:41:08.712014
2025-07-20,65091,2025072003025894,GRDBL,SHUBHAKAMANA SECURITIES PVT. LTD,Sewa Securities Pvt. Ltd.,10,1490.0,14900.0,2025-07-20T13:41:23.552563
2025-07-20,65090,2025072003025895,GRDBL,SHUBHAKAMANA SECURITIES PVT. LTD,Investment Management Nepal Pvt. Ltd.,40,1490.0,59600.0,2025-07-20T13:41:23.552655
2025-07-20,65015,2025072003025912,GRDBL,Creative Securities Pvt Ltd,Investment Management Nepal Pvt. Ltd.,10,1490.0,14900.0,2025-07-20T13:41:34.845959
2025-07-20,61673,2025072003026824,GRDBL,KALASH STOCK MARKET PVT. LTD.,Imperial Securities Company Pvt. Ltd.,10,1481.0,14810.0,2025-07-20T13:48:12.955879
2025-07-20,61672,2025072003026825,GRDBL,Asian Securities Private Ltd.,Imperial Securities Company Pvt. Ltd.,100,1481.0,148100.0,2025-07-20T13:48:12.956185
2025-07-20,61671,2025072003026826,GRDBL,Asian Securities Private Ltd.,Imperial Securities Company Pvt. Ltd.,100,1480.0,148000.0,2025-07-20T13:48:12.956447
2025-07-20,61670,2025072003026827,GRDBL,Asian Securities Private Ltd.,Imperial Securities Company Pvt. Ltd.,100,1479.0,147900.0,2025-07-20T13:48:12.95664
2025-07-20,60723,2025072003027075,GRDBL,Asian Securities Private Ltd.,Imperial Securities Company Pvt. Ltd.,40,1479.0,59160.0,2025-07-20T13:50:06.710832
2025-07-20,60358,2025072003027157,GRDBL,Asian Securities Private Ltd.,Midas Stock Broking Company Private Limited,60,1479.0,88740.0,2025-07-20T13:50:50.003029
2025-07-20,60357,2025072003027158,GRDBL,Asian Securities Private Ltd.,Midas Stock Broking Company Private Limited,100,1478.0,147800.0,2025-07-20T13:50:50.003184
2025-07-20,60356,2025072003027159,GRDBL,NIMB Stock Markets Limited,Midas Stock Broking Company Private Limited,240,1477.0,354480.0,2025-07-20T13:50:50.003245
2025-07-20,60073,2025072003027213,GRDBL,Hatemalo Financial Services Private Limited,Dynamic Money Managers Securities Pvt. Ltd.,10,1485.0,14850.0,2025-07-20T13:51:21.187742
2025-07-20,58575,2025072003027505,GRDBL,NIMB Stock Markets Limited,Hatemalo Financial Services Private Limited,260,1477.0,384020.0,2025-07-20T13:53:55.742126
2025-07-20,58574,2025072003027506,GRDBL,SHUBHAKAMANA SECURITIES PVT. LTD,Hatemalo Financial Services Private Limited,300,1477.0,443100.0,2025-07-20T13:53:55.742206
2025-07-20,58573,2025072003027507,GRDBL,NIMB Stock Markets Limited,Hatemalo Financial Services Private Limited,700,1477.0,1033900.0,2025-07-20T13:53:55.742286
2025-07-20,58572,2025072003027508,GRDBL,Sani Securities Company Ltd.,Hatemalo Financial Services Private Limited,500,1475.1,737550.0,2025-07-20T13:53:55.742361
2025-07-20,58476,2025072003027519,GRDBL,Sani Securities Company Ltd.,Hatemalo Financial Services Private Limited,15,1472.0,22080.0,2025-07-20T13:54:04.773202
2025-07-20,58475,2025072003027520,GRDBL,KALASH STOCK MARKET PVT. LTD.,Hatemalo Financial Services Private Limited,100,1471.0,147100.0,2025-07-20T13:54:04.773269
2025-07-20,58474,2025072003027521,GRDBL,Nepal Stock House (PVT) Ltd.,Hatemalo Financial Services Private Limited,25,1467.0,36675.0,2025-07-20T13:54:04.773304
2025-07-20,58473,2025072003027522,GRDBL,Linch Stock Market Ltd.,Hatemalo Financial Services Private Limited,10,1466.0,14660.0,2025-07-20T13:54:04.773332
2025-07-20,58211,2025072003027591,GRDBL,Linch Stock Market Ltd.,Sundhara Securities Limited,10,1466.0,14660.0,2025-07-20T13:54:36.114568
2025-07-20,58210,2025072003027592,GRDBL,Citizens Share Broker Limited,Sundhara Securities Limited,490,1466.0,718340.0,2025-07-20T13:54:36.11485
2025-07-20,50852,2025072003029134,GRDBL,Hatemalo Financial Services Private Limited,Siprabi Securities Pvt. Ltd.,10,1475.0,14750.0,2025-07-20T14:07:21.466913
2025-07-20,49694,2025072003029355,GRDBL,Sundhara Securities Limited,Thrive Brokerage House Pvt. Ltd,1,1450.0,1450.0,2025-07-20T14:09:02.824599
2025-07-20,49109,2025072003029619,GRDBL,Sundhara Securities Limited,Sundhara Securities Limited,1,1470.0,1470.0,2025-07-20T14:09:56.213461
2025-07-20,48567,2025072003029728,GRDBL,Sundhara Securities Limited,Kalika Securities Pvt. Ltd.,1,1475.0,1475.0,2025-07-20T14:10:43.648622
2025-07-20,47970,2025072003029842,GRDBL,SHUBHAKAMANA SECURITIES PVT. LTD,Dynamic Money Managers Securities Pvt. Ltd.,110,1474.0,162140.0,2025-07-20T14:11:43.564259
2025-07-20,47969,2025072003029843,GRDBL,SHUBHAKAMANA SECURITIES PVT. LTD,Siprabi Securities Pvt. Ltd.,60,1475.0,88500.0,2025-07-20T14:11:43.564552
2025-07-20,46278,2025072003030190,GRDBL,Sani Securities Company Ltd.,Premier Securities Company Ltd.,19,1475.0,28025.0,2025-07-20T14:14:11.635541
2025-07-20,46277,2025072003030191,GRDBL,Sani Securities Company Ltd.,Himalayan Brokerage Company Limited,96,1475.0,141600.0,2025-07-20T14:14:11.635677
2025-07-20,44372,2025072003030663,GRDBL,SHUBHAKAMANA SECURITIES PVT. LTD,Himalayan Brokerage Company Limited,54,1468.4,79293.6,2025-07-20T14:17:29.073321
2025-07-20,42609,2025072003031063,GRDBL,SHUBHAKAMANA SECURITIES PVT. LTD,Agrawal Securities (PVT) Ltd.,50,1468.4,73420.0,2025-07-20T14:20:56.20388
2025-07-20,42003,2025072003031173,GRDBL,SHUBHAKAMANA SECURITIES PVT. LTD,Online Securities Pvt. Ltd.,100,1468.4,146840.0,2025-07-20T14:21:56.662941
2025-07-20,41685,2025072003031250,GRDBL,SHUBHAKAMANA SECURITIES PVT. LTD,Imperial Securities Company Pvt. Ltd.,126,1468.4,185018.4,2025-07-20T14:22:35.309162
2025-07-20,40921,2025072003031446,GRDBL,Dipshikha Dhitopatra Karobar Co. Pvt Ltd.,Kohinoor Investment & Securities Pvt. Ltd.,409,1468.1,600452.9,2025-07-20T14:23:58.709493
2025-07-20,39820,2025072003031661,GRDBL,Thrive Brokerage House Pvt. Ltd,Kohinoor Investment & Securities Pvt. Ltd.,50,1468.1,73405.0,2025-07-20T14:25:39.692129
2025-07-20,39367,2025072003031800,GRDBL,SHUBHAKAMANA SECURITIES PVT. LTD,Kohinoor Investment & Securities Pvt. Ltd.,41,1468.1,60192.1,2025-07-20T14:26:15.958967
2025-07-20,39278,2025072003031823,GRDBL,SHUBHAKAMANA SECURITIES PVT. LTD,Bhrikuti Stock Broking Co. Pvt. Ltd.,49,1467.1,71887.9,2025-07-20T14:26:24.72542
2025-07-20,38809,2025072003032006,GRDBL,SHUBHAKAMANA SECURITIES PVT. LTD,Investment Management Nepal Pvt. Ltd.,50,1474.0,73700.0,2025-07-20T14:26:55.112321
2025-07-20,38808,2025072003032007,GRDBL,SHUBHAKAMANA SECURITIES PVT. LTD,Nepal Stock House (PVT) Ltd.,20,1474.0,29480.0,2025-07-20T14:26:55.112483
2025-07-20,38807,2025072003032008,GRDBL,SHUBHAKAMANA SECURITIES PVT. LTD,Cristal Kanchanjanga Securites Pvt. Ltd.,10,1474.0,14740.0,2025-07-20T14:26:55.112565
2025-07-20,35641,2025072003032754,GRDBL,Hatemalo Financial Services Private Limited,Imperial Securities Company Pvt. Ltd.,10,1479.0,14790.0,2025-07-20T14:30:38.169342
2025-07-20,35056,2025072003032898,GRDBL,SHUBHAKAMANA SECURITIES PVT. LTD,Imperial Securities Company Pvt. Ltd.,34,1479.0,50286.0,2025-07-20T14:31:13.279987
2025-07-20,35055,2025072003032899,GRDBL,SHUBHAKAMANA SECURITIES PVT. LTD,Sewa Securities Pvt. Ltd.,150,1480.0,222000.0,2025-07-20T14:31:13.280098
2025-07-20,33365,2025072003033274,GRDBL,Hatemalo Financial Services Private Limited,Sumeru Securities Pvt. Ltd.,10,1485.0,14850.0,2025-07-20T14:32:59.727593
2025-07-20,32564,2025072003033450,GRDBL,Neev Securities Pvt. Ltd.,Nepal Stock House (PVT) Ltd.,10,1471.0,14710.0,2025-07-20T14:33:56.818357
2025-07-20,32254,2025072003033539,GRDBL,Linch Stock Market Ltd.,Sumeru Securities Pvt. Ltd.,13,1485.0,19305.0,2025-07-20T14:34:19.951743
2025-07-20,31826,2025072003033641,GRDBL,Neev Securities Pvt. Ltd.,Imperial Securities Company Pvt. Ltd.,50,1471.0,73550.0,2025-07-20T14:34:51.446287
2025-07-20,31781,2025072003033654,GRDBL,Neev Securities Pvt. Ltd.,Nepal Stock House (PVT) Ltd.,10,1471.0,14710.0,2025-07-20T14:34:54.8102
2025-07-20,31746,2025072003033663,GRDBL,SHUBHAKAMANA SECURITIES PVT. LTD,Sumeru Securities Pvt. Ltd.,30,1485.0,44550.0,2025-07-20T14:34:57.606461
2025-07-20,31745,2025072003033664,GRDBL,SHUBHAKAMANA SECURITIES PVT. LTD,KALASH STOCK MARKET PVT. LTD.,35,1488.9,52111.5,2025-07-20T14:34:57.606733
2025-07-20,31744,2025072003033665,GRDBL,SHUBHAKAMANA SECURITIES PVT. LTD,Imperial Securities Company Pvt. Ltd.,100,1488.9,148890.0,2025-07-20T14:34:57.606945
2025-07-20,31743,2025072003033666,GRDBL,SHUBHAKAMANA SECURITIES PVT. LTD,Trisul Securities & Invt. Ltd.,35,1489.0,52115.0,2025-07-20T14:34:57.607158
2025-07-20,29284,2025072003034238,GRDBL,Deevyaa Securities & Stock House Pvt. Ltd,Trisul Securities & Invt. Ltd.,18,1489.0,26802.0,2025-07-20T14:37:33.648983
2025-07-20,29283,2025072003034239,GRDBL,Deevyaa Securities & Stock House Pvt. Ltd,Aryatara Investment & Securities,50,1489.0,74450.0,2025-07-20T14:37:33.649292
2025-07-20,28563,2025072003034451,GRDBL,Hatemalo Financial Services Private Limited,Kumari Securities Private Limited,10,1489.0,14890.0,2025-07-20T14:38:20.822982
2025-07-20,28562,2025072003034452,GRDBL,Hatemalo Financial Services Private Limited,Trishakti Securities Public Limited,10,1490.0,14900.0,2025-07-20T14:38:20.823103
2025-07-20,28484,2025072003034462,GRDBL,Deevyaa Securities & Stock House Pvt. Ltd,Trishakti Securities Public Limited,10,1490.0,14900.0,2025-07-20T14:38:26.11457
2025-07-20,28483,2025072003034463,GRDBL,Deevyaa Securities & Stock House Pvt. Ltd,Sani Securities Company Ltd.,22,1490.0,32780.0,2025-07-20T14:38:26.114719
2025-07-20,27822,2025072003034606,GRDBL,NIMB Stock Markets Limited,South Asian Bulls Pvt. Ltd.,100,1472.0,147200.0,2025-07-20T14:39:06.975135
2025-07-20,26255,2025072003034952,GRDBL,Deevyaa Securities & Stock House Pvt. Ltd,Hatemalo Financial Services Private Limited,20,1473.0,29460.0,2025-07-20T14:40:37.302181
2025-07-20,26254,2025072003034953,GRDBL,NIMB Stock Markets Limited,Hatemalo Financial Services Private Limited,437,1472.0,643264.0,2025-07-20T14:40:37.302238
2025-07-20,26253,2025072003034954,GRDBL,SHUBHAKAMANA SECURITIES PVT. LTD,Hatemalo Financial Services Private Limited,1000,1471.1,1471100.0,2025-07-20T14:40:37.302264
2025-07-20,26252,2025072003034955,GRDBL,Neev Securities Pvt. Ltd.,Hatemalo Financial Services Private Limited,420,1471.0,617820.0,2025-07-20T14:40:37.302287
2025-07-20,26106,2025072003034989,GRDBL,Hatemalo Financial Services Private Limited,Swarna Laxmi Securities Pvt. Ltd.,10,1489.0,14890.0,2025-07-20T14:40:45.331834
2025-07-20,20300,2025072003036433,GRDBL,Midas Stock Broking Company Private Limited,Online Securities Pvt. Ltd.,30,1468.0,44040.0,2025-07-20T14:46:12.693627
2025-07-20,20299,2025072003036434,GRDBL,Deevyaa Securities & Stock House Pvt. Ltd,Online Securities Pvt. Ltd.,10,1467.0,14670.0,2025-07-20T14:46:12.69378
2025-07-20,20298,2025072003036435,GRDBL,SHUBHAKAMANA SECURITIES PVT. LTD,Online Securities Pvt. Ltd.,51,1467.0,74817.0,2025-07-20T14:46:12.693841
2025-07-20,19162,2025072003036652,GRDBL,Hatemalo Financial Services Private Limited,Kumari Securities Private Limited,10,1483.0,14830.0,2025-07-20T14:47:10.422931
2025-07-20,19161,2025072003036653,GRDBL,Hatemalo Financial Services Private Limited,KALASH STOCK MARKET PVT. LTD.,10,1484.0,14840.0,2025-07-20T14:47:10.422978
2025-07-20,15669,2025072003037559,GRDBL,Aryatara Investment & Securities,Naasa Securities Co. Ltd.,50,1467.0,73350.0,2025-07-20T14:50:01.45615
2025-07-20,14964,2025072003037743,GRDBL,Aryatara Investment & Securities,Imperial Securities Company Pvt. Ltd.,50,1467.0,73350.0,2025-07-20T14:50:33.28402
2025-07-20,13567,2025072003038075,GRDBL,KALASH STOCK MARKET PVT. LTD.,Naasa Securities Co. Ltd.,10,1466.4,14664.0,2025-07-20T14:51:42.136015
2025-07-20,13226,2025072003038176,GRDBL,Sundhara Securities Limited,Deevyaa Securities & Stock House Pvt. Ltd,10,1466.2,14662.0,2025-07-20T14:51:56.607376
2025-07-20,13225,2025072003038177,GRDBL,Citizens Share Broker Limited,Deevyaa Securities & Stock House Pvt. Ltd,170,1466.0,249220.0,2025-07-20T14:51:56.607519
2025-07-20,13213,2025072003038185,GRDBL,Blue Chip Securities Ltd,Nepal Investment And Securities Trading Private Limited,50,1482.0,74100.0,2025-07-20T14:51:57.109738
2025-07-20,13212,2025072003038186,GRDBL,Blue Chip Securities Ltd,Bhrikuti Stock Broking Co. Pvt. Ltd.,100,1483.0,148300.0,2025-07-20T14:51:57.109869
2025-07-20,13211,2025072003038187,GRDBL,Blue Chip Securities Ltd,KALASH STOCK MARKET PVT. LTD.,290,1484.0,430360.0,2025-07-20T14:51:57.109964
2025-07-20,13210,2025072003038188,GRDBL,Blue Chip Securities Ltd,Agrawal Securities (PVT) Ltd.,10,1484.0,14840.0,2025-07-20T14:51:57.110073
2025-07-20,13209,2025072003038189,GRDBL,Blue Chip Securities Ltd,Kohinoor Investment & Securities Pvt. Ltd.,86,1485.0,127710.0,2025-07-20T14:51:57.110171
2025-07-20,13208,2025072003038190,GRDBL,Blue Chip Securities Ltd,Kohinoor Investment & Securities Pvt. Ltd.,30,1485.0,44550.0,2025-07-20T14:51:57.110239
2025-07-20,13207,2025072003038191,GRDBL,Blue Chip Securities Ltd,Sewa Securities Pvt. Ltd.,50,1487.8,74390.0,2025-07-20T14:51:57.110329
2025-07-20,13206,2025072003038192,GRDBL,Blue Chip Securities Ltd,South Asian Bulls Pvt. Ltd.,13,1487.9,19342.7,2025-07-20T14:51:57.110409
2025-07-20,13205,2025072003038193,GRDBL,Blue Chip Securities Ltd,Kohinoor Investment & Securities Pvt. Ltd.,95,1488.0,141360.0,2025-07-20T14:51:57.110478
2025-07-20,13204,2025072003038194,GRDBL,Blue Chip Securities Ltd,Naasa Securities Co. Ltd.,10,1489.0,14890.0,2025-07-20T14:51:57.110547
2025-07-20,13203,2025072003038195,GRDBL,Blue Chip Securities Ltd,ABC Securities Private Limited,10,1489.0,14890.0,2025-07-20T14:51:57.11064
2025-07-20,13202,2025072003038196,GRDBL,Blue Chip Securities Ltd,Kohinoor Investment & Securities Pvt. Ltd.,10,1489.0,14890.0,2025-07-20T14:51:57.110729
2025-07-20,13201,2025072003038197,GRDBL,Blue Chip Securities Ltd,ABC Securities Private Limited,10,1489.0,14890.0,2025-07-20T14:51:57.110788
2025-07-20,13200,2025072003038198,GRDBL,Blue Chip Securities Ltd,Sani Securities Company Ltd.,30,1490.0,44700.0,2025-07-20T14:51:57.110873
2025-07-20,13199,2025072003038199,GRDBL,Blue Chip Securities Ltd,Sani Securities Company Ltd.,52,1490.0,77480.0,2025-07-20T14:51:57.110942
2025-07-20,13198,2025072003038200,GRDBL,Blue Chip Securities Ltd,Kohinoor Investment & Securities Pvt. Ltd.,20,1490.0,29800.0,2025-07-20T14:51:57.111
2025-07-20,13197,2025072003038201,GRDBL,Blue Chip Securities Ltd,Linch Stock Market Ltd.,134,1490.0,199660.0,2025-07-20T14:51:57.111105
2025-07-20,4726,2025072003040085,GRDBL,Sewa Securities Pvt. Ltd.,ABC Securities Private Limited,50,1467.3,73365.0,2025-07-20T14:57:57.220927
2025-07-20,4725,2025072003040086,GRDBL,Kohinoor Investment & Securities Pvt. Ltd.,ABC Securities Private Limited,15,1467.2,22008.0,2025-07-20T14:57:57.221066
2025-07-20,3289,2025072003040435,GRDBL,Kohinoor Investment & Securities Pvt. Ltd.,Sundhara Securities Limited,15,1467.2,22008.0,2025-07-20T14:58:44.988531
2025-07-20,3288,2025072003040436,GRDBL,Sweta Securities Private Limited,Sundhara Securities Limited,84,1467.2,123244.8,2025-07-20T14:58:44.98866
2025-07-20,3287,2025072003040437,GRDBL,Citizens Share Broker Limited,Sundhara Securities Limited,101,1466.0,148066.0,2025-07-20T14:58:44.988731
2025-07-20,2836,2025072003040545,GRDBL,Citizens Share Broker Limited,Aryatara Investment & Securities,19,1466.0,27854.0,2025-07-20T14:58:59.418312
2025-07-20,2353,2025072003040649,GRDBL,Citizens Share Broker Limited,Oxford Securities Pvt. Ltd.,130,1466.0,190580.0,2025-07-20T14:59:13.177765
2025-07-20,1393,2025072003040843,GRDBL,Citizens Share Broker Limited,Indira securities pvt. ltd,30,1466.0,43980.0,2025-07-20T14:59:34.21093
2025-07-20,1075,2025072003040936,GRDBL,Hatemalo Financial Services Private Limited,Imperial Securities Company Pvt. Ltd.,10,1475.0,14750.0,2025-07-20T14:59:41.312427
