Date,S.N.,Contract ID,Symbol,Buyer Broker,Seller Broker,quantity,rate,amount,transaction_time
2025-07-22,176376,2025072204000161,API,Kohinoor Investment & Securities Pvt. Ltd.,Investment Management Nepal Pvt. Ltd.,500,304.0,152000.0,2025-07-22 11:02:05.561900
2025-07-22,175428,2025072204000399,API,Sri Hari Securities Pvt. Ltd.,Ashutosh Brokerage & Securities (PVT) Ltd.,50,307.0,15350.0,2025-07-22 11:04:07.316532
2025-07-22,174755,2025072204000542,API,Kohinoor Investment & Securities Pvt. Ltd.,Online Securities Pvt. Ltd.,100,305.0,30500.0,2025-07-22 11:05:20.556908
2025-07-22,174686,2025072204000559,API,Kohinoor Investment & Securities Pvt. Ltd.,Premier Securities Company Ltd.,35,305.0,10675.0,2025-07-22 11:05:24.833487
2025-07-22,173967,2025072204000712,API,Sumeru Securities Pvt. Ltd.,Naasa Securities Co. Ltd.,50,306.0,15300.0,2025-07-22 11:06:36.901386
2025-07-22,173966,2025072204000713,API,Sumeru Securities Pvt. Ltd.,Nepal Investment And Securities Trading Private Limited,50,306.0,15300.0,2025-07-22 11:06:36.901511
2025-07-22,173874,2025072204000734,API,Kohinoor Investment & Securities Pvt. Ltd.,Arun Securities (PVT) Ltd.,865,305.0,263825.0,2025-07-22 11:06:48.137451
2025-07-22,173755,2025072204000779,API,Sumeru Securities Pvt. Ltd.,Arun Securities (PVT) Ltd.,100,305.0,30500.0,2025-07-22 11:07:01.009536
2025-07-22,173736,2025072204000786,API,Naasa Securities Co. Ltd.,Arun Securities (PVT) Ltd.,10,305.0,3050.0,2025-07-22 11:07:03.298485
2025-07-22,173574,2025072204000820,API,Sri Hari Securities Pvt. Ltd.,Arun Securities (PVT) Ltd.,10,305.0,3050.0,2025-07-22 11:07:20.977427
2025-07-22,173115,2025072204000935,API,Sani Securities Company Ltd.,Arun Securities (PVT) Ltd.,15,305.0,4575.0,2025-07-22 11:08:06.799990
2025-07-22,173114,2025072204000936,API,Sani Securities Company Ltd.,Nepal Investment And Securities Trading Private Limited,485,305.0,147925.0,2025-07-22 11:08:06.800200
2025-07-22,173086,2025072204000940,API,Online Securities Pvt. Ltd.,Nepal Investment And Securities Trading Private Limited,39,305.0,11895.0,2025-07-22 11:08:09.440662
2025-07-22,173083,2025072204000942,API,Vision Securities Pvt. Ltd,Nepal Stock House (PVT) Ltd.,30,305.0,9150.0,2025-07-22 11:08:09.472745
2025-07-22,172885,2025072204000993,API,Sumeru Securities Pvt. Ltd.,Nepal Stock House (PVT) Ltd.,200,305.0,61000.0,2025-07-22 11:08:27.635546
2025-07-22,172031,2025072204001176,API,Sundhara Securities Limited,Vision Securities Pvt. Ltd,52,304.1,15813.2,2025-07-22 11:09:44.303125
2025-07-22,171560,2025072204001292,API,Imperial Securities Company Pvt. Ltd.,Sweta Securities Private Limited,500,304.2,152100.0,2025-07-22 11:10:32.448867
2025-07-22,171554,2025072204001293,API,Sundhara Securities Limited,Opal Securities Investment (PVT) Ltd.,98,304.1,29801.8,2025-07-22 11:10:32.668977
2025-07-22,171553,2025072204001294,API,Sani Securities Company Ltd.,Opal Securities Investment (PVT) Ltd.,500,304.1,152050.0,2025-07-22 11:10:32.669180
2025-07-22,171552,2025072204001295,API,Secured Securities Ltd.,Opal Securities Investment (PVT) Ltd.,1000,304.1,304100.0,2025-07-22 11:10:32.669259
2025-07-22,171551,2025072204001296,API,Dipshikha Dhitopatra Karobar Co. Pvt Ltd.,Opal Securities Investment (PVT) Ltd.,126,304.0,38304.0,2025-07-22 11:10:32.669338
2025-07-22,171550,2025072204001297,API,Linch Stock Market Ltd.,Opal Securities Investment (PVT) Ltd.,200,304.0,60800.0,2025-07-22 11:10:32.669403
2025-07-22,171549,2025072204001298,API,Naasa Securities Co. Ltd.,Opal Securities Investment (PVT) Ltd.,1277,304.0,388208.0,2025-07-22 11:10:32.669464
2025-07-22,170577,2025072204001538,API,Sani Securities Company Ltd.,Nepal Stock House (PVT) Ltd.,70,305.0,21350.0,2025-07-22 11:11:57.745831
2025-07-22,170376,2025072204001587,API,Sumeru Securities Pvt. Ltd.,ABC Securities Private Limited,500,305.9,152950.0,2025-07-22 11:12:16.591019
2025-07-22,170134,2025072204001620,API,Sumeru Securities Pvt. Ltd.,J.F. Securites (PVT) Ltd.,12,306.0,3672.0,2025-07-22 11:12:35.261445
2025-07-22,170133,2025072204001621,API,Sumeru Securities Pvt. Ltd.,Aryatara Investment & Securities,488,306.0,149328.0,2025-07-22 11:12:35.261506
2025-07-22,170095,2025072204001626,API,Sani Securities Company Ltd.,Sweta Securities Private Limited,430,305.0,131150.0,2025-07-22 11:12:40.229232
2025-07-22,170094,2025072204001627,API,Sani Securities Company Ltd.,Sweta Securities Private Limited,70,305.0,21350.0,2025-07-22 11:12:40.229464
2025-07-22,170074,2025072204001637,API,Bhrikuti Stock Broking Co. Pvt. Ltd.,Aryatara Investment & Securities,512,306.0,156672.0,2025-07-22 11:12:43.189265
2025-07-22,169927,2025072204001661,API,Bhrikuti Stock Broking Co. Pvt. Ltd.,Dynamic Money Managers Securities Pvt. Ltd.,488,306.0,149328.0,2025-07-22 11:12:59.366394
2025-07-22,169483,2025072204001757,API,Sani Securities Company Ltd.,Siprabi Securities Pvt. Ltd.,30,305.0,9150.0,2025-07-22 11:13:49.014623
2025-07-22,169145,2025072204001851,API,Sani Securities Company Ltd.,Cristal Kanchanjanga Securites Pvt. Ltd.,800,305.0,244000.0,2025-07-22 11:14:12.752860
2025-07-22,168824,2025072204001928,API,Sweta Securities Private Limited,Naasa Securities Co. Ltd.,30,306.0,9180.0,2025-07-22 11:14:43.877431
2025-07-22,168525,2025072204002007,API,ABC Securities Private Limited,Naasa Securities Co. Ltd.,30,305.7,9171.0,2025-07-22 11:15:13.782563
2025-07-22,167785,2025072204002172,API,Imperial Securities Company Pvt. Ltd.,Imperial Securities Company Pvt. Ltd.,32,306.0,9792.0,2025-07-22 11:16:24.481529
2025-07-22,167716,2025072204002180,API,ABC Securities Private Limited,Sani Securities Company Ltd.,10,305.7,3057.0,2025-07-22 11:16:29.162209
2025-07-22,167544,2025072204002231,API,ABC Securities Private Limited,Trisul Securities & Invt. Ltd.,100,305.7,30570.0,2025-07-22 11:16:44.082047
2025-07-22,167450,2025072204002249,API,Dipshikha Dhitopatra Karobar Co. Pvt Ltd.,Imperial Securities Company Pvt. Ltd.,11,306.0,3366.0,2025-07-22 11:16:56.653102
2025-07-22,167449,2025072204002250,API,Dipshikha Dhitopatra Karobar Co. Pvt Ltd.,Bhrikuti Stock Broking Co. Pvt. Ltd.,330,306.0,100980.0,2025-07-22 11:16:56.653352
2025-07-22,167083,2025072204002360,API,Dipshikha Dhitopatra Karobar Co. Pvt Ltd.,Naasa Securities Co. Ltd.,159,306.0,48654.0,2025-07-22 11:17:35.566225
2025-07-22,166972,2025072204002382,API,Sani Securities Company Ltd.,Naasa Securities Co. Ltd.,91,306.0,27846.0,2025-07-22 11:17:46.731755
2025-07-22,166645,2025072204002466,API,ABC Securities Private Limited,Sweta Securities Private Limited,60,305.7,18342.0,2025-07-22 11:18:21.556914
2025-07-22,166644,2025072204002467,API,J.F. Securites (PVT) Ltd.,Sweta Securities Private Limited,440,305.7,134508.0,2025-07-22 11:18:21.557286
2025-07-22,166428,2025072204002533,API,J.F. Securites (PVT) Ltd.,Dynamic Money Managers Securities Pvt. Ltd.,1012,305.7,309368.4,2025-07-22 11:18:40.156406
2025-07-22,166245,2025072204002582,API,Cristal Kanchanjanga Securites Pvt. Ltd.,Naasa Securities Co. Ltd.,250,306.0,76500.0,2025-07-22 11:19:00.162526
2025-07-22,166244,2025072204002583,API,Cristal Kanchanjanga Securites Pvt. Ltd.,Elite Stock House Limited,150,306.0,45900.0,2025-07-22 11:19:00.162767
2025-07-22,166243,2025072204002584,API,Cristal Kanchanjanga Securites Pvt. Ltd.,Cristal Kanchanjanga Securites Pvt. Ltd.,100,306.0,30600.0,2025-07-22 11:19:00.162855
2025-07-22,166163,2025072204002605,API,J.F. Securites (PVT) Ltd.,Arun Securities (PVT) Ltd.,1500,305.7,458550.0,2025-07-22 11:19:08.772531
2025-07-22,166137,2025072204002611,API,Sweta Securities Private Limited,Dakshinkali Investment & Securities Pvt. Ltd.,10,306.0,3060.0,2025-07-22 11:19:11.949847
2025-07-22,166129,2025072204002616,API,Bhrikuti Stock Broking Co. Pvt. Ltd.,Dakshinkali Investment & Securities Pvt. Ltd.,490,306.0,149940.0,2025-07-22 11:19:12.639328
2025-07-22,165881,2025072204002679,API,Bhrikuti Stock Broking Co. Pvt. Ltd.,Online Securities Pvt. Ltd.,10,306.0,3060.0,2025-07-22 11:19:38.056366
2025-07-22,165880,2025072204002680,API,Sani Securities Company Ltd.,Online Securities Pvt. Ltd.,90,306.0,27540.0,2025-07-22 11:19:38.056597
2025-07-22,165429,2025072204002785,API,Bhrikuti Stock Broking Co. Pvt. Ltd.,Kohinoor Investment & Securities Pvt. Ltd.,235,306.0,71910.0,2025-07-22 11:20:25.536938
2025-07-22,165040,2025072204002888,API,Linch Stock Market Ltd.,ABC Securities Private Limited,200,306.0,61200.0,2025-07-22 11:21:01.773754
2025-07-22,164917,2025072204002913,API,Oxford Securities Pvt. Ltd.,ABC Securities Private Limited,35,306.0,10710.0,2025-07-22 11:21:10.206818
2025-07-22,164916,2025072204002914,API,Oxford Securities Pvt. Ltd.,Sri Hari Securities Pvt. Ltd.,185,306.0,56610.0,2025-07-22 11:21:10.207063
2025-07-22,164915,2025072204002915,API,Oxford Securities Pvt. Ltd.,Primo Securities (PVT) Ltd.,228,306.0,69768.0,2025-07-22 11:21:10.207171
2025-07-22,164761,2025072204002951,API,J.F. Securites (PVT) Ltd.,Oxford Securities Pvt. Ltd.,48,305.7,14673.6,2025-07-22 11:21:22.271499
2025-07-22,164760,2025072204002952,API,Sundhara Securities Limited,Oxford Securities Pvt. Ltd.,30,305.6,9168.0,2025-07-22 11:21:22.271748
2025-07-22,164759,2025072204002953,API,Dipshikha Dhitopatra Karobar Co. Pvt Ltd.,Oxford Securities Pvt. Ltd.,1422,305.0,433710.0,2025-07-22 11:21:22.271848
2025-07-22,164562,2025072204002984,API,Dipshikha Dhitopatra Karobar Co. Pvt Ltd.,Sani Securities Company Ltd.,78,305.0,23790.0,2025-07-22 11:21:34.929161
2025-07-22,164561,2025072204002985,API,Agrawal Securities (PVT) Ltd.,Sani Securities Company Ltd.,922,305.0,281210.0,2025-07-22 11:21:34.929403
2025-07-22,164279,2025072204003056,API,Oxford Securities Pvt. Ltd.,Primo Securities (PVT) Ltd.,10,306.0,3060.0,2025-07-22 11:21:56.586415
2025-07-22,163948,2025072204003136,API,Agrawal Securities (PVT) Ltd.,Siprabi Securities Pvt. Ltd.,50,305.0,15250.0,2025-07-22 11:22:27.469358
2025-07-22,163924,2025072204003143,API,Agrawal Securities (PVT) Ltd.,ABC Securities Private Limited,28,305.0,8540.0,2025-07-22 11:22:29.318098
2025-07-22,163923,2025072204003144,API,Capital Max Securities Ltd,ABC Securities Private Limited,13,305.0,3965.0,2025-07-22 11:22:29.318381
2025-07-22,163922,2025072204003145,API,Aryatara Investment & Securities,ABC Securities Private Limited,50,305.0,15250.0,2025-07-22 11:22:29.318481
2025-07-22,163921,2025072204003146,API,Trishakti Securities Public Limited,ABC Securities Private Limited,88,305.0,26840.0,2025-07-22 11:22:29.318570
2025-07-22,163920,2025072204003147,API,J.F. Securites (PVT) Ltd.,ABC Securities Private Limited,350,305.0,106750.0,2025-07-22 11:22:29.318661
2025-07-22,163489,2025072204003254,API,Siprabi Securities Pvt. Ltd.,Sweta Securities Private Limited,500,304.1,152050.0,2025-07-22 11:23:06.361763
2025-07-22,163209,2025072204003344,API,Naasa Securities Co. Ltd.,ABC Securities Private Limited,50,305.0,15250.0,2025-07-22 11:23:32.063223
2025-07-22,163208,2025072204003345,API,Naasa Securities Co. Ltd.,Opal Securities Investment (PVT) Ltd.,11,305.0,3355.0,2025-07-22 11:23:32.063457
2025-07-22,162948,2025072204003427,API,Naasa Securities Co. Ltd.,Market Securities & Exchange (PVT) Ltd.,89,305.0,27145.0,2025-07-22 11:23:54.629126
2025-07-22,162839,2025072204003436,API,ABC Securities Private Limited,Market Securities & Exchange (PVT) Ltd.,65,305.0,19825.0,2025-07-22 11:24:01.991965
2025-07-22,162838,2025072204003437,API,ABC Securities Private Limited,Ashutosh Brokerage & Securities (PVT) Ltd.,17,305.9,5200.3,2025-07-22 11:24:01.992194
2025-07-22,162837,2025072204003438,API,ABC Securities Private Limited,Arun Securities (PVT) Ltd.,418,305.9,127866.2,2025-07-22 11:24:01.992333
2025-07-22,162792,2025072204003446,API,Dipshikha Dhitopatra Karobar Co. Pvt Ltd.,Arun Securities (PVT) Ltd.,150,305.9,45885.0,2025-07-22 11:24:06.692665
2025-07-22,162718,2025072204003468,API,ABC Securities Private Limited,Arun Securities (PVT) Ltd.,432,305.9,132148.8,2025-07-22 11:24:10.046473
2025-07-22,162717,2025072204003469,API,ABC Securities Private Limited,Primo Securities (PVT) Ltd.,12,306.0,3672.0,2025-07-22 11:24:10.046726
2025-07-22,162716,2025072204003470,API,ABC Securities Private Limited,Linch Stock Market Ltd.,56,306.0,17136.0,2025-07-22 11:24:10.046834
2025-07-22,162595,2025072204003492,API,ABC Securities Private Limited,Sri Hari Securities Pvt. Ltd.,65,305.0,19825.0,2025-07-22 11:24:22.120289
2025-07-22,162016,2025072204003641,API,Sundhara Securities Limited,ABC Securities Private Limited,13,304.9,3963.7,2025-07-22 11:25:17.166078
2025-07-22,161771,2025072204003705,API,Sani Securities Company Ltd.,ABC Securities Private Limited,30,304.9,9147.0,2025-07-22 11:25:44.901310
2025-07-22,161245,2025072204003804,API,Arun Securities (PVT) Ltd.,Kohinoor Investment & Securities Pvt. Ltd.,10,304.0,3040.0,2025-07-22 11:26:31.416953
2025-07-22,161244,2025072204003805,API,Trishakti Securities Public Limited,Kohinoor Investment & Securities Pvt. Ltd.,490,304.0,148960.0,2025-07-22 11:26:31.417459
2025-07-22,161111,2025072204003846,API,NIMB Stock Markets Limited,KALASH STOCK MARKET PVT. LTD.,361,304.5,109924.5,2025-07-22 11:26:43.369983
2025-07-22,161028,2025072204003863,API,NIMB Stock Markets Limited,Opal Securities Investment (PVT) Ltd.,100,304.5,30450.0,2025-07-22 11:26:50.313616
2025-07-22,160583,2025072204003975,API,NIMB Stock Markets Limited,Kohinoor Investment & Securities Pvt. Ltd.,150,304.5,45675.0,2025-07-22 11:27:37.706483
2025-07-22,160293,2025072204004017,API,NIMB Stock Markets Limited,ABC Securities Private Limited,200,304.5,60900.0,2025-07-22 11:28:09.737142
2025-07-22,160291,2025072204004018,API,NIMB Stock Markets Limited,Swarna Laxmi Securities Pvt. Ltd.,27,304.5,8221.5,2025-07-22 11:28:09.872353
2025-07-22,160243,2025072204004036,API,Vision Securities Pvt. Ltd,ABC Securities Private Limited,1457,304.9,444239.3,2025-07-22 11:28:14.838792
2025-07-22,160242,2025072204004037,API,Vision Securities Pvt. Ltd,Prabhu Stock Market Limited,500,304.9,152450.0,2025-07-22 11:28:14.839289
2025-07-22,160241,2025072204004038,API,Vision Securities Pvt. Ltd,Deevyaa Securities & Stock House Pvt. Ltd,30,305.0,9150.0,2025-07-22 11:28:14.839611
2025-07-22,160240,2025072204004039,API,Vision Securities Pvt. Ltd,Thrive Brokerage House Pvt. Ltd,100,305.0,30500.0,2025-07-22 11:28:14.839980
2025-07-22,160239,2025072204004040,API,Vision Securities Pvt. Ltd,Dipshikha Dhitopatra Karobar Co. Pvt Ltd.,50,305.0,15250.0,2025-07-22 11:28:14.840383
2025-07-22,160238,2025072204004041,API,Vision Securities Pvt. Ltd,Linch Stock Market Ltd.,934,306.0,285804.0,2025-07-22 11:28:14.840769
2025-07-22,160237,2025072204004042,API,Vision Securities Pvt. Ltd,Naasa Securities Co. Ltd.,467,306.0,142902.0,2025-07-22 11:28:14.841170
2025-07-22,160236,2025072204004043,API,Vision Securities Pvt. Ltd,Thrive Brokerage House Pvt. Ltd,200,306.0,61200.0,2025-07-22 11:28:14.841592
2025-07-22,160235,2025072204004044,API,Vision Securities Pvt. Ltd,Creative Securities Pvt Ltd,135,306.0,41310.0,2025-07-22 11:28:14.841971
2025-07-22,160234,2025072204004045,API,Vision Securities Pvt. Ltd,Thrive Brokerage House Pvt. Ltd,100,306.0,30600.0,2025-07-22 11:28:14.842407
2025-07-22,160233,2025072204004046,API,Vision Securities Pvt. Ltd,Nepal Stock House (PVT) Ltd.,400,306.0,122400.0,2025-07-22 11:28:14.842888
2025-07-22,160232,2025072204004047,API,Vision Securities Pvt. Ltd,Dakshinkali Investment & Securities Pvt. Ltd.,600,306.0,183600.0,2025-07-22 11:28:14.843286
2025-07-22,160101,2025072204004085,API,Vision Securities Pvt. Ltd,Dynamic Money Managers Securities Pvt. Ltd.,100,306.5,30650.0,2025-07-22 11:28:32.955955
2025-07-22,160100,2025072204004086,API,Vision Securities Pvt. Ltd,Dakshinkali Investment & Securities Pvt. Ltd.,300,306.7,92010.0,2025-07-22 11:28:32.956467
2025-07-22,160099,2025072204004087,API,Vision Securities Pvt. Ltd,Primo Securities (PVT) Ltd.,3000,306.8,920400.0,2025-07-22 11:28:32.956787
2025-07-22,160098,2025072204004088,API,Vision Securities Pvt. Ltd,ABC Securities Private Limited,500,306.9,153450.0,2025-07-22 11:28:32.957092
2025-07-22,160097,2025072204004089,API,Vision Securities Pvt. Ltd,KALASH STOCK MARKET PVT. LTD.,1000,306.9,306900.0,2025-07-22 11:28:32.957414
2025-07-22,160096,2025072204004090,API,Vision Securities Pvt. Ltd,Dipshikha Dhitopatra Karobar Co. Pvt Ltd.,127,307.0,38989.0,2025-07-22 11:28:32.957716
2025-07-22,158287,2025072204004487,API,Imperial Securities Company Pvt. Ltd.,Aryatara Investment & Securities,19,306.0,5814.0,2025-07-22 11:31:18.101443
2025-07-22,158088,2025072204004535,API,Vision Securities Pvt. Ltd,Aryatara Investment & Securities,981,306.0,300186.0,2025-07-22 11:31:37.193483
2025-07-22,158087,2025072204004536,API,Vision Securities Pvt. Ltd,Naasa Securities Co. Ltd.,100,306.0,30600.0,2025-07-22 11:31:37.193763
2025-07-22,157934,2025072204004571,API,Vision Securities Pvt. Ltd,Bhrikuti Stock Broking Co. Pvt. Ltd.,10,306.0,3060.0,2025-07-22 11:31:53.227904
2025-07-22,157404,2025072204004728,API,Neev Securities Pvt. Ltd.,K.B.L. Securities Limited ,500,306.1,153050.0,2025-07-22 11:32:42.681742
2025-07-22,157040,2025072204004801,API,Vision Securities Pvt. Ltd,Opal Securities Investment (PVT) Ltd.,100,306.0,30600.0,2025-07-22 11:33:14.385082
2025-07-22,156645,2025072204004886,API,Trishakti Securities Public Limited,Online Securities Pvt. Ltd.,20,306.9,6138.0,2025-07-22 11:33:43.599654
2025-07-22,156644,2025072204004887,API,Trishakti Securities Public Limited,Arun Securities (PVT) Ltd.,500,306.9,153450.0,2025-07-22 11:33:43.599939
2025-07-22,156643,2025072204004888,API,Trishakti Securities Public Limited,K.B.L. Securities Limited ,674,306.9,206850.6,2025-07-22 11:33:43.600077
2025-07-22,156642,2025072204004889,API,Trishakti Securities Public Limited,Dynamic Money Managers Securities Pvt. Ltd.,289,306.9,88694.1,2025-07-22 11:33:43.600194
2025-07-22,156641,2025072204004890,API,Trishakti Securities Public Limited,Dipshikha Dhitopatra Karobar Co. Pvt Ltd.,73,307.0,22411.0,2025-07-22 11:33:43.600337
2025-07-22,156640,2025072204004891,API,Trishakti Securities Public Limited,Vision Securities Pvt. Ltd,210,307.0,64470.0,2025-07-22 11:33:43.600459
2025-07-22,156639,2025072204004892,API,Trishakti Securities Public Limited,Sri Hari Securities Pvt. Ltd.,20,307.0,6140.0,2025-07-22 11:33:43.600578
2025-07-22,156638,2025072204004893,API,Trishakti Securities Public Limited,Naasa Securities Co. Ltd.,38,307.0,11666.0,2025-07-22 11:33:43.600700
2025-07-22,156637,2025072204004894,API,Trishakti Securities Public Limited,MILKY WAY SHARE BROKER COMPANY LTD ,25,307.0,7675.0,2025-07-22 11:33:43.600817
2025-07-22,156636,2025072204004895,API,Trishakti Securities Public Limited,Sumeru Securities Pvt. Ltd.,10,307.0,3070.0,2025-07-22 11:33:43.600935
2025-07-22,156635,2025072204004896,API,Trishakti Securities Public Limited,Naasa Securities Co. Ltd.,25,307.0,7675.0,2025-07-22 11:33:43.601055
2025-07-22,156634,2025072204004897,API,Trishakti Securities Public Limited,ABC Securities Private Limited,200,307.0,61400.0,2025-07-22 11:33:43.601173
2025-07-22,156633,2025072204004898,API,Trishakti Securities Public Limited,Sundhara Securities Limited,420,307.0,128940.0,2025-07-22 11:33:43.601289
2025-07-22,156632,2025072204004899,API,Trishakti Securities Public Limited,Online Securities Pvt. Ltd.,2150,307.0,660050.0,2025-07-22 11:33:43.601413
2025-07-22,156631,2025072204004900,API,Trishakti Securities Public Limited,Capital Max Securities Ltd,10,307.0,3070.0,2025-07-22 11:33:43.601530
2025-07-22,156630,2025072204004901,API,Trishakti Securities Public Limited,Secured Securities Ltd.,30,307.5,9225.0,2025-07-22 11:33:43.601647
2025-07-22,156629,2025072204004902,API,Trishakti Securities Public Limited,Kohinoor Investment & Securities Pvt. Ltd.,1250,307.8,384750.0,2025-07-22 11:33:43.601767
2025-07-22,156628,2025072204004903,API,Trishakti Securities Public Limited,Nepal Investment And Securities Trading Private Limited,1000,307.9,307900.0,2025-07-22 11:33:43.601886
2025-07-22,156627,2025072204004904,API,Trishakti Securities Public Limited,Sani Securities Company Ltd.,200,307.9,61580.0,2025-07-22 11:33:43.602002
2025-07-22,156626,2025072204004905,API,Trishakti Securities Public Limited,Naasa Securities Co. Ltd.,2000,307.9,615800.0,2025-07-22 11:33:43.602117
2025-07-22,156625,2025072204004906,API,Trishakti Securities Public Limited,Cristal Kanchanjanga Securites Pvt. Ltd.,200,308.0,61600.0,2025-07-22 11:33:43.602231
2025-07-22,156624,2025072204004907,API,Trishakti Securities Public Limited,Thrive Brokerage House Pvt. Ltd,656,308.0,202048.0,2025-07-22 11:33:43.602351
2025-07-22,155846,2025072204005076,API,Vision Securities Pvt. Ltd,Nepal Investment And Securities Trading Private Limited,200,306.0,61200.0,2025-07-22 11:34:52.078582
2025-07-22,155557,2025072204005134,API,Sagarmatha Securities Private Limited,Naasa Securities Co. Ltd.,20,306.1,6122.0,2025-07-22 11:35:21.998651
2025-07-22,154930,2025072204005271,API,Dipshikha Dhitopatra Karobar Co. Pvt Ltd.,Thrive Brokerage House Pvt. Ltd,844,308.0,259952.0,2025-07-22 11:36:13.111957
2025-07-22,154929,2025072204005272,API,Dipshikha Dhitopatra Karobar Co. Pvt Ltd.,Aryatara Investment & Securities,156,308.0,48048.0,2025-07-22 11:36:13.112220
2025-07-22,154764,2025072204005311,API,Sagarmatha Securities Private Limited,Infinity Securities Limited,280,306.1,85708.0,2025-07-22 11:36:26.405797
2025-07-22,154763,2025072204005312,API,ABC Securities Private Limited,Infinity Securities Limited,120,306.1,36732.0,2025-07-22 11:36:26.406080
2025-07-22,154392,2025072204005387,API,Oxford Securities Pvt. Ltd.,Secured Securities Ltd.,98,307.5,30135.0,2025-07-22 11:36:51.567701
2025-07-22,153877,2025072204005484,API,Oxford Securities Pvt. Ltd.,Secured Securities Ltd.,19,307.5,5842.5,2025-07-22 11:37:29.873635
2025-07-22,153813,2025072204005494,API,Sundhara Securities Limited,Asian Securities Private Ltd.,200,307.0,61400.0,2025-07-22 11:37:36.012765
2025-07-22,153812,2025072204005495,API,Pragyan Securities (PVT) Ltd.,Asian Securities Private Ltd.,80,306.5,24520.0,2025-07-22 11:37:36.013104
2025-07-22,153688,2025072204005516,API,Dakshinkali Investment & Securities Pvt. Ltd.,Capital Max Securities Ltd,65,307.0,19955.0,2025-07-22 11:37:47.145049
2025-07-22,152773,2025072204005757,API,Pragyan Securities (PVT) Ltd.,Asian Securities Private Ltd.,420,306.5,128730.0,2025-07-22 11:38:55.094373
2025-07-22,152750,2025072204005760,API,Sri Hari Securities Pvt. Ltd.,Capital Max Securities Ltd,35,307.0,10745.0,2025-07-22 11:38:57.597775
2025-07-22,152291,2025072204005873,API,Naasa Securities Co. Ltd.,Linch Stock Market Ltd.,2,306.9,613.8,2025-07-22 11:39:38.576239
2025-07-22,152154,2025072204005901,API,Trishakti Securities Public Limited,Bhrikuti Stock Broking Co. Pvt. Ltd.,500,307.0,153500.0,2025-07-22 11:39:51.928570
2025-07-22,152153,2025072204005902,API,Trishakti Securities Public Limited,Kumari Securities Private Limited,1000,307.0,307000.0,2025-07-22 11:39:51.928913
2025-07-22,152152,2025072204005903,API,Trishakti Securities Public Limited,Nepal Stock House (PVT) Ltd.,200,307.0,61400.0,2025-07-22 11:39:51.929071
2025-07-22,152151,2025072204005904,API,Trishakti Securities Public Limited,Vision Securities Pvt. Ltd,100,307.0,30700.0,2025-07-22 11:39:51.929220
2025-07-22,152150,2025072204005905,API,Trishakti Securities Public Limited,Kohinoor Investment & Securities Pvt. Ltd.,50,307.0,15350.0,2025-07-22 11:39:51.929383
2025-07-22,150641,2025072204006337,API,Siprabi Securities Pvt. Ltd.,Infinity Securities Limited,1000,306.2,306200.0,2025-07-22 11:42:02.971957
2025-07-22,150403,2025072204006394,API,Dakshinkali Investment & Securities Pvt. Ltd.,Kohinoor Investment & Securities Pvt. Ltd.,950,307.0,291650.0,2025-07-22 11:42:22.616795
2025-07-22,150402,2025072204006395,API,Dakshinkali Investment & Securities Pvt. Ltd.,Thrive Brokerage House Pvt. Ltd,51,307.0,15657.0,2025-07-22 11:42:22.617141
2025-07-22,150401,2025072204006396,API,Dakshinkali Investment & Securities Pvt. Ltd.,Nagarik Stock Dealer ,3900,307.0,1197300.0,2025-07-22 11:42:22.617556
2025-07-22,150400,2025072204006397,API,Dakshinkali Investment & Securities Pvt. Ltd.,Sumeru Securities Pvt. Ltd.,99,307.0,30393.0,2025-07-22 11:42:22.618024
2025-07-22,150315,2025072204006422,API,ABC Securities Private Limited,Secured Securities Ltd.,54,306.1,16529.4,2025-07-22 11:42:29.905249
2025-07-22,149546,2025072204006638,API,Vision Securities Pvt. Ltd,Secured Securities Ltd.,12,307.5,3690.0,2025-07-22 11:43:10.442656
2025-07-22,149051,2025072204006760,API,Sagarmatha Securities Private Limited,Sewa Securities Pvt. Ltd.,200,306.1,61220.0,2025-07-22 11:43:44.827518
2025-07-22,149050,2025072204006761,API,Dakshinkali Investment & Securities Pvt. Ltd.,Sewa Securities Pvt. Ltd.,500,306.1,153050.0,2025-07-22 11:43:44.827860
2025-07-22,148114,2025072204006957,API,Bhrikuti Stock Broking Co. Pvt. Ltd.,Infinity Securities Limited,65,307.0,19955.0,2025-07-22 11:44:50.789584
2025-07-22,147457,2025072204007093,API,R.B.B. Securities Company Ltd,Infinity Securities Limited,200,307.0,61400.0,2025-07-22 11:45:33.849399
2025-07-22,147213,2025072204007135,API,Dakshinkali Investment & Securities Pvt. Ltd.,Vision Securities Pvt. Ltd,60,306.6,18396.0,2025-07-22 11:45:45.813588
2025-07-22,147212,2025072204007136,API,Dakshinkali Investment & Securities Pvt. Ltd.,Vision Securities Pvt. Ltd,60,306.6,18396.0,2025-07-22 11:45:45.813918
2025-07-22,147211,2025072204007137,API,Premier Securities Company Ltd.,Vision Securities Pvt. Ltd,297,306.5,91030.5,2025-07-22 11:45:45.814079
2025-07-22,147123,2025072204007167,API,Trishakti Securities Public Limited,Infinity Securities Limited,160,307.0,49120.0,2025-07-22 11:45:54.251520
2025-07-22,146697,2025072204007266,API,Malla & Malla Stock Broking Company Pvt. Limited,Infinity Securities Limited,100,307.0,30700.0,2025-07-22 11:46:16.205964
2025-07-22,146636,2025072204007277,API,Online Securities Pvt. Ltd.,Infinity Securities Limited,75,307.0,23025.0,2025-07-22 11:46:20.658467
2025-07-22,146635,2025072204007278,API,Online Securities Pvt. Ltd.,Aryatara Investment & Securities,40,307.0,12280.0,2025-07-22 11:46:20.659137
2025-07-22,146634,2025072204007279,API,Online Securities Pvt. Ltd.,Himalayan Brokerage Company Limited,25,307.0,7675.0,2025-07-22 11:46:20.659627
2025-07-22,146623,2025072204007284,API,R.B.B. Securities Company Ltd,Infinity Securities Limited,100,306.6,30660.0,2025-07-22 11:46:21.432594
2025-07-22,146622,2025072204007285,API,Sani Securities Company Ltd.,Infinity Securities Limited,500,306.6,153300.0,2025-07-22 11:46:21.432958
2025-07-22,146621,2025072204007286,API,Premier Securities Company Ltd.,Infinity Securities Limited,1100,306.5,337150.0,2025-07-22 11:46:21.433209
2025-07-22,146350,2025072204007345,API,Premier Securities Company Ltd.,Oxford Securities Pvt. Ltd.,150,306.5,45975.0,2025-07-22 11:46:39.981460
2025-07-22,145795,2025072204007462,API,Sundhara Securities Limited,Himalayan Brokerage Company Limited,500,307.0,153500.0,2025-07-22 11:47:18.635232
2025-07-22,145290,2025072204007591,API,Dynamic Money Managers Securities Pvt. Ltd.,Premier Securities Company Ltd.,16,307.0,4912.0,2025-07-22 11:47:44.411081
2025-07-22,144886,2025072204007689,API,South Asian Bulls Pvt. Ltd.,Premier Securities Company Ltd.,400,307.0,122800.0,2025-07-22 11:48:15.583380
2025-07-22,144875,2025072204007691,API,Premier Securities Company Ltd.,Aryatara Investment & Securities,300,306.5,91950.0,2025-07-22 11:48:15.966774
2025-07-22,144200,2025072204007818,API,Online Securities Pvt. Ltd.,Premier Securities Company Ltd.,84,307.0,25788.0,2025-07-22 11:48:55.068280
2025-07-22,144199,2025072204007819,API,Online Securities Pvt. Ltd.,Aryatara Investment & Securities,18,307.0,5526.0,2025-07-22 11:48:55.068655
2025-07-22,144198,2025072204007820,API,Online Securities Pvt. Ltd.,Sani Securities Company Ltd.,94,307.0,28858.0,2025-07-22 11:48:55.068830
2025-07-22,144169,2025072204007826,API,Premier Securities Company Ltd.,Capital Max Securities Ltd,153,306.5,46894.5,2025-07-22 11:48:57.535747
2025-07-22,144168,2025072204007827,API,South Asian Bulls Pvt. Ltd.,Capital Max Securities Ltd,47,306.5,14405.5,2025-07-22 11:48:57.536091
2025-07-22,143634,2025072204007976,API,Dakshinkali Investment & Securities Pvt. Ltd.,Sani Securities Company Ltd.,41,307.0,12587.0,2025-07-22 11:49:37.988228
2025-07-22,143633,2025072204007977,API,Dakshinkali Investment & Securities Pvt. Ltd.,Creative Securities Pvt Ltd,50,307.0,15350.0,2025-07-22 11:49:37.989005
2025-07-22,143632,2025072204007978,API,Dakshinkali Investment & Securities Pvt. Ltd.,Trishakti Securities Public Limited,200,307.0,61400.0,2025-07-22 11:49:37.989598
2025-07-22,143631,2025072204007979,API,Dakshinkali Investment & Securities Pvt. Ltd.,Naasa Securities Co. Ltd.,200,307.0,61400.0,2025-07-22 11:49:37.990133
2025-07-22,143630,2025072204007980,API,Dakshinkali Investment & Securities Pvt. Ltd.,Asian Securities Private Ltd.,1000,307.0,307000.0,2025-07-22 11:49:37.990677
2025-07-22,143623,2025072204007983,API,Dakshinkali Investment & Securities Pvt. Ltd.,Sundhara Securities Limited,500,307.0,153500.0,2025-07-22 11:49:39.291981
2025-07-22,143468,2025072204008005,API,Dakshinkali Investment & Securities Pvt. Ltd.,Capital Max Securities Ltd,200,307.0,61400.0,2025-07-22 11:49:49.702835
2025-07-22,143347,2025072204008039,API,Dakshinkali Investment & Securities Pvt. Ltd.,Sumeru Securities Pvt. Ltd.,50,307.0,15350.0,2025-07-22 11:49:57.257666
2025-07-22,143244,2025072204008066,API,Dakshinkali Investment & Securities Pvt. Ltd.,Vision Securities Pvt. Ltd,1000,307.0,307000.0,2025-07-22 11:50:03.083122
2025-07-22,142861,2025072204008169,API,Dakshinkali Investment & Securities Pvt. Ltd.,Primo Securities (PVT) Ltd.,659,307.0,202313.0,2025-07-22 11:50:25.364186
2025-07-22,142860,2025072204008170,API,Ashutosh Brokerage & Securities (PVT) Ltd.,Primo Securities (PVT) Ltd.,341,307.0,104687.0,2025-07-22 11:50:25.364552
2025-07-22,142747,2025072204008197,API,Ashutosh Brokerage & Securities (PVT) Ltd.,Imperial Securities Company Pvt. Ltd.,109,307.0,33463.0,2025-07-22 11:50:32.463809
2025-07-22,142431,2025072204008293,API,Nepal Investment And Securities Trading Private Limited,Imperial Securities Company Pvt. Ltd.,500,307.0,153500.0,2025-07-22 11:50:56.452611
2025-07-22,142118,2025072204008399,API,Linch Stock Market Ltd.,Imperial Securities Company Pvt. Ltd.,550,307.0,168850.0,2025-07-22 11:51:18.199663
2025-07-22,141987,2025072204008420,API,Capital Max Securities Ltd,Imperial Securities Company Pvt. Ltd.,10,307.0,3070.0,2025-07-22 11:51:28.053624
2025-07-22,141667,2025072204008469,API,South Asian Bulls Pvt. Ltd.,Sagarmatha Securities Private Limited,103,306.5,31569.5,2025-07-22 11:51:47.277624
2025-07-22,140988,2025072204008615,API,Vision Securities Pvt. Ltd,Oxford Securities Pvt. Ltd.,300,306.9,92070.0,2025-07-22 11:52:44.924864
2025-07-22,140987,2025072204008616,API,Vision Securities Pvt. Ltd,Imperial Securities Company Pvt. Ltd.,406,307.0,124642.0,2025-07-22 11:52:44.925608
2025-07-22,140986,2025072204008617,API,Vision Securities Pvt. Ltd,Naasa Securities Co. Ltd.,1500,307.0,460500.0,2025-07-22 11:52:44.926155
2025-07-22,140985,2025072204008618,API,Vision Securities Pvt. Ltd,Primo Securities (PVT) Ltd.,2000,307.0,614000.0,2025-07-22 11:52:44.926703
2025-07-22,140984,2025072204008619,API,Vision Securities Pvt. Ltd,Malla & Malla Stock Broking Company Pvt. Limited,50,307.0,15350.0,2025-07-22 11:52:44.927387
2025-07-22,140983,2025072204008620,API,Vision Securities Pvt. Ltd,Dipshikha Dhitopatra Karobar Co. Pvt Ltd.,60,307.0,18420.0,2025-07-22 11:52:44.928053
2025-07-22,140982,2025072204008621,API,Vision Securities Pvt. Ltd,INDEX SECURITIES LIMITED,250,307.0,76750.0,2025-07-22 11:52:44.928823
2025-07-22,140981,2025072204008622,API,Vision Securities Pvt. Ltd,Trishakti Securities Public Limited,434,307.0,133238.0,2025-07-22 11:52:44.929617
2025-07-22,140955,2025072204008633,API,Ashutosh Brokerage & Securities (PVT) Ltd.,Thrive Brokerage House Pvt. Ltd,30,306.6,9198.0,2025-07-22 11:52:46.449160
2025-07-22,140954,2025072204008634,API,South Asian Bulls Pvt. Ltd.,Thrive Brokerage House Pvt. Ltd,470,306.5,144055.0,2025-07-22 11:52:46.449523
2025-07-22,140394,2025072204008748,API,Kohinoor Investment & Securities Pvt. Ltd.,Trishakti Securities Public Limited,400,307.0,122800.0,2025-07-22 11:53:31.829364
2025-07-22,139630,2025072204008903,API,Vision Securities Pvt. Ltd,Trishakti Securities Public Limited,216,307.0,66312.0,2025-07-22 11:54:26.536527
2025-07-22,139629,2025072204008904,API,Vision Securities Pvt. Ltd,Primo Securities (PVT) Ltd.,2500,307.0,767500.0,2025-07-22 11:54:26.536908
2025-07-22,139628,2025072204008905,API,Vision Securities Pvt. Ltd,Creative Securities Pvt Ltd,260,307.0,79820.0,2025-07-22 11:54:26.537099
2025-07-22,139627,2025072204008906,API,Vision Securities Pvt. Ltd,Secured Securities Ltd.,326,307.5,100245.0,2025-07-22 11:54:26.537278
2025-07-22,139626,2025072204008907,API,Vision Securities Pvt. Ltd,Naasa Securities Co. Ltd.,20,307.5,6150.0,2025-07-22 11:54:26.537490
2025-07-22,139625,2025072204008908,API,Vision Securities Pvt. Ltd,Kohinoor Investment & Securities Pvt. Ltd.,1000,307.5,307500.0,2025-07-22 11:54:26.537696
2025-07-22,139624,2025072204008909,API,Vision Securities Pvt. Ltd,Vision Securities Pvt. Ltd,52,307.8,16005.6,2025-07-22 11:54:26.537908
2025-07-22,139623,2025072204008910,API,Vision Securities Pvt. Ltd,Ashutosh Brokerage & Securities (PVT) Ltd.,2000,307.9,615800.0,2025-07-22 11:54:26.538124
2025-07-22,139622,2025072204008911,API,Vision Securities Pvt. Ltd,Sewa Securities Pvt. Ltd.,1025,307.9,315597.5,2025-07-22 11:54:26.538347
2025-07-22,139621,2025072204008912,API,Vision Securities Pvt. Ltd,Aryatara Investment & Securities,344,308.0,105952.0,2025-07-22 11:54:26.538580
2025-07-22,139619,2025072204008913,API,Vision Securities Pvt. Ltd,Kumari Securities Private Limited,200,308.0,61600.0,2025-07-22 11:54:26.538790
2025-07-22,139618,2025072204008914,API,Vision Securities Pvt. Ltd,Nepal Investment And Securities Trading Private Limited,1000,308.0,308000.0,2025-07-22 11:54:26.538997
2025-07-22,139616,2025072204008915,API,Vision Securities Pvt. Ltd,Naasa Securities Co. Ltd.,1000,308.0,308000.0,2025-07-22 11:54:26.539202
2025-07-22,139614,2025072204008916,API,Vision Securities Pvt. Ltd,Trishakti Securities Public Limited,500,308.0,154000.0,2025-07-22 11:54:26.539419
2025-07-22,139611,2025072204008917,API,Vision Securities Pvt. Ltd,Trishakti Securities Public Limited,100,308.0,30800.0,2025-07-22 11:54:26.539864
2025-07-22,139608,2025072204008918,API,Vision Securities Pvt. Ltd,Sundhara Securities Limited,262,308.0,80696.0,2025-07-22 11:54:26.540190
2025-07-22,139606,2025072204008919,API,Vision Securities Pvt. Ltd,Sundhara Securities Limited,50,308.0,15400.0,2025-07-22 11:54:26.540504
2025-07-22,139603,2025072204008920,API,Vision Securities Pvt. Ltd,Dynamic Money Managers Securities Pvt. Ltd.,200,308.0,61600.0,2025-07-22 11:54:26.540806
2025-07-22,139601,2025072204008921,API,Vision Securities Pvt. Ltd,Kumari Securities Private Limited,100,308.0,30800.0,2025-07-22 11:54:26.541107
2025-07-22,139598,2025072204008922,API,Vision Securities Pvt. Ltd,Premier Securities Company Ltd.,1000,308.0,308000.0,2025-07-22 11:54:26.541444
2025-07-22,139596,2025072204008923,API,Vision Securities Pvt. Ltd,Thrive Brokerage House Pvt. Ltd,1500,308.0,462000.0,2025-07-22 11:54:26.541735
2025-07-22,139594,2025072204008924,API,Vision Securities Pvt. Ltd,Trishakti Securities Public Limited,200,308.0,61600.0,2025-07-22 11:54:26.542028
2025-07-22,139593,2025072204008925,API,Vision Securities Pvt. Ltd,Creative Securities Pvt Ltd,50,308.0,15400.0,2025-07-22 11:54:26.542323
2025-07-22,139592,2025072204008926,API,Vision Securities Pvt. Ltd,Naasa Securities Co. Ltd.,102,308.0,31416.0,2025-07-22 11:54:26.542605
2025-07-22,139591,2025072204008927,API,Vision Securities Pvt. Ltd,Dipshikha Dhitopatra Karobar Co. Pvt Ltd.,511,308.0,157388.0,2025-07-22 11:54:26.542909
2025-07-22,139590,2025072204008928,API,Vision Securities Pvt. Ltd,Secured Securities Ltd.,482,308.0,148456.0,2025-07-22 11:54:26.543199
2025-07-22,139416,2025072204008972,API,Trishakti Securities Public Limited,Secured Securities Ltd.,198,308.0,60984.0,2025-07-22 11:54:36.194840
2025-07-22,139415,2025072204008973,API,Trishakti Securities Public Limited,Online Securities Pvt. Ltd.,591,308.0,182028.0,2025-07-22 11:54:36.195769
2025-07-22,139414,2025072204008974,API,Trishakti Securities Public Limited,Cristal Kanchanjanga Securites Pvt. Ltd.,420,308.0,129360.0,2025-07-22 11:54:36.196540
2025-07-22,139413,2025072204008975,API,Trishakti Securities Public Limited,Trishakti Securities Public Limited,500,308.0,154000.0,2025-07-22 11:54:36.197189
2025-07-22,139412,2025072204008976,API,Trishakti Securities Public Limited,ABC Securities Private Limited,791,308.0,243628.0,2025-07-22 11:54:36.197835
2025-07-22,139079,2025072204009046,API,Premier Securities Company Ltd.,Market Securities & Exchange (PVT) Ltd.,1000,307.0,307000.0,2025-07-22 11:55:01.142525
2025-07-22,139078,2025072204009047,API,Nepal Stock House (PVT) Ltd.,Market Securities & Exchange (PVT) Ltd.,300,307.0,92100.0,2025-07-22 11:55:01.142879
2025-07-22,139077,2025072204009048,API,Vision Securities Pvt. Ltd,Market Securities & Exchange (PVT) Ltd.,2300,306.7,705410.0,2025-07-22 11:55:01.143053
2025-07-22,138681,2025072204009190,API,ABC Securities Private Limited,South Asian Bulls Pvt. Ltd.,2000,307.0,614000.0,2025-07-22 11:55:23.353288
2025-07-22,138446,2025072204009245,API,ABC Securities Private Limited,Investment Management Nepal Pvt. Ltd.,1000,307.0,307000.0,2025-07-22 11:55:38.680648
2025-07-22,137539,2025072204009509,API,Vision Securities Pvt. Ltd,ABC Securities Private Limited,186,306.7,57046.2,2025-07-22 11:56:44.140392
2025-07-22,137148,2025072204009591,API,ABC Securities Private Limited,Dipshikha Dhitopatra Karobar Co. Pvt Ltd.,218,307.0,66926.0,2025-07-22 11:57:10.269019
2025-07-22,137147,2025072204009592,API,ABC Securities Private Limited,J.F. Securites (PVT) Ltd.,760,307.0,233320.0,2025-07-22 11:57:10.270034
2025-07-22,137146,2025072204009593,API,ABC Securities Private Limited,ABC Securities Private Limited,500,307.8,153900.0,2025-07-22 11:57:10.271007
2025-07-22,137145,2025072204009594,API,ABC Securities Private Limited,Oxford Securities Pvt. Ltd.,200,307.9,61580.0,2025-07-22 11:57:10.271925
2025-07-22,137144,2025072204009595,API,ABC Securities Private Limited,Vision Securities Pvt. Ltd,322,307.9,99143.8,2025-07-22 11:57:10.272811
2025-07-22,136793,2025072204009713,API,ABC Securities Private Limited,Vision Securities Pvt. Ltd,678,307.9,208756.2,2025-07-22 11:57:38.493972
2025-07-22,136792,2025072204009714,API,ABC Securities Private Limited,ABC Securities Private Limited,199,308.0,61292.0,2025-07-22 11:57:38.494347
2025-07-22,136791,2025072204009715,API,ABC Securities Private Limited,Trishakti Securities Public Limited,250,308.0,77000.0,2025-07-22 11:57:38.494539
2025-07-22,136790,2025072204009716,API,ABC Securities Private Limited,Cristal Kanchanjanga Securites Pvt. Ltd.,250,308.0,77000.0,2025-07-22 11:57:38.494725
2025-07-22,136789,2025072204009717,API,ABC Securities Private Limited,Imperial Securities Company Pvt. Ltd.,157,308.0,48356.0,2025-07-22 11:57:38.494906
2025-07-22,136788,2025072204009718,API,ABC Securities Private Limited,Investment Management Nepal Pvt. Ltd.,1466,308.0,451528.0,2025-07-22 11:57:38.495086
2025-07-22,136647,2025072204009775,API,Malla & Malla Stock Broking Company Pvt. Limited,Investment Management Nepal Pvt. Ltd.,30,308.0,9240.0,2025-07-22 11:57:53.938639
2025-07-22,136481,2025072204009819,API,Himalayan Brokerage Company Limited,Investment Management Nepal Pvt. Ltd.,504,308.0,155232.0,2025-07-22 11:58:07.482047
2025-07-22,136480,2025072204009820,API,Himalayan Brokerage Company Limited,South Asian Bulls Pvt. Ltd.,1000,308.0,308000.0,2025-07-22 11:58:07.482433
2025-07-22,136479,2025072204009821,API,Himalayan Brokerage Company Limited,Dynamic Money Managers Securities Pvt. Ltd.,190,308.0,58520.0,2025-07-22 11:58:07.482762
2025-07-22,136478,2025072204009822,API,Himalayan Brokerage Company Limited,Dipshikha Dhitopatra Karobar Co. Pvt Ltd.,500,308.0,154000.0,2025-07-22 11:58:07.482984
2025-07-22,136477,2025072204009823,API,Himalayan Brokerage Company Limited,Creative Securities Pvt Ltd,50,308.0,15400.0,2025-07-22 11:58:07.483180
2025-07-22,136414,2025072204009833,API,Himalayan Brokerage Company Limited,Sewa Securities Pvt. Ltd.,29,308.0,8932.0,2025-07-22 11:58:12.512586
2025-07-22,135861,2025072204009985,API,ABC Securities Private Limited,Kohinoor Investment & Securities Pvt. Ltd.,38,308.2,11711.6,2025-07-22 11:58:49.185230
2025-07-22,134993,2025072204010169,API,Himalayan Brokerage Company Limited,Naasa Securities Co. Ltd.,1500,307.3,460950.0,2025-07-22 11:59:55.932873
2025-07-22,134724,2025072204010233,API,South Asian Bulls Pvt. Ltd.,Premier Securities Company Ltd.,200,308.0,61600.0,2025-07-22 12:00:15.580705
2025-07-22,134607,2025072204010264,API,Malla & Malla Stock Broking Company Pvt. Limited,Premier Securities Company Ltd.,800,308.0,246400.0,2025-07-22 12:00:24.916759
2025-07-22,134117,2025072204010399,API,Vision Securities Pvt. Ltd,Vision Securities Pvt. Ltd,1100,307.4,338140.0,2025-07-22 12:01:10.001569
2025-07-22,134116,2025072204010400,API,Himalayan Brokerage Company Limited,Vision Securities Pvt. Ltd,3900,307.3,1198470.0,2025-07-22 12:01:10.002380
2025-07-22,133955,2025072204010443,API,Malla & Malla Stock Broking Company Pvt. Limited,Roadshow securities limited,95,308.0,29260.0,2025-07-22 12:01:23.224844
2025-07-22,133916,2025072204010451,API,Malla & Malla Stock Broking Company Pvt. Limited,Sumeru Securities Pvt. Ltd.,10,308.0,3080.0,2025-07-22 12:01:27.243471
2025-07-22,133755,2025072204010490,API,Sumeru Securities Pvt. Ltd.,Sanima Securities Limited,150,308.1,46215.0,2025-07-22 12:01:37.287604
2025-07-22,132997,2025072204010652,API,Malla & Malla Stock Broking Company Pvt. Limited,Nepal Stock House (PVT) Ltd.,29,308.0,8932.0,2025-07-22 12:02:42.811615
2025-07-22,132872,2025072204010683,API,Malla & Malla Stock Broking Company Pvt. Limited,Dakshinkali Investment & Securities Pvt. Ltd.,12,308.0,3696.0,2025-07-22 12:02:51.217141
2025-07-22,132819,2025072204010699,API,Malla & Malla Stock Broking Company Pvt. Limited,Secured Securities Ltd.,200,308.0,61600.0,2025-07-22 12:02:56.672864
2025-07-22,132792,2025072204010710,API,Malla & Malla Stock Broking Company Pvt. Limited,Vision Securities Pvt. Ltd,454,308.0,139832.0,2025-07-22 12:02:59.160728
2025-07-22,131937,2025072204010915,API,Ashutosh Brokerage & Securities (PVT) Ltd.,Dynamic Money Managers Securities Pvt. Ltd.,52,307.4,15984.8,2025-07-22 12:03:52.105112
2025-07-22,131896,2025072204010922,API,Ashutosh Brokerage & Securities (PVT) Ltd.,Primo Securities (PVT) Ltd.,27,307.4,8299.8,2025-07-22 12:03:55.594537
2025-07-22,131575,2025072204010998,API,Trishakti Securities Public Limited,Investment Management Nepal Pvt. Ltd.,30,307.5,9225.0,2025-07-22 12:04:12.865049
2025-07-22,131574,2025072204010999,API,Malla & Malla Stock Broking Company Pvt. Limited,Investment Management Nepal Pvt. Ltd.,25,307.5,7687.5,2025-07-22 12:04:12.865542
2025-07-22,131572,2025072204011000,API,Malla & Malla Stock Broking Company Pvt. Limited,Dynamic Money Managers Securities Pvt. Ltd.,40,307.5,12300.0,2025-07-22 12:04:13.085671
2025-07-22,131395,2025072204011043,API,Ashutosh Brokerage & Securities (PVT) Ltd.,Dipshikha Dhitopatra Karobar Co. Pvt Ltd.,30,307.4,9222.0,2025-07-22 12:04:26.635602
2025-07-22,131292,2025072204011092,API,Ashutosh Brokerage & Securities (PVT) Ltd.,Primo Securities (PVT) Ltd.,100,307.4,30740.0,2025-07-22 12:04:33.736846
2025-07-22,131133,2025072204011126,API,Naasa Securities Co. Ltd.,Sumeru Securities Pvt. Ltd.,40,307.5,12300.0,2025-07-22 12:04:42.017460
2025-07-22,130894,2025072204011214,API,Naasa Securities Co. Ltd.,ABC Securities Private Limited,100,307.5,30750.0,2025-07-22 12:04:57.031442
2025-07-22,130771,2025072204011250,API,Opal Securities Investment (PVT) Ltd.,Dipshikha Dhitopatra Karobar Co. Pvt Ltd.,18,307.8,5540.4,2025-07-22 12:05:04.412197
2025-07-22,130649,2025072204011298,API,Naasa Securities Co. Ltd.,Dipshikha Dhitopatra Karobar Co. Pvt Ltd.,100,307.5,30750.0,2025-07-22 12:05:13.215106
2025-07-22,130561,2025072204011318,API,Naasa Securities Co. Ltd.,Vision Securities Pvt. Ltd,10,307.5,3075.0,2025-07-22 12:05:19.191912
2025-07-22,130232,2025072204011407,API,Naasa Securities Co. Ltd.,Sundhara Securities Limited,10,307.5,3075.0,2025-07-22 12:05:42.385356
2025-07-22,130161,2025072204011426,API,Naasa Securities Co. Ltd.,Kohinoor Investment & Securities Pvt. Ltd.,239,307.5,73492.5,2025-07-22 12:05:46.072062
2025-07-22,130061,2025072204011458,API,Naasa Securities Co. Ltd.,Vision Securities Pvt. Ltd,101,307.5,31057.5,2025-07-22 12:05:54.181171
2025-07-22,129808,2025072204011496,API,Ashutosh Brokerage & Securities (PVT) Ltd.,Siprabi Securities Pvt. Ltd.,100,307.4,30740.0,2025-07-22 12:06:12.478936
2025-07-22,129769,2025072204011503,API,Naasa Securities Co. Ltd.,Vision Securities Pvt. Ltd,295,307.5,90712.5,2025-07-22 12:06:16.029163
2025-07-22,129591,2025072204011543,API,Ashutosh Brokerage & Securities (PVT) Ltd.,Himalayan Brokerage Company Limited,316,307.4,97138.4,2025-07-22 12:06:30.794220
2025-07-22,129590,2025072204011544,API,Trisul Securities & Invt. Ltd.,Himalayan Brokerage Company Limited,500,307.4,153700.0,2025-07-22 12:06:30.794269
2025-07-22,129589,2025072204011545,API,Himalayan Brokerage Company Limited,Himalayan Brokerage Company Limited,579,307.3,177926.7,2025-07-22 12:06:30.794307
2025-07-22,129518,2025072204011569,API,Nabil Stock Dealer Ltd.,Vision Securities Pvt. Ltd,10,307.5,3075.0,2025-07-22 12:06:36.732174
2025-07-22,129509,2025072204011572,API,Sweta Securities Private Limited,Vision Securities Pvt. Ltd,594,307.5,182655.0,2025-07-22 12:06:38.481091
2025-07-22,129508,2025072204011573,API,Sweta Securities Private Limited,Sumeru Securities Pvt. Ltd.,50,307.5,15375.0,2025-07-22 12:06:38.481560
2025-07-22,129486,2025072204011580,API,Sweta Securities Private Limited,ABC Securities Private Limited,500,307.5,153750.0,2025-07-22 12:06:40.364714
2025-07-22,129404,2025072204011601,API,Sweta Securities Private Limited,Magnet Securities and Investment Company Private Limited,356,307.5,109470.0,2025-07-22 12:06:45.583155
2025-07-22,129006,2025072204011680,API,Himalayan Brokerage Company Limited,Arun Securities (PVT) Ltd.,1000,307.3,307300.0,2025-07-22 12:07:15.284023
2025-07-22,128802,2025072204011736,API,Himalayan Brokerage Company Limited,Imperial Securities Company Pvt. Ltd.,500,307.3,153650.0,2025-07-22 12:07:30.401243
2025-07-22,128771,2025072204011749,API,Himalayan Brokerage Company Limited,Vision Securities Pvt. Ltd,248,307.3,76210.4,2025-07-22 12:07:33.844853
2025-07-22,128770,2025072204011750,API,R.B.B. Securities Company Ltd,Vision Securities Pvt. Ltd,500,307.2,153600.0,2025-07-22 12:07:33.845349
2025-07-22,128769,2025072204011751,API,Dipshikha Dhitopatra Karobar Co. Pvt Ltd.,Vision Securities Pvt. Ltd,1252,307.2,384614.4,2025-07-22 12:07:33.845565
2025-07-22,128700,2025072204011777,API,Aryatara Investment & Securities,Magnet Securities and Investment Company Private Limited,10,307.5,3075.0,2025-07-22 12:07:39.934929
2025-07-22,128665,2025072204011784,API,Sri Hari Securities Pvt. Ltd.,Neev Securities Pvt. Ltd.,500,307.3,153650.0,2025-07-22 12:07:43.162969
2025-07-22,128657,2025072204011785,API,Dipshikha Dhitopatra Karobar Co. Pvt Ltd.,Prabhu Stock Market Limited,200,307.2,61440.0,2025-07-22 12:07:43.745728
2025-07-22,128635,2025072204011787,API,Dipshikha Dhitopatra Karobar Co. Pvt Ltd.,Sharepro Securities Private Limited,248,307.2,76185.6,2025-07-22 12:07:45.192413
2025-07-22,128561,2025072204011805,API,Dipshikha Dhitopatra Karobar Co. Pvt Ltd.,Dakshinkali Investment & Securities Pvt. Ltd.,300,307.2,92160.0,2025-07-22 12:07:52.997668
2025-07-22,128310,2025072204011863,API,Dakshinkali Investment & Securities Pvt. Ltd.,Trisul Securities & Invt. Ltd.,30,307.1,9213.0,2025-07-22 12:08:15.580447
2025-07-22,128238,2025072204011884,API,Dakshinkali Investment & Securities Pvt. Ltd.,Kohinoor Investment & Securities Pvt. Ltd.,1960,307.1,601916.0,2025-07-22 12:08:23.275944
2025-07-22,128237,2025072204011885,API,Naasa Securities Co. Ltd.,Kohinoor Investment & Securities Pvt. Ltd.,10,307.0,3070.0,2025-07-22 12:08:23.276420
2025-07-22,128236,2025072204011886,API,SUN SECURITIES PVT LTD,Kohinoor Investment & Securities Pvt. Ltd.,1000,307.0,307000.0,2025-07-22 12:08:23.276640
2025-07-22,128235,2025072204011887,API,Malla & Malla Stock Broking Company Pvt. Limited,Kohinoor Investment & Securities Pvt. Ltd.,200,307.0,61400.0,2025-07-22 12:08:23.276864
2025-07-22,128234,2025072204011888,API,Neev Securities Pvt. Ltd.,Kohinoor Investment & Securities Pvt. Ltd.,200,307.0,61400.0,2025-07-22 12:08:23.277073
2025-07-22,128233,2025072204011889,API,Dipshikha Dhitopatra Karobar Co. Pvt Ltd.,Kohinoor Investment & Securities Pvt. Ltd.,65,307.0,19955.0,2025-07-22 12:08:23.277283
2025-07-22,128175,2025072204011900,API,Premier Securities Company Ltd.,Himalayan Brokerage Company Limited,51,306.8,15646.8,2025-07-22 12:08:29.011745
2025-07-22,127931,2025072204011990,API,Premier Securities Company Ltd.,Imperial Securities Company Pvt. Ltd.,300,306.8,92040.0,2025-07-22 12:08:50.018588
2025-07-22,127775,2025072204012028,API,Premier Securities Company Ltd.,Vision Securities Pvt. Ltd,1649,306.8,505913.2,2025-07-22 12:09:07.334651
2025-07-22,127774,2025072204012029,API,Vision Securities Pvt. Ltd,Vision Securities Pvt. Ltd,351,306.7,107651.7,2025-07-22 12:09:07.335250
2025-07-22,127687,2025072204012035,API,Vision Securities Pvt. Ltd,Online Securities Pvt. Ltd.,340,306.7,104278.0,2025-07-22 12:09:15.357620
2025-07-22,127647,2025072204012052,API,Vision Securities Pvt. Ltd,Kohinoor Investment & Securities Pvt. Ltd.,432,306.7,132494.4,2025-07-22 12:09:17.705670
2025-07-22,127646,2025072204012053,API,South Asian Bulls Pvt. Ltd.,Kohinoor Investment & Securities Pvt. Ltd.,380,306.5,116470.0,2025-07-22 12:09:17.706106
2025-07-22,127645,2025072204012054,API,Online Securities Pvt. Ltd.,Kohinoor Investment & Securities Pvt. Ltd.,15,306.1,4591.5,2025-07-22 12:09:17.706342
2025-07-22,127644,2025072204012055,API,Secured Securities Ltd.,Kohinoor Investment & Securities Pvt. Ltd.,438,306.1,134071.8,2025-07-22 12:09:17.706557
2025-07-22,127482,2025072204012108,API,Secured Securities Ltd.,Kohinoor Investment & Securities Pvt. Ltd.,62,306.1,18978.2,2025-07-22 12:09:31.856160
2025-07-22,127458,2025072204012118,API,Arun Securities (PVT) Ltd.,Siprabi Securities Pvt. Ltd.,100,306.7,30670.0,2025-07-22 12:09:34.877202
2025-07-22,127457,2025072204012119,API,Arun Securities (PVT) Ltd.,Capital Max Securities Ltd,20,306.8,6136.0,2025-07-22 12:09:34.878123
2025-07-22,127268,2025072204012156,API,Arun Securities (PVT) Ltd.,Sewa Securities Pvt. Ltd.,500,306.9,153450.0,2025-07-22 12:09:52.810945
2025-07-22,127257,2025072204012158,API,Arun Securities (PVT) Ltd.,Roadshow securities limited,10,306.9,3069.0,2025-07-22 12:09:53.751924
2025-07-22,127214,2025072204012172,API,Vision Securities Pvt. Ltd,Nepal Investment And Securities Trading Private Limited,1000,307.0,307000.0,2025-07-22 12:09:56.358646
2025-07-22,127213,2025072204012173,API,Vision Securities Pvt. Ltd,Aryatara Investment & Securities,850,307.0,260950.0,2025-07-22 12:09:56.359137
2025-07-22,126999,2025072204012208,API,Vision Securities Pvt. Ltd,Nagarik Stock Dealer ,1000,307.0,307000.0,2025-07-22 12:10:17.654018
2025-07-22,126965,2025072204012214,API,Vision Securities Pvt. Ltd,Nagarik Stock Dealer ,1000,307.0,307000.0,2025-07-22 12:10:21.670948
2025-07-22,126647,2025072204012280,API,Vision Securities Pvt. Ltd,Creative Securities Pvt Ltd,170,307.0,52190.0,2025-07-22 12:10:53.074423
2025-07-22,126597,2025072204012295,API,Dipshikha Dhitopatra Karobar Co. Pvt Ltd.,Sri Hari Securities Pvt. Ltd.,145,307.2,44544.0,2025-07-22 12:10:59.222390
2025-07-22,126578,2025072204012296,API,Dipshikha Dhitopatra Karobar Co. Pvt Ltd.,Aryatara Investment & Securities,55,307.2,16896.0,2025-07-22 12:11:00.628942
2025-07-22,126577,2025072204012297,API,Vision Securities Pvt. Ltd,Aryatara Investment & Securities,945,307.0,290115.0,2025-07-22 12:11:00.629375
2025-07-22,126500,2025072204012310,API,Vision Securities Pvt. Ltd,Naasa Securities Co. Ltd.,1000,307.0,307000.0,2025-07-22 12:11:07.887753
2025-07-22,126313,2025072204012338,API,Sumeru Securities Pvt. Ltd.,Trishakti Securities Public Limited,200,307.1,61420.0,2025-07-22 12:11:25.977233
2025-07-22,126312,2025072204012339,API,Vision Securities Pvt. Ltd,Trishakti Securities Public Limited,552,307.0,169464.0,2025-07-22 12:11:25.977702
2025-07-22,126305,2025072204012340,API,Aryatara Investment & Securities,Magnet Securities and Investment Company Private Limited,300,307.5,92250.0,2025-07-22 12:11:26.921219
2025-07-22,126226,2025072204012368,API,Dipshikha Dhitopatra Karobar Co. Pvt Ltd.,Magnet Securities and Investment Company Private Limited,67,307.5,20602.5,2025-07-22 12:11:35.600600
2025-07-22,126225,2025072204012369,API,Dipshikha Dhitopatra Karobar Co. Pvt Ltd.,Secured Securities Ltd.,100,307.5,30750.0,2025-07-22 12:11:35.601121
2025-07-22,126224,2025072204012370,API,Dipshikha Dhitopatra Karobar Co. Pvt Ltd.,Ashutosh Brokerage & Securities (PVT) Ltd.,33,307.5,10147.5,2025-07-22 12:11:35.601368
2025-07-22,126053,2025072204012400,API,Vision Securities Pvt. Ltd,Online Securities Pvt. Ltd.,256,307.0,78592.0,2025-07-22 12:11:49.118116
2025-07-22,125972,2025072204012418,API,Vision Securities Pvt. Ltd,Himalayan Brokerage Company Limited,16,307.0,4912.0,2025-07-22 12:11:57.425811
2025-07-22,125806,2025072204012463,API,Vision Securities Pvt. Ltd,Naasa Securities Co. Ltd.,115,307.0,35305.0,2025-07-22 12:12:15.555227
2025-07-22,125708,2025072204012487,API,Vision Securities Pvt. Ltd,Infinity Securities Limited,1000,307.0,307000.0,2025-07-22 12:12:25.209380
2025-07-22,125438,2025072204012543,API,Vision Securities Pvt. Ltd,Infinity Securities Limited,300,307.0,92100.0,2025-07-22 12:12:49.261190
2025-07-22,125356,2025072204012563,API,Vision Securities Pvt. Ltd,Cristal Kanchanjanga Securites Pvt. Ltd.,1000,307.0,307000.0,2025-07-22 12:12:57.844401
2025-07-22,125319,2025072204012572,API,Vision Securities Pvt. Ltd,Investment Management Nepal Pvt. Ltd.,796,307.0,244372.0,2025-07-22 12:13:01.949054
2025-07-22,125318,2025072204012573,API,Malla & Malla Stock Broking Company Pvt. Limited,Investment Management Nepal Pvt. Ltd.,400,307.0,122800.0,2025-07-22 12:13:01.949546
2025-07-22,125153,2025072204012600,API,Arun Securities (PVT) Ltd.,Trisul Securities & Invt. Ltd.,100,306.9,30690.0,2025-07-22 12:13:21.808076
2025-07-22,125100,2025072204012607,API,Arun Securities (PVT) Ltd.,Himalayan Brokerage Company Limited,10,306.9,3069.0,2025-07-22 12:13:27.608386
2025-07-22,125040,2025072204012629,API,Arun Securities (PVT) Ltd.,Vision Securities Pvt. Ltd,10,306.9,3069.0,2025-07-22 12:13:33.206289
2025-07-22,125039,2025072204012630,API,Kohinoor Investment & Securities Pvt. Ltd.,Vision Securities Pvt. Ltd,100,306.0,30600.0,2025-07-22 12:13:33.207252
2025-07-22,125038,2025072204012631,API,Linch Stock Market Ltd.,Vision Securities Pvt. Ltd,10,306.0,3060.0,2025-07-22 12:13:33.207975
2025-07-22,125037,2025072204012632,API,Naasa Securities Co. Ltd.,Vision Securities Pvt. Ltd,10,306.0,3060.0,2025-07-22 12:13:33.208672
2025-07-22,125036,2025072204012633,API,ABC Securities Private Limited,Vision Securities Pvt. Ltd,370,306.0,113220.0,2025-07-22 12:13:33.209365
2025-07-22,124843,2025072204012685,API,ABC Securities Private Limited,Sipla Securities Private Limited,200,306.0,61200.0,2025-07-22 12:13:56.091166
2025-07-22,124818,2025072204012694,API,ABC Securities Private Limited,Capital Max Securities Ltd,36,306.0,11016.0,2025-07-22 12:13:58.991118
2025-07-22,124526,2025072204012753,API,Vision Securities Pvt. Ltd,Dynamic Money Managers Securities Pvt. Ltd.,1000,306.5,306500.0,2025-07-22 12:14:27.959236
2025-07-22,124427,2025072204012775,API,Vision Securities Pvt. Ltd,Siprabi Securities Pvt. Ltd.,85,306.5,26052.5,2025-07-22 12:14:40.600578
2025-07-22,124277,2025072204012806,API,Opal Securities Investment (PVT) Ltd.,Sumeru Securities Pvt. Ltd.,910,307.0,279370.0,2025-07-22 12:14:55.884650
2025-07-22,124276,2025072204012807,API,Opal Securities Investment (PVT) Ltd.,Nepal Investment And Securities Trading Private Limited,150,307.0,46050.0,2025-07-22 12:14:55.885684
2025-07-22,124275,2025072204012808,API,Opal Securities Investment (PVT) Ltd.,Agrawal Securities (PVT) Ltd.,200,307.0,61400.0,2025-07-22 12:14:55.886422
2025-07-22,124274,2025072204012809,API,Opal Securities Investment (PVT) Ltd.,Online Securities Pvt. Ltd.,473,307.0,145211.0,2025-07-22 12:14:55.887130
2025-07-22,124074,2025072204012850,API,Sumeru Securities Pvt. Ltd.,Malla & Malla Stock Broking Company Pvt. Limited,200,307.3,61460.0,2025-07-22 12:15:15.431204
2025-07-22,124058,2025072204012856,API,Opal Securities Investment (PVT) Ltd.,Investment Management Nepal Pvt. Ltd.,804,307.0,246828.0,2025-07-22 12:15:16.630088
2025-07-22,124056,2025072204012857,API,Opal Securities Investment (PVT) Ltd.,Primo Securities (PVT) Ltd.,21,307.0,6447.0,2025-07-22 12:15:17.183875
2025-07-22,123925,2025072204012870,API,Vision Securities Pvt. Ltd,Malla & Malla Stock Broking Company Pvt. Limited,300,307.3,92190.0,2025-07-22 12:15:24.492907
2025-07-22,123924,2025072204012871,API,Vision Securities Pvt. Ltd,Aryatara Investment & Securities,45,307.4,13833.0,2025-07-22 12:15:24.493414
2025-07-22,123923,2025072204012872,API,Vision Securities Pvt. Ltd,Ashutosh Brokerage & Securities (PVT) Ltd.,127,307.5,39052.5,2025-07-22 12:15:24.493677
2025-07-22,123922,2025072204012873,API,Vision Securities Pvt. Ltd,Ashutosh Brokerage & Securities (PVT) Ltd.,100,307.5,30750.0,2025-07-22 12:15:24.493914
2025-07-22,123921,2025072204012874,API,Vision Securities Pvt. Ltd,Dipshikha Dhitopatra Karobar Co. Pvt Ltd.,40,307.8,12312.0,2025-07-22 12:15:24.494157
2025-07-22,123920,2025072204012875,API,Vision Securities Pvt. Ltd,Kumari Securities Private Limited,200,307.8,61560.0,2025-07-22 12:15:24.494396
2025-07-22,123919,2025072204012876,API,Vision Securities Pvt. Ltd,ABC Securities Private Limited,500,307.9,153950.0,2025-07-22 12:15:24.494634
2025-07-22,123918,2025072204012877,API,Vision Securities Pvt. Ltd,Aryatara Investment & Securities,500,307.9,153950.0,2025-07-22 12:15:24.495109
2025-07-22,123917,2025072204012878,API,Vision Securities Pvt. Ltd,Kohinoor Investment & Securities Pvt. Ltd.,1000,307.9,307900.0,2025-07-22 12:15:24.495405
2025-07-22,123916,2025072204012879,API,Vision Securities Pvt. Ltd,Vision Securities Pvt. Ltd,50,308.0,15400.0,2025-07-22 12:15:24.495748
2025-07-22,123915,2025072204012880,API,Vision Securities Pvt. Ltd,Thrive Brokerage House Pvt. Ltd,100,308.0,30800.0,2025-07-22 12:15:24.496011
2025-07-22,123914,2025072204012881,API,Vision Securities Pvt. Ltd,Naasa Securities Co. Ltd.,1501,308.0,462308.0,2025-07-22 12:15:24.496324
2025-07-22,123913,2025072204012882,API,Vision Securities Pvt. Ltd,J.F. Securites (PVT) Ltd.,50,308.0,15400.0,2025-07-22 12:15:24.496632
2025-07-22,123912,2025072204012883,API,Vision Securities Pvt. Ltd,Naasa Securities Co. Ltd.,1000,308.0,308000.0,2025-07-22 12:15:24.496891
2025-07-22,123911,2025072204012884,API,Vision Securities Pvt. Ltd,Secured Securities Ltd.,145,308.0,44660.0,2025-07-22 12:15:24.497165
2025-07-22,123910,2025072204012885,API,Vision Securities Pvt. Ltd,Nepal Investment And Securities Trading Private Limited,20,308.0,6160.0,2025-07-22 12:15:24.497432
2025-07-22,123909,2025072204012886,API,Vision Securities Pvt. Ltd,Nepal Investment And Securities Trading Private Limited,1000,308.0,308000.0,2025-07-22 12:15:24.497729
2025-07-22,123908,2025072204012887,API,Vision Securities Pvt. Ltd,Agrawal Securities (PVT) Ltd.,15,308.0,4620.0,2025-07-22 12:15:24.498002
2025-07-22,123907,2025072204012888,API,Vision Securities Pvt. Ltd,Shree Krishna Securities Ltd.,50,308.0,15400.0,2025-07-22 12:15:24.498273
2025-07-22,123906,2025072204012889,API,Vision Securities Pvt. Ltd,Kumari Securities Private Limited,2000,308.0,616000.0,2025-07-22 12:15:24.498553
2025-07-22,123905,2025072204012890,API,Vision Securities Pvt. Ltd,Sumeru Securities Pvt. Ltd.,1257,308.0,387156.0,2025-07-22 12:15:24.498825
2025-07-22,123853,2025072204012901,API,Sumeru Securities Pvt. Ltd.,Sumeru Securities Pvt. Ltd.,200,308.0,61600.0,2025-07-22 12:15:31.500158
2025-07-22,123361,2025072204013014,API,Naasa Securities Co. Ltd.,Online Securities Pvt. Ltd.,52,307.1,15969.2,2025-07-22 12:16:19.362215
2025-07-22,122829,2025072204013114,API,Naasa Securities Co. Ltd.,Sri Hari Securities Pvt. Ltd.,130,307.1,39923.0,2025-07-22 12:16:49.562478
2025-07-22,122104,2025072204013225,API,ABC Securities Private Limited,Online Securities Pvt. Ltd.,100,307.5,30750.0,2025-07-22 12:17:49.920881
2025-07-22,122103,2025072204013226,API,ABC Securities Private Limited,Sumeru Securities Pvt. Ltd.,267,308.0,82236.0,2025-07-22 12:17:49.922003
2025-07-22,122102,2025072204013227,API,ABC Securities Private Limited,Naasa Securities Co. Ltd.,200,308.0,61600.0,2025-07-22 12:17:49.922783
2025-07-22,122101,2025072204013228,API,ABC Securities Private Limited,R.B.B. Securities Company Ltd,1000,308.0,308000.0,2025-07-22 12:17:49.923585
2025-07-22,122100,2025072204013229,API,ABC Securities Private Limited,Nepal Investment And Securities Trading Private Limited,1000,308.0,308000.0,2025-07-22 12:17:49.924371
2025-07-22,122099,2025072204013230,API,ABC Securities Private Limited,Vision Securities Pvt. Ltd,1314,308.0,404712.0,2025-07-22 12:17:49.925161
2025-07-22,122098,2025072204013231,API,ABC Securities Private Limited,Naasa Securities Co. Ltd.,200,308.0,61600.0,2025-07-22 12:17:49.925995
2025-07-22,122097,2025072204013232,API,ABC Securities Private Limited,Creative Securities Pvt Ltd,50,308.0,15400.0,2025-07-22 12:17:49.926784
2025-07-22,122074,2025072204013234,API,ABC Securities Private Limited,Oxford Securities Pvt. Ltd.,55,308.0,16940.0,2025-07-22 12:17:51.454550
2025-07-22,121788,2025072204013290,API,ABC Securities Private Limited,Opal Securities Investment (PVT) Ltd.,151,308.0,46508.0,2025-07-22 12:18:14.888922
2025-07-22,121641,2025072204013319,API,Midas Stock Broking Company Private Limited,Kohinoor Investment & Securities Pvt. Ltd.,62,308.2,19108.4,2025-07-22 12:18:27.968260
2025-07-22,121640,2025072204013320,API,Midas Stock Broking Company Private Limited,Sani Securities Company Ltd.,51,308.2,15718.2,2025-07-22 12:18:27.969400
2025-07-22,121611,2025072204013325,API,ABC Securities Private Limited,Vision Securities Pvt. Ltd,663,308.0,204204.0,2025-07-22 12:18:30.792652
2025-07-22,121610,2025072204013326,API,Vision Securities Pvt. Ltd,Vision Securities Pvt. Ltd,1337,308.0,411796.0,2025-07-22 12:18:30.793132
2025-07-22,121580,2025072204013331,API,Sumeru Securities Pvt. Ltd.,Sani Securities Company Ltd.,200,308.2,61640.0,2025-07-22 12:18:34.207291
2025-07-22,121573,2025072204013332,API,Oxford Securities Pvt. Ltd.,Investment Management Nepal Pvt. Ltd.,25,308.1,7702.5,2025-07-22 12:18:35.896194
2025-07-22,121572,2025072204013333,API,Vision Securities Pvt. Ltd,Investment Management Nepal Pvt. Ltd.,1214,308.0,373912.0,2025-07-22 12:18:35.896701
2025-07-22,120909,2025072204013454,API,Vision Securities Pvt. Ltd,Deevyaa Securities & Stock House Pvt. Ltd,7449,308.0,2294292.0,2025-07-22 12:19:37.166573
2025-07-22,120908,2025072204013455,API,Naasa Securities Co. Ltd.,Deevyaa Securities & Stock House Pvt. Ltd,32,308.0,9856.0,2025-07-22 12:19:37.167024
2025-07-22,120621,2025072204013485,API,Sumeru Securities Pvt. Ltd.,Deevyaa Securities & Stock House Pvt. Ltd,50,308.0,15400.0,2025-07-22 12:19:52.493946
2025-07-22,119720,2025072204013671,API,Dipshikha Dhitopatra Karobar Co. Pvt Ltd.,Oxford Securities Pvt. Ltd.,100,307.2,30720.0,2025-07-22 12:21:02.765991
2025-07-22,119719,2025072204013672,API,Naasa Securities Co. Ltd.,Oxford Securities Pvt. Ltd.,45,307.1,13819.5,2025-07-22 12:21:02.767071
2025-07-22,119587,2025072204013713,API,Naasa Securities Co. Ltd.,Kohinoor Investment & Securities Pvt. Ltd.,273,307.1,83838.3,2025-07-22 12:21:14.045759
2025-07-22,119558,2025072204013717,API,Sumeru Securities Pvt. Ltd.,Kohinoor Investment & Securities Pvt. Ltd.,20,307.1,6142.0,2025-07-22 12:21:17.775959
2025-07-22,118931,2025072204013844,API,Opal Securities Investment (PVT) Ltd.,Primo Securities (PVT) Ltd.,442,306.6,135517.2,2025-07-22 12:22:13.029464
2025-07-22,118930,2025072204013845,API,Vision Securities Pvt. Ltd,Primo Securities (PVT) Ltd.,8915,306.5,2732447.5,2025-07-22 12:22:13.030039
2025-07-22,118929,2025072204013846,API,Naasa Securities Co. Ltd.,Primo Securities (PVT) Ltd.,163,306.5,49959.5,2025-07-22 12:22:13.030480
2025-07-22,118928,2025072204013847,API,ABC Securities Private Limited,Primo Securities (PVT) Ltd.,681,306.0,208386.0,2025-07-22 12:22:13.030873
2025-07-22,118635,2025072204013894,API,Elite Stock House Limited,Naasa Securities Co. Ltd.,17,307.0,5219.0,2025-07-22 12:22:40.758087
2025-07-22,118622,2025072204013898,API,Elite Stock House Limited,Dynamic Money Managers Securities Pvt. Ltd.,48,307.0,14736.0,2025-07-22 12:22:44.477035
2025-07-22,118621,2025072204013899,API,Imperial Securities Company Pvt. Ltd.,Dynamic Money Managers Securities Pvt. Ltd.,50,306.2,15310.0,2025-07-22 12:22:44.477544
2025-07-22,118620,2025072204013900,API,ABC Securities Private Limited,Dynamic Money Managers Securities Pvt. Ltd.,102,306.0,31212.0,2025-07-22 12:22:44.477805
2025-07-22,117970,2025072204014012,API,Vision Securities Pvt. Ltd,Trishakti Securities Public Limited,200,307.0,61400.0,2025-07-22 12:23:47.399459
2025-07-22,117969,2025072204014013,API,Vision Securities Pvt. Ltd,Nepal Investment And Securities Trading Private Limited,200,307.0,61400.0,2025-07-22 12:23:47.399949
2025-07-22,117327,2025072204014119,API,Vision Securities Pvt. Ltd,Dakshinkali Investment & Securities Pvt. Ltd.,275,307.0,84425.0,2025-07-22 12:24:38.599866
2025-07-22,117167,2025072204014172,API,Dipshikha Dhitopatra Karobar Co. Pvt Ltd.,Kohinoor Investment & Securities Pvt. Ltd.,1707,307.1,524219.7,2025-07-22 12:24:52.956242
2025-07-22,116284,2025072204014348,API,Vision Securities Pvt. Ltd,Sumeru Securities Pvt. Ltd.,81,308.0,24948.0,2025-07-22 12:26:06.232396
2025-07-22,116283,2025072204014349,API,Vision Securities Pvt. Ltd,Imperial Securities Company Pvt. Ltd.,1000,308.0,308000.0,2025-07-22 12:26:06.233541
2025-07-22,116282,2025072204014350,API,Vision Securities Pvt. Ltd,Naasa Securities Co. Ltd.,200,308.0,61600.0,2025-07-22 12:26:06.234496
2025-07-22,116281,2025072204014351,API,Vision Securities Pvt. Ltd,Creative Securities Pvt Ltd,1500,308.0,462000.0,2025-07-22 12:26:06.235045
2025-07-22,116280,2025072204014352,API,Vision Securities Pvt. Ltd,Online Securities Pvt. Ltd.,789,308.0,243012.0,2025-07-22 12:26:06.235353
2025-07-22,116279,2025072204014353,API,Vision Securities Pvt. Ltd,Kohinoor Investment & Securities Pvt. Ltd.,1430,308.0,440440.0,2025-07-22 12:26:06.235635
2025-07-22,116120,2025072204014383,API,Deevyaa Securities & Stock House Pvt. Ltd,Market Securities & Exchange (PVT) Ltd.,1500,307.1,460650.0,2025-07-22 12:26:21.812232
2025-07-22,116119,2025072204014384,API,Vision Securities Pvt. Ltd,Market Securities & Exchange (PVT) Ltd.,82,307.0,25174.0,2025-07-22 12:26:21.812304
2025-07-22,115129,2025072204014638,API,Dipshikha Dhitopatra Karobar Co. Pvt Ltd.,Naasa Securities Co. Ltd.,50,307.1,15355.0,2025-07-22 12:27:31.431807
2025-07-22,114944,2025072204014673,API,Vision Securities Pvt. Ltd,Online Securities Pvt. Ltd.,105,307.0,32235.0,2025-07-22 12:27:48.734454
2025-07-22,114843,2025072204014696,API,Vision Securities Pvt. Ltd,Opal Securities Investment (PVT) Ltd.,880,307.0,270160.0,2025-07-22 12:27:57.793588
2025-07-22,114547,2025072204014738,API,Premier Securities Company Ltd.,Opal Securities Investment (PVT) Ltd.,100,307.1,30710.0,2025-07-22 12:28:21.946587
2025-07-22,114389,2025072204014760,API,Opal Securities Investment (PVT) Ltd.,Aryatara Investment & Securities,257,307.2,78950.4,2025-07-22 12:28:42.067182
2025-07-22,114355,2025072204014764,API,Trisul Securities & Invt. Ltd.,Kumari Securities Private Limited,500,307.9,153950.0,2025-07-22 12:28:46.710911
2025-07-22,114187,2025072204014792,API,Opal Securities Investment (PVT) Ltd.,KALASH STOCK MARKET PVT. LTD.,200,307.5,61500.0,2025-07-22 12:29:02.248889
2025-07-22,114186,2025072204014793,API,Opal Securities Investment (PVT) Ltd.,KALASH STOCK MARKET PVT. LTD.,800,307.2,245760.0,2025-07-22 12:29:02.249416
2025-07-22,113717,2025072204014891,API,Market Securities & Exchange (PVT) Ltd.,Kohinoor Investment & Securities Pvt. Ltd.,300,308.0,92400.0,2025-07-22 12:29:50.760489
2025-07-22,113021,2025072204015055,API,Nepal Stock House (PVT) Ltd.,Kohinoor Investment & Securities Pvt. Ltd.,11,308.0,3388.0,2025-07-22 12:30:49.025988
2025-07-22,112990,2025072204015061,API,Opal Securities Investment (PVT) Ltd.,Kohinoor Investment & Securities Pvt. Ltd.,100,307.3,30730.0,2025-07-22 12:30:51.791433
2025-07-22,112989,2025072204015062,API,Opal Securities Investment (PVT) Ltd.,Kohinoor Investment & Securities Pvt. Ltd.,100,307.2,30720.0,2025-07-22 12:30:51.791986
2025-07-22,112355,2025072204015172,API,Opal Securities Investment (PVT) Ltd.,Naasa Securities Co. Ltd.,56,307.2,17203.2,2025-07-22 12:31:56.026101
2025-07-22,112072,2025072204015276,API,Opal Securities Investment (PVT) Ltd.,Imperial Securities Company Pvt. Ltd.,55,307.2,16896.0,2025-07-22 12:32:24.214972
2025-07-22,111968,2025072204015296,API,Opal Securities Investment (PVT) Ltd.,Online Securities Pvt. Ltd.,500,307.2,153600.0,2025-07-22 12:32:32.987426
2025-07-22,111259,2025072204015466,API,Online Securities Pvt. Ltd.,South Asian Bulls Pvt. Ltd.,135,307.3,41485.5,2025-07-22 12:33:41.924870
2025-07-22,111169,2025072204015476,API,Online Securities Pvt. Ltd.,Creative Securities Pvt Ltd,24,307.3,7375.2,2025-07-22 12:33:49.416700
2025-07-22,111153,2025072204015481,API,Online Securities Pvt. Ltd.,Opal Securities Investment (PVT) Ltd.,4341,307.3,1333989.3,2025-07-22 12:33:51.555594
2025-07-22,111152,2025072204015482,API,Opal Securities Investment (PVT) Ltd.,Opal Securities Investment (PVT) Ltd.,159,307.2,48844.8,2025-07-22 12:33:51.555688
2025-07-22,110890,2025072204015562,API,Kalika Securities Pvt. Ltd.,Kalika Securities Pvt. Ltd.,4,301.1,1204.4,2025-07-22 12:34:14.736472
2025-07-22,110627,2025072204015641,API,Opal Securities Investment (PVT) Ltd.,Naasa Securities Co. Ltd.,30,307.2,9216.0,2025-07-22 12:34:36.708797
2025-07-22,110573,2025072204015649,API,Sundhara Securities Limited,Kumari Securities Private Limited,10,307.9,3079.0,2025-07-22 12:34:44.178353
2025-07-22,110462,2025072204015684,API,Opal Securities Investment (PVT) Ltd.,Kalika Securities Pvt. Ltd.,205,307.2,62976.0,2025-07-22 12:34:55.072133
2025-07-22,110089,2025072204015772,API,Opal Securities Investment (PVT) Ltd.,Naasa Securities Co. Ltd.,100,307.2,30720.0,2025-07-22 12:35:38.337222
2025-07-22,109892,2025072204015797,API,Sumeru Securities Pvt. Ltd.,Kohinoor Investment & Securities Pvt. Ltd.,259,307.3,79590.7,2025-07-22 12:35:57.569510
2025-07-22,109705,2025072204015846,API,Opal Securities Investment (PVT) Ltd.,Pragyan Securities (PVT) Ltd.,100,307.5,30750.0,2025-07-22 12:36:15.801614
2025-07-22,109673,2025072204015855,API,Sri Hari Securities Pvt. Ltd.,Aryatara Investment & Securities,100,307.8,30780.0,2025-07-22 12:36:18.486804
2025-07-22,109558,2025072204015873,API,Opal Securities Investment (PVT) Ltd.,Aryatara Investment & Securities,150,307.8,46170.0,2025-07-22 12:36:24.402376
2025-07-22,109424,2025072204015911,API,Agrawal Securities (PVT) Ltd.,Aryatara Investment & Securities,50,307.8,15390.0,2025-07-22 12:36:31.778686
2025-07-22,109320,2025072204015937,API,Agrawal Securities (PVT) Ltd.,Swarna Laxmi Securities Pvt. Ltd.,150,307.8,46170.0,2025-07-22 12:36:39.830626
2025-07-22,109319,2025072204015938,API,Opal Securities Investment (PVT) Ltd.,Swarna Laxmi Securities Pvt. Ltd.,850,307.5,261375.0,2025-07-22 12:36:39.831262
2025-07-22,109251,2025072204015955,API,Investment Management Nepal Pvt. Ltd.,Trishakti Securities Public Limited,40,307.6,12304.0,2025-07-22 12:36:44.299522
2025-07-22,109250,2025072204015956,API,Opal Securities Investment (PVT) Ltd.,Trishakti Securities Public Limited,60,307.5,18450.0,2025-07-22 12:36:44.300733
2025-07-22,109218,2025072204015966,API,Opal Securities Investment (PVT) Ltd.,Dynamic Money Managers Securities Pvt. Ltd.,420,307.5,129150.0,2025-07-22 12:36:49.225577
2025-07-22,109182,2025072204015992,API,Opal Securities Investment (PVT) Ltd.,Naasa Securities Co. Ltd.,18,307.5,5535.0,2025-07-22 12:36:51.545843
2025-07-22,109082,2025072204016021,API,Opal Securities Investment (PVT) Ltd.,Nepal Stock House (PVT) Ltd.,50,307.5,15375.0,2025-07-22 12:37:00.603361
2025-07-22,109066,2025072204016024,API,Agrawal Securities (PVT) Ltd.,Kumari Securities Private Limited,190,307.9,58501.0,2025-07-22 12:37:01.998775
2025-07-22,109065,2025072204016025,API,Agrawal Securities (PVT) Ltd.,Thrive Brokerage House Pvt. Ltd,160,307.9,49264.0,2025-07-22 12:37:01.999400
2025-07-22,109045,2025072204016029,API,NIMB Stock Markets Limited,Thrive Brokerage House Pvt. Ltd,162,307.9,49879.8,2025-07-22 12:37:05.922450
2025-07-22,108760,2025072204016079,API,Investment Management Nepal Pvt. Ltd.,Thrive Brokerage House Pvt. Ltd,78,307.9,24016.2,2025-07-22 12:37:36.464227
2025-07-22,108759,2025072204016080,API,Investment Management Nepal Pvt. Ltd.,Linch Stock Market Ltd.,200,307.9,61580.0,2025-07-22 12:37:36.464800
2025-07-22,108758,2025072204016081,API,Investment Management Nepal Pvt. Ltd.,Sumeru Securities Pvt. Ltd.,50,307.9,15395.0,2025-07-22 12:37:36.465153
2025-07-22,108655,2025072204016133,API,Investment Management Nepal Pvt. Ltd.,Swarna Laxmi Securities Pvt. Ltd.,72,307.9,22168.8,2025-07-22 12:37:46.063752
2025-07-22,108654,2025072204016134,API,Opal Securities Investment (PVT) Ltd.,Swarna Laxmi Securities Pvt. Ltd.,240,307.5,73800.0,2025-07-22 12:37:46.064344
2025-07-22,108652,2025072204016135,API,Opal Securities Investment (PVT) Ltd.,Swarna Laxmi Securities Pvt. Ltd.,50,307.5,15375.0,2025-07-22 12:37:46.064741
2025-07-22,108651,2025072204016136,API,Aryatara Investment & Securities,Swarna Laxmi Securities Pvt. Ltd.,10,307.5,3075.0,2025-07-22 12:37:46.065116
2025-07-22,108650,2025072204016137,API,Sumeru Securities Pvt. Ltd.,Swarna Laxmi Securities Pvt. Ltd.,628,307.3,192984.4,2025-07-22 12:37:46.065521
2025-07-22,108380,2025072204016191,API,J.F. Securites (PVT) Ltd.,Creative Securities Pvt Ltd,40,308.0,12320.0,2025-07-22 12:38:12.817643
2025-07-22,107629,2025072204016370,API,Sumeru Securities Pvt. Ltd.,ABC Securities Private Limited,200,307.3,61460.0,2025-07-22 12:39:15.124398
2025-07-22,107227,2025072204016410,API,ABC Securities Private Limited,Creative Securities Pvt Ltd,19,308.0,5852.0,2025-07-22 12:39:51.440393
2025-07-22,106652,2025072204016552,API,Malla & Malla Stock Broking Company Pvt. Limited,Sri Hari Securities Pvt. Ltd.,50,307.2,15360.0,2025-07-22 12:41:00.070484
2025-07-22,106504,2025072204016570,API,Premier Securities Company Ltd.,Dipshikha Dhitopatra Karobar Co. Pvt Ltd.,2,301.9,603.8,2025-07-22 12:41:15.404744
2025-07-22,106289,2025072204016618,API,Malla & Malla Stock Broking Company Pvt. Limited,Sri Hari Securities Pvt. Ltd.,45,307.2,13824.0,2025-07-22 12:41:38.509349
2025-07-22,106282,2025072204016620,API,Online Securities Pvt. Ltd.,Creative Securities Pvt Ltd,1441,308.0,443828.0,2025-07-22 12:41:39.838005
2025-07-22,106281,2025072204016621,API,Online Securities Pvt. Ltd.,Dynamic Money Managers Securities Pvt. Ltd.,55,308.0,16940.0,2025-07-22 12:41:39.838618
2025-07-22,106280,2025072204016622,API,Online Securities Pvt. Ltd.,Primo Securities (PVT) Ltd.,100,308.0,30800.0,2025-07-22 12:41:39.838926
2025-07-22,106279,2025072204016623,API,Online Securities Pvt. Ltd.,Kalika Securities Pvt. Ltd.,500,308.0,154000.0,2025-07-22 12:41:39.839229
2025-07-22,106278,2025072204016624,API,Online Securities Pvt. Ltd.,Naasa Securities Co. Ltd.,42,308.0,12936.0,2025-07-22 12:41:39.839538
2025-07-22,106277,2025072204016625,API,Online Securities Pvt. Ltd.,Nepal Stock House (PVT) Ltd.,500,308.0,154000.0,2025-07-22 12:41:39.839899
2025-07-22,106276,2025072204016626,API,Online Securities Pvt. Ltd.,Deevyaa Securities & Stock House Pvt. Ltd,500,308.0,154000.0,2025-07-22 12:41:39.840200
2025-07-22,106275,2025072204016627,API,Online Securities Pvt. Ltd.,Linch Stock Market Ltd.,790,308.0,243320.0,2025-07-22 12:41:39.840505
2025-07-22,106274,2025072204016628,API,Online Securities Pvt. Ltd.,Imperial Securities Company Pvt. Ltd.,154,308.0,47432.0,2025-07-22 12:41:39.840805
2025-07-22,106273,2025072204016629,API,Online Securities Pvt. Ltd.,Sundhara Securities Limited,159,308.0,48972.0,2025-07-22 12:41:39.841103
2025-07-22,106272,2025072204016630,API,Online Securities Pvt. Ltd.,Nepal Investment And Securities Trading Private Limited,1000,308.0,308000.0,2025-07-22 12:41:39.841405
2025-07-22,106271,2025072204016631,API,Online Securities Pvt. Ltd.,Trishakti Securities Public Limited,1560,308.0,480480.0,2025-07-22 12:41:39.841705
2025-07-22,106270,2025072204016632,API,Online Securities Pvt. Ltd.,J.F. Securites (PVT) Ltd.,150,308.0,46200.0,2025-07-22 12:41:39.842006
2025-07-22,106269,2025072204016633,API,Online Securities Pvt. Ltd.,Dynamic Money Managers Securities Pvt. Ltd.,10,308.0,3080.0,2025-07-22 12:41:39.842303
2025-07-22,106268,2025072204016634,API,Online Securities Pvt. Ltd.,Aryatara Investment & Securities,32,308.0,9856.0,2025-07-22 12:41:39.842608
2025-07-22,106267,2025072204016635,API,Online Securities Pvt. Ltd.,Siprabi Securities Pvt. Ltd.,574,308.0,176792.0,2025-07-22 12:41:39.842903
2025-07-22,106266,2025072204016636,API,Online Securities Pvt. Ltd.,Premier Securities Company Ltd.,1000,308.0,308000.0,2025-07-22 12:41:39.843226
2025-07-22,105990,2025072204016722,API,Imperial Securities Company Pvt. Ltd.,South Asian Bulls Pvt. Ltd.,30,308.1,9243.0,2025-07-22 12:42:06.731769
2025-07-22,105445,2025072204016851,API,Sumeru Securities Pvt. Ltd.,Sundhara Securities Limited,500,308.0,154000.0,2025-07-22 12:43:03.019198
2025-07-22,105444,2025072204016852,API,Sumeru Securities Pvt. Ltd.,Naasa Securities Co. Ltd.,11,308.0,3388.0,2025-07-22 12:43:03.019782
2025-07-22,105443,2025072204016853,API,Sumeru Securities Pvt. Ltd.,Opal Securities Investment (PVT) Ltd.,109,308.1,33582.9,2025-07-22 12:43:03.020119
2025-07-22,105442,2025072204016854,API,Sumeru Securities Pvt. Ltd.,Sani Securities Company Ltd.,749,308.2,230841.8,2025-07-22 12:43:03.020422
2025-07-22,105441,2025072204016855,API,Sumeru Securities Pvt. Ltd.,Pragyan Securities (PVT) Ltd.,200,308.2,61640.0,2025-07-22 12:43:03.020784
2025-07-22,105440,2025072204016856,API,Sumeru Securities Pvt. Ltd.,K.B.L. Securities Limited ,250,308.2,77050.0,2025-07-22 12:43:03.021205
2025-07-22,105439,2025072204016857,API,Sumeru Securities Pvt. Ltd.,Online Securities Pvt. Ltd.,248,308.2,76433.6,2025-07-22 12:43:03.021560
2025-07-22,105438,2025072204016858,API,Sumeru Securities Pvt. Ltd.,Opal Securities Investment (PVT) Ltd.,1140,308.3,351462.0,2025-07-22 12:43:03.021951
2025-07-22,105437,2025072204016859,API,Sumeru Securities Pvt. Ltd.,KALASH STOCK MARKET PVT. LTD.,1000,308.4,308400.0,2025-07-22 12:43:03.022332
2025-07-22,105436,2025072204016860,API,Sumeru Securities Pvt. Ltd.,Naasa Securities Co. Ltd.,375,308.5,115687.5,2025-07-22 12:43:03.022694
2025-07-22,105435,2025072204016861,API,Sumeru Securities Pvt. Ltd.,Linch Stock Market Ltd.,60,308.5,18510.0,2025-07-22 12:43:03.023084
2025-07-22,105434,2025072204016862,API,Sumeru Securities Pvt. Ltd.,Bhrikuti Stock Broking Co. Pvt. Ltd.,758,308.5,233843.0,2025-07-22 12:43:03.023464
2025-07-22,105071,2025072204016930,API,Online Securities Pvt. Ltd.,Imperial Securities Company Pvt. Ltd.,42,308.0,12936.0,2025-07-22 12:43:34.229005
2025-07-22,105014,2025072204016932,API,Premier Securities Company Ltd.,Property Wiard Limited,20,308.1,6162.0,2025-07-22 12:43:38.809565
2025-07-22,105013,2025072204016933,API,Online Securities Pvt. Ltd.,Property Wiard Limited,958,308.0,295064.0,2025-07-22 12:43:38.810202
2025-07-22,104793,2025072204016968,API,Online Securities Pvt. Ltd.,Imperial Securities Company Pvt. Ltd.,30,307.3,9219.0,2025-07-22 12:44:03.648210
2025-07-22,104590,2025072204017006,API,Online Securities Pvt. Ltd.,Opal Securities Investment (PVT) Ltd.,1403,307.3,431141.9,2025-07-22 12:44:28.720850
2025-07-22,104589,2025072204017007,API,SHUBHAKAMANA SECURITIES PVT. LTD,Opal Securities Investment (PVT) Ltd.,100,307.3,30730.0,2025-07-22 12:44:28.720948
2025-07-22,104588,2025072204017008,API,Malla & Malla Stock Broking Company Pvt. Limited,Opal Securities Investment (PVT) Ltd.,405,307.2,124416.0,2025-07-22 12:44:28.720986
2025-07-22,104587,2025072204017009,API,Naasa Securities Co. Ltd.,Opal Securities Investment (PVT) Ltd.,250,307.2,76800.0,2025-07-22 12:44:28.721014
2025-07-22,104586,2025072204017010,API,Online Securities Pvt. Ltd.,Opal Securities Investment (PVT) Ltd.,2842,307.2,873062.4,2025-07-22 12:44:28.721039
2025-07-22,104352,2025072204017062,API,Online Securities Pvt. Ltd.,J.F. Securites (PVT) Ltd.,89,307.2,27340.8,2025-07-22 12:44:57.239033
2025-07-22,104151,2025072204017097,API,Online Securities Pvt. Ltd.,Siprabi Securities Pvt. Ltd.,248,307.2,76185.6,2025-07-22 12:45:21.081855
2025-07-22,104150,2025072204017098,API,Online Securities Pvt. Ltd.,Creative Securities Pvt Ltd,154,307.2,47308.8,2025-07-22 12:45:21.098692
2025-07-22,103945,2025072204017154,API,Online Securities Pvt. Ltd.,Thrive Brokerage House Pvt. Ltd,1000,307.2,307200.0,2025-07-22 12:45:45.353507
2025-07-22,103932,2025072204017155,API,Thrive Brokerage House Pvt. Ltd,Property Wiard Limited,22,308.0,6776.0,2025-07-22 12:45:47.361422
2025-07-22,103931,2025072204017156,API,Thrive Brokerage House Pvt. Ltd,Imperial Securities Company Pvt. Ltd.,30,308.0,9240.0,2025-07-22 12:45:47.362691
2025-07-22,103930,2025072204017157,API,Thrive Brokerage House Pvt. Ltd,Kalika Securities Pvt. Ltd.,48,308.0,14784.0,2025-07-22 12:45:47.363727
2025-07-22,103649,2025072204017209,API,Online Securities Pvt. Ltd.,Aryatara Investment & Securities,200,307.3,61460.0,2025-07-22 12:46:19.070261
2025-07-22,103648,2025072204017210,API,Online Securities Pvt. Ltd.,Kalika Securities Pvt. Ltd.,452,308.0,139216.0,2025-07-22 12:46:19.070904
2025-07-22,103647,2025072204017211,API,Online Securities Pvt. Ltd.,Kumari Securities Private Limited,300,308.0,92400.0,2025-07-22 12:46:19.071276
2025-07-22,103646,2025072204017212,API,Online Securities Pvt. Ltd.,Midas Stock Broking Company Private Limited,54,308.0,16632.0,2025-07-22 12:46:19.071603
2025-07-22,103645,2025072204017213,API,Online Securities Pvt. Ltd.,Trisul Securities & Invt. Ltd.,10,308.0,3080.0,2025-07-22 12:46:19.071907
2025-07-22,103644,2025072204017214,API,Online Securities Pvt. Ltd.,Nepal Investment And Securities Trading Private Limited,1000,308.0,308000.0,2025-07-22 12:46:19.072200
2025-07-22,103643,2025072204017215,API,Online Securities Pvt. Ltd.,Sani Securities Company Ltd.,500,308.0,154000.0,2025-07-22 12:46:19.072517
2025-07-22,103143,2025072204017335,API,Premier Securities Company Ltd.,Premier Securities Company Ltd.,2,301.9,603.8,2025-07-22 12:47:15.486825
2025-07-22,103136,2025072204017337,API,Online Securities Pvt. Ltd.,Linch Stock Market Ltd.,10,307.2,3072.0,2025-07-22 12:47:16.606461
2025-07-22,102979,2025072204017372,API,Online Securities Pvt. Ltd.,Trisul Securities & Invt. Ltd.,76,307.2,23347.2,2025-07-22 12:47:28.473364
2025-07-22,102800,2025072204017406,API,Cristal Kanchanjanga Securites Pvt. Ltd.,Kumari Securities Private Limited,50,307.3,15365.0,2025-07-22 12:47:48.344147
2025-07-22,102630,2025072204017433,API,Aryatara Investment & Securities,Sewa Securities Pvt. Ltd.,230,307.5,70725.0,2025-07-22 12:48:02.753832
2025-07-22,102559,2025072204017454,API,Online Securities Pvt. Ltd.,Sewa Securities Pvt. Ltd.,270,307.5,83025.0,2025-07-22 12:48:10.533804
2025-07-22,102558,2025072204017455,API,Online Securities Pvt. Ltd.,Kohinoor Investment & Securities Pvt. Ltd.,745,308.0,229460.0,2025-07-22 12:48:10.534613
2025-07-22,102063,2025072204017557,API,SHUBHAKAMANA SECURITIES PVT. LTD,Aryatara Investment & Securities,100,307.3,30730.0,2025-07-22 12:49:01.845137
2025-07-22,101965,2025072204017572,API,Kumari Securities Private Limited,Aryatara Investment & Securities,50,307.3,15365.0,2025-07-22 12:49:13.945304
2025-07-22,101964,2025072204017573,API,Kumari Securities Private Limited,Vision Securities Pvt. Ltd,950,307.9,292505.0,2025-07-22 12:49:13.946620
2025-07-22,101592,2025072204017648,API,Agrawal Securities (PVT) Ltd.,Vision Securities Pvt. Ltd,50,307.9,15395.0,2025-07-22 12:49:48.235037
2025-07-22,101591,2025072204017649,API,Agrawal Securities (PVT) Ltd.,Sani Securities Company Ltd.,30,307.9,9237.0,2025-07-22 12:49:48.236681
2025-07-22,101590,2025072204017650,API,Agrawal Securities (PVT) Ltd.,Kohinoor Investment & Securities Pvt. Ltd.,255,308.0,78540.0,2025-07-22 12:49:48.238110
2025-07-22,101589,2025072204017651,API,Agrawal Securities (PVT) Ltd.,Online Securities Pvt. Ltd.,10,308.0,3080.0,2025-07-22 12:49:48.239517
2025-07-22,101588,2025072204017652,API,Agrawal Securities (PVT) Ltd.,Ashutosh Brokerage & Securities (PVT) Ltd.,655,308.0,201740.0,2025-07-22 12:49:48.240882
2025-07-22,101103,2025072204017757,API,Investment Management Nepal Pvt. Ltd.,Primo Securities (PVT) Ltd.,10,307.3,3073.0,2025-07-22 12:50:41.149705
2025-07-22,101102,2025072204017758,API,Imperial Securities Company Pvt. Ltd.,Primo Securities (PVT) Ltd.,10,307.3,3073.0,2025-07-22 12:50:41.151089
2025-07-22,101101,2025072204017759,API,Online Securities Pvt. Ltd.,Primo Securities (PVT) Ltd.,134,307.2,41164.8,2025-07-22 12:50:41.152147
2025-07-22,100987,2025072204017800,API,Secured Securities Ltd.,Deevyaa Securities & Stock House Pvt. Ltd,125,307.3,38412.5,2025-07-22 12:50:53.534622
2025-07-22,100902,2025072204017808,API,Secured Securities Ltd.,Online Securities Pvt. Ltd.,210,307.3,64533.0,2025-07-22 12:51:03.375305
2025-07-22,100683,2025072204017882,API,Vision Securities Pvt. Ltd,Agrawal Securities (PVT) Ltd.,10,307.5,3075.0,2025-07-22 12:51:26.071584
2025-07-22,100682,2025072204017883,API,Vision Securities Pvt. Ltd,Ashutosh Brokerage & Securities (PVT) Ltd.,190,308.0,58520.0,2025-07-22 12:51:26.072197
2025-07-22,100528,2025072204017923,API,Secured Securities Ltd.,Primo Securities (PVT) Ltd.,369,307.3,113393.7,2025-07-22 12:51:38.309187
2025-07-22,100504,2025072204017929,API,Secured Securities Ltd.,Online Securities Pvt. Ltd.,12,307.3,3687.6,2025-07-22 12:51:41.709875
2025-07-22,100362,2025072204017976,API,Vision Securities Pvt. Ltd,Ashutosh Brokerage & Securities (PVT) Ltd.,100,308.0,30800.0,2025-07-22 12:52:00.501642
2025-07-22,100176,2025072204018018,API,Sri Hari Securities Pvt. Ltd.,Ashutosh Brokerage & Securities (PVT) Ltd.,62,308.0,19096.0,2025-07-22 12:52:23.315377
2025-07-22,100119,2025072204018033,API,Secured Securities Ltd.,Dipshikha Dhitopatra Karobar Co. Pvt Ltd.,25,307.3,7682.5,2025-07-22 12:52:29.896265
2025-07-22,99633,2025072204018149,API,Imperial Securities Company Pvt. Ltd.,Ashutosh Brokerage & Securities (PVT) Ltd.,15,308.0,4620.0,2025-07-22 12:53:20.716335
2025-07-22,99603,2025072204018161,API,KALASH STOCK MARKET PVT. LTD.,Ashutosh Brokerage & Securities (PVT) Ltd.,1000,308.0,308000.0,2025-07-22 12:53:24.023119
2025-07-22,99599,2025072204018165,API,South Asian Bulls Pvt. Ltd.,Naasa Securities Co. Ltd.,10,307.5,3075.0,2025-07-22 12:53:24.558501
2025-07-22,99568,2025072204018172,API,Sumeru Securities Pvt. Ltd.,Ashutosh Brokerage & Securities (PVT) Ltd.,90,308.0,27720.0,2025-07-22 12:53:29.583546
2025-07-22,99549,2025072204018173,API,Secured Securities Ltd.,Kohinoor Investment & Securities Pvt. Ltd.,100,307.3,30730.0,2025-07-22 12:53:32.157259
2025-07-22,99295,2025072204018239,API,Sewa Securities Pvt. Ltd.,Ashutosh Brokerage & Securities (PVT) Ltd.,73,308.0,22484.0,2025-07-22 12:53:56.823879
2025-07-22,99294,2025072204018240,API,Sewa Securities Pvt. Ltd.,Opal Securities Investment (PVT) Ltd.,1000,308.0,308000.0,2025-07-22 12:53:56.824512
2025-07-22,99293,2025072204018241,API,Sewa Securities Pvt. Ltd.,Nepal Investment And Securities Trading Private Limited,1000,308.0,308000.0,2025-07-22 12:53:56.824867
2025-07-22,99292,2025072204018242,API,Sewa Securities Pvt. Ltd.,Naasa Securities Co. Ltd.,30,308.0,9240.0,2025-07-22 12:53:56.825206
2025-07-22,99291,2025072204018243,API,Sewa Securities Pvt. Ltd.,Opal Securities Investment (PVT) Ltd.,600,308.0,184800.0,2025-07-22 12:53:56.825546
2025-07-22,99290,2025072204018244,API,Sewa Securities Pvt. Ltd.,Imperial Securities Company Pvt. Ltd.,262,308.0,80696.0,2025-07-22 12:53:56.825923
2025-07-22,98991,2025072204018315,API,Miyo Securities Pvt Ltd,Sweta Securities Private Limited,100,308.1,30810.0,2025-07-22 12:54:30.058334
2025-07-22,98580,2025072204018419,API,Kalika Securities Pvt. Ltd.,Asian Securities Private Ltd.,20,308.0,6160.0,2025-07-22 12:55:16.584374
2025-07-22,98251,2025072204018514,API,Midas Stock Broking Company Private Limited,Asian Securities Private Ltd.,10,308.0,3080.0,2025-07-22 12:55:56.526049
2025-07-22,98250,2025072204018515,API,Midas Stock Broking Company Private Limited,KALASH STOCK MARKET PVT. LTD.,170,308.0,52360.0,2025-07-22 12:55:56.527394
2025-07-22,97929,2025072204018583,API,Naasa Securities Co. Ltd.,KALASH STOCK MARKET PVT. LTD.,20,308.0,6160.0,2025-07-22 12:56:30.850590
2025-07-22,97479,2025072204018671,API,Sani Securities Company Ltd.,Imperial Securities Company Pvt. Ltd.,200,307.7,61540.0,2025-07-22 12:57:27.669888
2025-07-22,97478,2025072204018672,API,Online Securities Pvt. Ltd.,Imperial Securities Company Pvt. Ltd.,273,307.6,83974.8,2025-07-22 12:57:27.670507
2025-07-22,97449,2025072204018676,API,Online Securities Pvt. Ltd.,Dipshikha Dhitopatra Karobar Co. Pvt Ltd.,107,307.6,32913.2,2025-07-22 12:57:30.608266
2025-07-22,97048,2025072204018738,API,Online Securities Pvt. Ltd.,Agrawal Securities (PVT) Ltd.,28,307.6,8612.8,2025-07-22 12:58:06.564395
2025-07-22,96923,2025072204018753,API,Online Securities Pvt. Ltd.,Sajilo Broker Limited,100,307.6,30760.0,2025-07-22 12:58:18.411375
2025-07-22,96909,2025072204018755,API,Sumeru Securities Pvt. Ltd.,ABC Securities Private Limited,300,307.7,92310.0,2025-07-22 12:58:20.107438
2025-07-22,96389,2025072204018877,API,Premier Securities Company Ltd.,Dipshikha Dhitopatra Karobar Co. Pvt Ltd.,121,308.0,37268.0,2025-07-22 12:59:11.657390
2025-07-22,96388,2025072204018878,API,Premier Securities Company Ltd.,Kohinoor Investment & Securities Pvt. Ltd.,379,308.0,116732.0,2025-07-22 12:59:11.658036
2025-07-22,96175,2025072204018924,API,Siprabi Securities Pvt. Ltd.,Kohinoor Investment & Securities Pvt. Ltd.,80,308.0,24640.0,2025-07-22 12:59:37.176693
2025-07-22,96020,2025072204018981,API,Online Securities Pvt. Ltd.,Kohinoor Investment & Securities Pvt. Ltd.,541,308.0,166628.0,2025-07-22 12:59:55.358119
2025-07-22,96019,2025072204018982,API,Online Securities Pvt. Ltd.,Thrive Brokerage House Pvt. Ltd,2000,308.0,616000.0,2025-07-22 12:59:55.358773
2025-07-22,96018,2025072204018983,API,Online Securities Pvt. Ltd.,Linch Stock Market Ltd.,90,308.0,27720.0,2025-07-22 12:59:55.359211
2025-07-22,96017,2025072204018984,API,Online Securities Pvt. Ltd.,KALASH STOCK MARKET PVT. LTD.,812,308.0,250096.0,2025-07-22 12:59:55.359587
2025-07-22,96016,2025072204018985,API,Online Securities Pvt. Ltd.,Siprabi Securities Pvt. Ltd.,496,308.0,152768.0,2025-07-22 12:59:55.359970
2025-07-22,96000,2025072204018987,API,Vision Securities Pvt. Ltd,J.F. Securites (PVT) Ltd.,89,307.7,27385.3,2025-07-22 12:59:57.062911
2025-07-22,95716,2025072204019068,API,Vision Securities Pvt. Ltd,Investment Management Nepal Pvt. Ltd.,392,307.7,120618.4,2025-07-22 13:00:23.869966
2025-07-22,95594,2025072204019087,API,Aryatara Investment & Securities,Dipshikha Dhitopatra Karobar Co. Pvt Ltd.,1000,307.9,307900.0,2025-07-22 13:00:36.730588
2025-07-22,94936,2025072204019214,API,Trishakti Securities Public Limited,Siprabi Securities Pvt. Ltd.,254,308.0,78232.0,2025-07-22 13:01:37.743823
2025-07-22,94935,2025072204019215,API,Trishakti Securities Public Limited,Dipshikha Dhitopatra Karobar Co. Pvt Ltd.,50,308.0,15400.0,2025-07-22 13:01:37.745244
2025-07-22,94934,2025072204019216,API,Trishakti Securities Public Limited,Pragyan Securities (PVT) Ltd.,100,308.0,30800.0,2025-07-22 13:01:37.746447
2025-07-22,94933,2025072204019217,API,Trishakti Securities Public Limited,Midas Stock Broking Company Private Limited,100,308.0,30800.0,2025-07-22 13:01:37.747601
2025-07-22,94932,2025072204019218,API,Trishakti Securities Public Limited,South Asian Bulls Pvt. Ltd.,70,308.2,21574.0,2025-07-22 13:01:37.748737
2025-07-22,94931,2025072204019219,API,Trishakti Securities Public Limited,Opal Securities Investment (PVT) Ltd.,1000,308.2,308200.0,2025-07-22 13:01:37.749891
2025-07-22,94930,2025072204019220,API,Trishakti Securities Public Limited,Agrawal Securities (PVT) Ltd.,100,308.2,30820.0,2025-07-22 13:01:37.751023
2025-07-22,94929,2025072204019221,API,Trishakti Securities Public Limited,Sewa Securities Pvt. Ltd.,20,308.2,6164.0,2025-07-22 13:01:37.751902
2025-07-22,94928,2025072204019222,API,Trishakti Securities Public Limited,Nepal Investment And Securities Trading Private Limited,1000,308.2,308200.0,2025-07-22 13:01:37.752267
2025-07-22,94535,2025072204019282,API,Trishakti Securities Public Limited,Kohinoor Investment & Securities Pvt. Ltd.,1000,308.2,308200.0,2025-07-22 13:02:15.155760
2025-07-22,94397,2025072204019305,API,Trishakti Securities Public Limited,Kohinoor Investment & Securities Pvt. Ltd.,1000,308.2,308200.0,2025-07-22 13:02:29.231842
2025-07-22,94270,2025072204019327,API,Trishakti Securities Public Limited,Linch Stock Market Ltd.,88,308.2,27121.6,2025-07-22 13:02:43.158664
2025-07-22,94165,2025072204019342,API,Trishakti Securities Public Limited,Vision Securities Pvt. Ltd,10,308.2,3082.0,2025-07-22 13:02:52.534900
2025-07-22,94008,2025072204019362,API,Trishakti Securities Public Limited,Property Wiard Limited,150,308.2,46230.0,2025-07-22 13:03:07.039796
2025-07-22,93563,2025072204019464,API,Trishakti Securities Public Limited,Primo Securities (PVT) Ltd.,58,308.2,17875.6,2025-07-22 13:03:55.208063
2025-07-22,93355,2025072204019512,API,Deevyaa Securities & Stock House Pvt. Ltd,Primo Securities (PVT) Ltd.,30,308.2,9246.0,2025-07-22 13:04:16.966038
2025-07-22,92300,2025072204019669,API,Neev Securities Pvt. Ltd.,Aryatara Investment & Securities,200,308.0,61600.0,2025-07-22 13:06:10.011768
2025-07-22,91566,2025072204019798,API,Bhrikuti Stock Broking Co. Pvt. Ltd.,Aryatara Investment & Securities,302,308.0,93016.0,2025-07-22 13:07:14.829488
2025-07-22,91372,2025072204019817,API,Bhrikuti Stock Broking Co. Pvt. Ltd.,Dipshikha Dhitopatra Karobar Co. Pvt Ltd.,30,308.0,9240.0,2025-07-22 13:07:31.083549
2025-07-22,90823,2025072204019956,API,Bhrikuti Stock Broking Co. Pvt. Ltd.,Dipshikha Dhitopatra Karobar Co. Pvt Ltd.,20,308.0,6160.0,2025-07-22 13:08:31.576572
2025-07-22,90661,2025072204019998,API,Bhrikuti Stock Broking Co. Pvt. Ltd.,Neev Securities Pvt. Ltd.,25,308.0,7700.0,2025-07-22 13:08:46.851728
2025-07-22,90657,2025072204020000,API,Bhrikuti Stock Broking Co. Pvt. Ltd.,Premier Securities Company Ltd.,58,308.0,17864.0,2025-07-22 13:08:47.123564
2025-07-22,90605,2025072204020016,API,Trishakti Securities Public Limited,ABC Securities Private Limited,341,308.1,105062.1,2025-07-22 13:08:53.076670
2025-07-22,90604,2025072204020017,API,Trishakti Securities Public Limited,Kalika Securities Pvt. Ltd.,500,308.1,154050.0,2025-07-22 13:08:53.078133
2025-07-22,90603,2025072204020018,API,Trishakti Securities Public Limited,Primo Securities (PVT) Ltd.,12,308.2,3698.4,2025-07-22 13:08:53.079257
2025-07-22,90602,2025072204020019,API,Trishakti Securities Public Limited,Online Securities Pvt. Ltd.,10,308.2,3082.0,2025-07-22 13:08:53.080389
2025-07-22,90601,2025072204020020,API,Trishakti Securities Public Limited,Secured Securities Ltd.,137,308.4,42250.8,2025-07-22 13:08:53.081500
2025-07-22,90279,2025072204020128,API,Bhrikuti Stock Broking Co. Pvt. Ltd.,Capital Max Securities Ltd,65,308.0,20020.0,2025-07-22 13:09:19.472454
2025-07-22,90278,2025072204020129,API,Dipshikha Dhitopatra Karobar Co. Pvt Ltd.,Capital Max Securities Ltd,500,308.0,154000.0,2025-07-22 13:09:19.473234
2025-07-22,90277,2025072204020130,API,Premier Securities Company Ltd.,Capital Max Securities Ltd,900,308.0,277200.0,2025-07-22 13:09:19.473802
2025-07-22,89917,2025072204020181,API,Miyo Securities Pvt Ltd,Agrawal Securities (PVT) Ltd.,9,302.1,2718.9,2025-07-22 13:09:47.806534
2025-07-22,89912,2025072204020184,API,Siprabi Securities Pvt. Ltd.,Online Securities Pvt. Ltd.,10,308.0,3080.0,2025-07-22 13:09:49.238402
2025-07-22,89911,2025072204020185,API,Vision Securities Pvt. Ltd,Online Securities Pvt. Ltd.,19,307.7,5846.3,2025-07-22 13:09:49.238479
2025-07-22,89910,2025072204020186,API,Sumeru Securities Pvt. Ltd.,Online Securities Pvt. Ltd.,60,307.6,18456.0,2025-07-22 13:09:49.238518
2025-07-22,89435,2025072204020309,API,Sumeru Securities Pvt. Ltd.,Neev Securities Pvt. Ltd.,25,307.6,7690.0,2025-07-22 13:10:31.243502
2025-07-22,88978,2025072204020416,API,Dipshikha Dhitopatra Karobar Co. Pvt Ltd.,Oxford Securities Pvt. Ltd.,100,308.5,30850.0,2025-07-22 13:11:11.146411
2025-07-22,88685,2025072204020471,API,Sumeru Securities Pvt. Ltd.,Kohinoor Investment & Securities Pvt. Ltd.,10,307.6,3076.0,2025-07-22 13:11:33.322331
2025-07-22,88002,2025072204020587,API,Sumeru Securities Pvt. Ltd.,J.F. Securites (PVT) Ltd.,605,307.6,186098.0,2025-07-22 13:12:16.601095
2025-07-22,88001,2025072204020588,API,Online Securities Pvt. Ltd.,J.F. Securites (PVT) Ltd.,350,307.6,107660.0,2025-07-22 13:12:16.601771
2025-07-22,87169,2025072204020753,API,Sumeru Securities Pvt. Ltd.,Sri Hari Securities Pvt. Ltd.,20,308.4,6168.0,2025-07-22 13:13:22.543454
2025-07-22,87109,2025072204020774,API,Online Securities Pvt. Ltd.,Nepal Stock House (PVT) Ltd.,1000,307.6,307600.0,2025-07-22 13:13:31.060088
2025-07-22,87031,2025072204020809,API,Online Securities Pvt. Ltd.,Nepal Stock House (PVT) Ltd.,1000,307.6,307600.0,2025-07-22 13:13:38.133237
2025-07-22,86964,2025072204020844,API,Online Securities Pvt. Ltd.,Nepal Stock House (PVT) Ltd.,1000,307.6,307600.0,2025-07-22 13:13:43.811103
2025-07-22,86863,2025072204020857,API,Online Securities Pvt. Ltd.,Nepal Stock House (PVT) Ltd.,786,307.6,241773.6,2025-07-22 13:13:48.752285
2025-07-22,85693,2025072204021105,API,Aryatara Investment & Securities,Online Securities Pvt. Ltd.,250,307.8,76950.0,2025-07-22 13:15:27.010016
2025-07-22,85692,2025072204021106,API,Sipla Securities Private Limited,Online Securities Pvt. Ltd.,200,307.8,61560.0,2025-07-22 13:15:27.011482
2025-07-22,85452,2025072204021214,API,Sani Securities Company Ltd.,Thrive Brokerage House Pvt. Ltd,52,307.8,16005.6,2025-07-22 13:15:51.814485
2025-07-22,85339,2025072204021237,API,Online Securities Pvt. Ltd.,Imperial Securities Company Pvt. Ltd.,225,307.6,69210.0,2025-07-22 13:16:07.507376
2025-07-22,85328,2025072204021240,API,Vision Securities Pvt. Ltd,Online Securities Pvt. Ltd.,50,307.8,15390.0,2025-07-22 13:16:08.457576
2025-07-22,85327,2025072204021241,API,Vision Securities Pvt. Ltd,Hatemalo Financial Services Private Limited,500,308.0,154000.0,2025-07-22 13:16:08.458216
2025-07-22,85326,2025072204021242,API,Vision Securities Pvt. Ltd,Aryatara Investment & Securities,50,308.0,15400.0,2025-07-22 13:16:08.458611
2025-07-22,85325,2025072204021243,API,Vision Securities Pvt. Ltd,Dipshikha Dhitopatra Karobar Co. Pvt Ltd.,135,308.0,41580.0,2025-07-22 13:16:08.458976
2025-07-22,85166,2025072204021291,API,Vision Securities Pvt. Ltd,Naasa Securities Co. Ltd.,20,308.0,6160.0,2025-07-22 13:16:23.391188
2025-07-22,84908,2025072204021377,API,Vision Securities Pvt. Ltd,Imperial Securities Company Pvt. Ltd.,154,308.0,47432.0,2025-07-22 13:16:44.103995
2025-07-22,84906,2025072204021379,API,Vision Securities Pvt. Ltd,Online Securities Pvt. Ltd.,500,308.0,154000.0,2025-07-22 13:16:44.147538
2025-07-22,84905,2025072204021380,API,Deevyaa Securities & Stock House Pvt. Ltd,Vision Securities Pvt. Ltd,500,308.3,154150.0,2025-07-22 13:16:44.374445
