Date,S.N.,contract_id,symbol,buyer_broker,seller_broker,volume,price,amount,transaction_time
2025-07-30,141487,2025073003000003,ALICL,Cristal Kanchanjanga Securites Pvt. Ltd.,Capital Hub P. Ltd,10,516.1,5161.0,2025-07-30 10:46:00.031463
2025-07-30,139210,2025073003000469,ALICL,Premier Securities Company Ltd.,Swarna Laxmi Securities Pvt. Ltd.,10,526.4,5264.0,2025-07-30 11:05:48.522817
2025-07-30,138262,2025073003000677,ALICL,Thrive Brokerage House Pvt. Ltd,Swarna Laxmi Securities Pvt. Ltd.,10,536.8,5368.0,2025-07-30 11:07:44.466735
2025-07-30,138261,2025073003000678,ALICL,Thrive Brokerage House Pvt. Ltd,Kohinoor Investment & Securities Pvt. Ltd.,10,536.8,5368.0,2025-07-30 11:07:44.466817
2025-07-30,138260,2025073003000679,ALICL,Thrive Brokerage House Pvt. Ltd,Stoxkarts Securities Limited,10,536.9,5369.0,2025-07-30 11:07:44.466864
2025-07-30,138259,2025073003000680,ALICL,Thrive Brokerage House Pvt. Ltd,Sagarmatha Securities Private Limited,300,536.9,161070.0,2025-07-30 11:07:44.466903
2025-07-30,138258,2025073003000681,ALICL,Thrive Brokerage House Pvt. Ltd,Siprabi Securities Pvt. Ltd.,170,536.9,91273.0,2025-07-30 11:07:44.466940
2025-07-30,138147,2025073003000703,ALICL,Dakshinkali Investment & Securities Pvt. Ltd.,Siprabi Securities Pvt. Ltd.,30,536.9,16107.0,2025-07-30 11:08:02.202752
2025-07-30,138146,2025073003000704,ALICL,Dakshinkali Investment & Securities Pvt. Ltd.,Vision Securities Pvt. Ltd,27,536.9,14496.3,2025-07-30 11:08:02.202827
2025-07-30,138145,2025073003000705,ALICL,Dakshinkali Investment & Securities Pvt. Ltd.,Secured Securities Ltd.,23,536.9,12348.7,2025-07-30 11:08:02.202869
2025-07-30,137712,2025073003000792,ALICL,Imperial Securities Company Pvt. Ltd.,Secured Securities Ltd.,25,536.9,13422.5,2025-07-30 11:08:44.976001
2025-07-30,136996,2025073003000959,ALICL,Aakashbhairab Securities Ltd.,Capital Hub P. Ltd,200,540.0,108000.0,2025-07-30 11:10:08.620088
2025-07-30,136847,2025073003000990,ALICL,Thrive Brokerage House Pvt. Ltd,Secured Securities Ltd.,250,540.0,135000.0,2025-07-30 11:10:26.322765
2025-07-30,136846,2025073003000991,ALICL,Thrive Brokerage House Pvt. Ltd,Imperial Securities Company Pvt. Ltd.,134,540.0,72360.0,2025-07-30 11:10:26.322859
2025-07-30,136747,2025073003001018,ALICL,Thrive Brokerage House Pvt. Ltd,Capital Hub P. Ltd,116,540.0,62640.0,2025-07-30 11:10:36.690514
2025-07-30,136746,2025073003001019,ALICL,Naasa Securities Co. Ltd.,Capital Hub P. Ltd,40,540.0,21600.0,2025-07-30 11:10:36.690702
2025-07-30,135325,2025073003001355,ALICL,Kumari Securities Private Limited,Trishakti Securities Public Limited,50,535.0,26750.0,2025-07-30 11:13:02.776566
2025-07-30,133045,2025073003001872,ALICL,Naasa Securities Co. Ltd.,Trishakti Securities Public Limited,100,532.0,53200.0,2025-07-30 11:16:21.445614
2025-07-30,133044,2025073003001873,ALICL,South Asian Bulls Pvt. Ltd.,Trishakti Securities Public Limited,50,530.0,26500.0,2025-07-30 11:16:21.445746
2025-07-30,133043,2025073003001874,ALICL,Primo Securities (PVT) Ltd.,Trishakti Securities Public Limited,100,530.0,53000.0,2025-07-30 11:16:21.445808
2025-07-30,133042,2025073003001875,ALICL,Trishakti Securities Public Limited,Trishakti Securities Public Limited,200,530.0,106000.0,2025-07-30 11:16:21.445861
2025-07-30,130603,2025073003002374,ALICL,Kalika Securities Pvt. Ltd.,Midas Stock Broking Company Private Limited,10,529.2,5292.0,2025-07-30 11:20:27.542911
2025-07-30,130602,2025073003002375,ALICL,Vision Securities Pvt. Ltd,Midas Stock Broking Company Private Limited,200,528.0,105600.0,2025-07-30 11:20:27.543187
2025-07-30,130601,2025073003002376,ALICL,Premier Securities Company Ltd.,Midas Stock Broking Company Private Limited,110,527.0,57970.0,2025-07-30 11:20:27.543351
2025-07-30,130600,2025073003002377,ALICL,Vision Securities Pvt. Ltd,Midas Stock Broking Company Private Limited,180,527.0,94860.0,2025-07-30 11:20:27.543496
2025-07-30,128621,2025073003002827,ALICL,Asian Securities Private Ltd.,Online Securities Pvt. Ltd.,60,529.0,31740.0,2025-07-30 11:24:04.288836
2025-07-30,128493,2025073003002847,ALICL,Asian Securities Private Ltd.,Swarna Laxmi Securities Pvt. Ltd.,30,529.4,15882.0,2025-07-30 11:24:17.110863
2025-07-30,128048,2025073003002953,ALICL,Asian Securities Private Ltd.,Aryatara Investment & Securities,500,529.5,264750.0,2025-07-30 11:25:04.502606
2025-07-30,127931,2025073003002980,ALICL,Cristal Kanchanjanga Securites Pvt. Ltd.,Opal Securities Investment (PVT) Ltd.,15,527.1,7906.5,2025-07-30 11:25:14.819847
2025-07-30,127930,2025073003002981,ALICL,Sagarmatha Securities Private Limited,Opal Securities Investment (PVT) Ltd.,261,527.1,137573.1,2025-07-30 11:25:14.819897
2025-07-30,127818,2025073003003011,ALICL,Asian Securities Private Ltd.,Trishakti Securities Public Limited,410,530.0,217300.0,2025-07-30 11:25:27.274730
2025-07-30,127633,2025073003003046,ALICL,Nepal Stock House (PVT) Ltd.,Trishakti Securities Public Limited,90,530.0,47700.0,2025-07-30 11:25:46.750112
2025-07-30,127632,2025073003003047,ALICL,Nepal Stock House (PVT) Ltd.,Neev Securities Pvt. Ltd.,300,530.0,159000.0,2025-07-30 11:25:46.750242
2025-07-30,127631,2025073003003048,ALICL,Nepal Stock House (PVT) Ltd.,Vision Securities Pvt. Ltd,1000,530.0,530000.0,2025-07-30 11:25:46.750301
2025-07-30,127630,2025073003003049,ALICL,Nepal Stock House (PVT) Ltd.,Arun Securities (PVT) Ltd.,16,530.0,8480.0,2025-07-30 11:25:46.750354
2025-07-30,127007,2025073003003182,ALICL,Sagarmatha Securities Private Limited,Opal Securities Investment (PVT) Ltd.,39,527.1,20556.9,2025-07-30 11:26:57.327556
2025-07-30,127006,2025073003003183,ALICL,Vision Securities Pvt. Ltd,Opal Securities Investment (PVT) Ltd.,20,527.0,10540.0,2025-07-30 11:26:57.327600
2025-07-30,126459,2025073003003286,ALICL,Naasa Securities Co. Ltd.,Malla & Malla Stock Broking Company Pvt. Limited,10,527.0,5270.0,2025-07-30 11:27:56.081818
2025-07-30,126458,2025073003003287,ALICL,ABC Securities Private Limited,Malla & Malla Stock Broking Company Pvt. Limited,10,527.0,5270.0,2025-07-30 11:27:56.082078
2025-07-30,126022,2025073003003365,ALICL,ABC Securities Private Limited,Nepal Investment And Securities Trading Private Limited,14,527.0,7378.0,2025-07-30 11:28:41.789797
2025-07-30,125016,2025073003003580,ALICL,Imperial Securities Company Pvt. Ltd.,SUN SECURITIES PVT LTD,10,533.0,5330.0,2025-07-30 11:30:34.897223
2025-07-30,124007,2025073003003763,ALICL,Oxford Securities Pvt. Ltd.,Opal Securities Investment (PVT) Ltd.,15,530.0,7950.0,2025-07-30 11:32:38.466354
2025-07-30,124006,2025073003003764,ALICL,ABC Securities Private Limited,Opal Securities Investment (PVT) Ltd.,26,527.0,13702.0,2025-07-30 11:32:38.466427
2025-07-30,124005,2025073003003765,ALICL,Nepal Investment And Securities Trading Private Limited,Opal Securities Investment (PVT) Ltd.,43,526.6,22643.8,2025-07-30 11:32:38.466457
2025-07-30,124004,2025073003003766,ALICL,Dynamic Money Managers Securities Pvt. Ltd.,Opal Securities Investment (PVT) Ltd.,40,526.6,21064.0,2025-07-30 11:32:38.474445
2025-07-30,124003,2025073003003767,ALICL,Kumari Securities Private Limited,Opal Securities Investment (PVT) Ltd.,18,525.1,9451.8,2025-07-30 11:32:38.474492
2025-07-30,120835,2025073003004461,ALICL,Kumari Securities Private Limited,Opal Securities Investment (PVT) Ltd.,40,526.0,21040.0,2025-07-30 11:39:50.026680
2025-07-30,119936,2025073003004693,ALICL,Trisul Securities & Invt. Ltd.,Opal Securities Investment (PVT) Ltd.,15,525.3,7879.5,2025-07-30 11:41:39.729172
2025-07-30,119935,2025073003004694,ALICL,Nepal Investment And Securities Trading Private Limited,Opal Securities Investment (PVT) Ltd.,10,525.2,5252.0,2025-07-30 11:41:39.729307
2025-07-30,119934,2025073003004695,ALICL,Trisul Securities & Invt. Ltd.,Opal Securities Investment (PVT) Ltd.,10,525.2,5252.0,2025-07-30 11:41:39.729345
2025-07-30,119933,2025073003004696,ALICL,Kumari Securities Private Limited,Opal Securities Investment (PVT) Ltd.,82,525.1,43058.2,2025-07-30 11:41:39.729366
2025-07-30,119024,2025073003004862,ALICL,Dynamic Money Managers Securities Pvt. Ltd.,Opal Securities Investment (PVT) Ltd.,12,526.0,6312.0,2025-07-30 11:43:36.360701
2025-07-30,119023,2025073003004863,ALICL,Vision Securities Pvt. Ltd,Opal Securities Investment (PVT) Ltd.,50,525.2,26260.0,2025-07-30 11:43:36.360818
2025-07-30,119022,2025073003004864,ALICL,Imperial Securities Company Pvt. Ltd.,Opal Securities Investment (PVT) Ltd.,22,525.1,11552.2,2025-07-30 11:43:36.360917
2025-07-30,118674,2025073003004936,ALICL,Imperial Securities Company Pvt. Ltd.,Opal Securities Investment (PVT) Ltd.,37,525.1,19428.7,2025-07-30 11:44:27.492111
2025-07-30,116807,2025073003005279,ALICL,Shree Krishna Securities Ltd.,Opal Securities Investment (PVT) Ltd.,25,525.2,13130.0,2025-07-30 11:48:28.978598
2025-07-30,116806,2025073003005280,ALICL,Imperial Securities Company Pvt. Ltd.,Opal Securities Investment (PVT) Ltd.,41,525.1,21529.1,2025-07-30 11:48:28.978674
2025-07-30,116805,2025073003005281,ALICL,Midas Stock Broking Company Private Limited,Opal Securities Investment (PVT) Ltd.,10,525.1,5251.0,2025-07-30 11:48:28.978728
2025-07-30,116804,2025073003005282,ALICL,Trisul Securities & Invt. Ltd.,Opal Securities Investment (PVT) Ltd.,10,525.1,5251.0,2025-07-30 11:48:28.978748
2025-07-30,116803,2025073003005283,ALICL,Aryatara Investment & Securities,Opal Securities Investment (PVT) Ltd.,67,525.1,35181.7,2025-07-30 11:48:28.978780
2025-07-30,115986,2025073003005457,ALICL,Opal Securities Investment (PVT) Ltd.,Stoxkarts Securities Limited,30,525.5,15765.0,2025-07-30 11:50:28.097226
2025-07-30,115985,2025073003005458,ALICL,Aryatara Investment & Securities,Stoxkarts Securities Limited,33,525.1,17328.3,2025-07-30 11:50:28.097316
2025-07-30,115984,2025073003005459,ALICL,Premier Securities Company Ltd.,Stoxkarts Securities Limited,60,525.0,31500.0,2025-07-30 11:50:28.097341
2025-07-30,115983,2025073003005460,ALICL,Nepal Investment And Securities Trading Private Limited,Stoxkarts Securities Limited,50,525.0,26250.0,2025-07-30 11:50:28.097366
2025-07-30,115982,2025073003005461,ALICL,ABC Securities Private Limited,Stoxkarts Securities Limited,40,525.0,21000.0,2025-07-30 11:50:28.097391
2025-07-30,115981,2025073003005462,ALICL,Trisul Securities & Invt. Ltd.,Stoxkarts Securities Limited,300,525.0,157500.0,2025-07-30 11:50:28.097414
2025-07-30,115980,2025073003005463,ALICL,Nepal Investment And Securities Trading Private Limited,Stoxkarts Securities Limited,10,524.5,5245.0,2025-07-30 11:50:28.097438
2025-07-30,115979,2025073003005464,ALICL,Dynamic Money Managers Securities Pvt. Ltd.,Stoxkarts Securities Limited,100,524.5,52450.0,2025-07-30 11:50:28.097461
2025-07-30,115978,2025073003005465,ALICL,Dynamic Money Managers Securities Pvt. Ltd.,Stoxkarts Securities Limited,500,524.3,262150.0,2025-07-30 11:50:28.097482
2025-07-30,115977,2025073003005466,ALICL,Naasa Securities Co. Ltd.,Stoxkarts Securities Limited,100,524.0,52400.0,2025-07-30 11:50:28.097504
2025-07-30,115976,2025073003005467,ALICL,Kumari Securities Private Limited,Stoxkarts Securities Limited,100,523.1,52310.0,2025-07-30 11:50:28.097523
2025-07-30,115975,2025073003005468,ALICL,Thrive Brokerage House Pvt. Ltd,Stoxkarts Securities Limited,500,522.4,261200.0,2025-07-30 11:50:28.097545
2025-07-30,115974,2025073003005469,ALICL,Dakshinkali Investment & Securities Pvt. Ltd.,Stoxkarts Securities Limited,100,521.0,52100.0,2025-07-30 11:50:28.097571
2025-07-30,115973,2025073003005470,ALICL,Sumeru Securities Pvt. Ltd.,Stoxkarts Securities Limited,300,520.5,156150.0,2025-07-30 11:50:28.097592
2025-07-30,115972,2025073003005471,ALICL,Sumeru Securities Pvt. Ltd.,Stoxkarts Securities Limited,257,520.4,133742.8,2025-07-30 11:50:28.097616
2025-07-30,113761,2025073003005937,ALICL,Nepal Investment And Securities Trading Private Limited,Midas Stock Broking Company Private Limited,10,521.5,5215.0,2025-07-30 11:55:48.755580
2025-07-30,111273,2025073003006338,ALICL,Siprabi Securities Pvt. Ltd.,Sumeru Securities Pvt. Ltd.,23,529.0,12167.0,2025-07-30 12:01:54.897609
2025-07-30,110591,2025073003006438,ALICL,Siprabi Securities Pvt. Ltd.,Midas Stock Broking Company Private Limited,400,529.0,211600.0,2025-07-30 12:03:47.174700
2025-07-30,108920,2025073003006718,ALICL,Imperial Securities Company Pvt. Ltd.,Swarna Laxmi Securities Pvt. Ltd.,19,529.3,10056.7,2025-07-30 12:07:12.346904
2025-07-30,108803,2025073003006734,ALICL,Sri Hari Securities Pvt. Ltd.,Swarna Laxmi Securities Pvt. Ltd.,19,529.3,10056.7,2025-07-30 12:07:26.037353
2025-07-30,107665,2025073003006937,ALICL,Naasa Securities Co. Ltd.,Swarna Laxmi Securities Pvt. Ltd.,12,525.0,6300.0,2025-07-30 12:09:25.120193
2025-07-30,104444,2025073003007637,ALICL,Infinity Securities Limited,Linch Stock Market Ltd.,15,525.0,7875.0,2025-07-30 12:14:35.855545
2025-07-30,104443,2025073003007638,ALICL,Midas Stock Broking Company Private Limited,Linch Stock Market Ltd.,51,525.0,26775.0,2025-07-30 12:14:35.855724
2025-07-30,103971,2025073003007783,ALICL,Primo Securities (PVT) Ltd.,Neev Securities Pvt. Ltd.,100,529.0,52900.0,2025-07-30 12:15:37.941044
2025-07-30,103258,2025073003007940,ALICL,Primo Securities (PVT) Ltd.,Linch Stock Market Ltd.,900,529.0,476100.0,2025-07-30 12:16:48.076756
2025-07-30,101114,2025073003008364,ALICL,ABC Securities Private Limited,Sweta Securities Private Limited,1,525.0,525.0,2025-07-30 12:21:49.723303
2025-07-30,101085,2025073003008368,ALICL,Oxford Securities Pvt. Ltd.,Vision Securities Pvt. Ltd,141,528.0,74448.0,2025-07-30 12:21:53.498242
2025-07-30,100811,2025073003008420,ALICL,Midas Stock Broking Company Private Limited,Sharepro Securities Private Limited,95,525.0,49875.0,2025-07-30 12:22:33.520999
2025-07-30,99959,2025073003008607,ALICL,Midas Stock Broking Company Private Limited,Vision Securities Pvt. Ltd,354,525.0,185850.0,2025-07-30 12:24:22.199292
2025-07-30,99958,2025073003008608,ALICL,Imperial Securities Company Pvt. Ltd.,Vision Securities Pvt. Ltd,100,525.0,52500.0,2025-07-30 12:24:22.199479
2025-07-30,98168,2025073003008899,ALICL,Blue Chip Securities Ltd,ABC Securities Private Limited,200,523.5,104700.0,2025-07-30 12:28:23.652394
2025-07-30,93763,2025073003009553,ALICL,Vision Securities Pvt. Ltd,Vision Securities Pvt. Ltd,200,524.0,104800.0,2025-07-30 12:36:56.308457
2025-07-30,93705,2025073003009562,ALICL,Dipshikha Dhitopatra Karobar Co. Pvt Ltd.,Vision Securities Pvt. Ltd,40,523.7,20948.0,2025-07-30 12:37:06.708256
2025-07-30,92387,2025073003009702,ALICL,Agrawal Securities (PVT) Ltd.,Vision Securities Pvt. Ltd,100,524.0,52400.0,2025-07-30 12:39:25.937978
2025-07-30,92316,2025073003009710,ALICL,Thrive Brokerage House Pvt. Ltd,Vision Securities Pvt. Ltd,350,524.0,183400.0,2025-07-30 12:39:32.990646
2025-07-30,91298,2025073003009922,ALICL,Naasa Securities Co. Ltd.,Vision Securities Pvt. Ltd,15,525.0,7875.0,2025-07-30 12:41:30.879555
2025-07-30,90959,2025073003009981,ALICL,Imperial Securities Company Pvt. Ltd.,Vision Securities Pvt. Ltd,100,523.8,52380.0,2025-07-30 12:42:15.191218
2025-07-30,90958,2025073003009982,ALICL,Sumeru Securities Pvt. Ltd.,Vision Securities Pvt. Ltd,50,523.8,26190.0,2025-07-30 12:42:15.191409
2025-07-30,90896,2025073003009983,ALICL,Sumeru Securities Pvt. Ltd.,Imperial Securities Company Pvt. Ltd.,50,523.8,26190.0,2025-07-30 12:42:22.977538
2025-07-30,90582,2025073003010070,ALICL,Naasa Securities Co. Ltd.,Sewa Securities Pvt. Ltd.,4,525.0,2100.0,2025-07-30 12:43:06.191203
2025-07-30,89669,2025073003010222,ALICL,Kohinoor Investment & Securities Pvt. Ltd.,ABC Securities Private Limited,150,524.0,78600.0,2025-07-30 12:45:07.027734
2025-07-30,87540,2025073003010652,ALICL,Kohinoor Investment & Securities Pvt. Ltd.,Linch Stock Market Ltd.,475,524.0,248900.0,2025-07-30 12:49:55.972452
2025-07-30,87539,2025073003010653,ALICL,Bhrikuti Stock Broking Co. Pvt. Ltd.,Linch Stock Market Ltd.,419,524.0,219556.0,2025-07-30 12:49:55.972671
2025-07-30,87538,2025073003010654,ALICL,Imperial Securities Company Pvt. Ltd.,Linch Stock Market Ltd.,100,524.0,52400.0,2025-07-30 12:49:55.972759
2025-07-30,86642,2025073003010758,ALICL,Premier Securities Company Ltd.,Vision Securities Pvt. Ltd,40,525.0,21000.0,2025-07-30 12:52:02.083081
2025-07-30,85912,2025073003010894,ALICL,Midas Stock Broking Company Private Limited,Vision Securities Pvt. Ltd,167,525.0,87675.0,2025-07-30 12:53:33.097748
2025-07-30,85445,2025073003011012,ALICL,Online Securities Pvt. Ltd.,Vision Securities Pvt. Ltd,10,525.0,5250.0,2025-07-30 12:54:33.499893
2025-07-30,81145,2025073003011984,ALICL,Oxford Securities Pvt. Ltd.,Linch Stock Market Ltd.,180,524.3,94374.0,2025-07-30 13:01:08.339139
2025-07-30,81144,2025073003011985,ALICL,Naasa Securities Co. Ltd.,Linch Stock Market Ltd.,130,524.2,68146.0,2025-07-30 13:01:08.339346
2025-07-30,81143,2025073003011986,ALICL,Trishakti Securities Public Limited,Linch Stock Market Ltd.,50,524.0,26200.0,2025-07-30 13:01:08.339425
2025-07-30,81142,2025073003011987,ALICL,Sani Securities Company Ltd.,Linch Stock Market Ltd.,50,523.9,26195.0,2025-07-30 13:01:08.339501
2025-07-30,81141,2025073003011988,ALICL,Sumeru Securities Pvt. Ltd.,Linch Stock Market Ltd.,100,523.8,52380.0,2025-07-30 13:01:08.339575
2025-07-30,81140,2025073003011989,ALICL,Blue Chip Securities Ltd,Linch Stock Market Ltd.,300,523.7,157110.0,2025-07-30 13:01:08.339645
2025-07-30,81139,2025073003011990,ALICL,Nepal Investment And Securities Trading Private Limited,Linch Stock Market Ltd.,10,523.5,5235.0,2025-07-30 13:01:08.339722
2025-07-30,81138,2025073003011991,ALICL,Thrive Brokerage House Pvt. Ltd,Linch Stock Market Ltd.,150,523.5,78525.0,2025-07-30 13:01:08.339795
2025-07-30,81137,2025073003011992,ALICL,Nepal Investment And Securities Trading Private Limited,Linch Stock Market Ltd.,10,523.1,5231.0,2025-07-30 13:01:08.339868
2025-07-30,81136,2025073003011993,ALICL,Naasa Securities Co. Ltd.,Linch Stock Market Ltd.,551,523.1,288228.1,2025-07-30 13:01:08.339948
2025-07-30,81135,2025073003011994,ALICL,Opal Securities Investment (PVT) Ltd.,Linch Stock Market Ltd.,23,523.0,12029.0,2025-07-30 13:01:08.340028
2025-07-30,81134,2025073003011995,ALICL,Dynamic Money Managers Securities Pvt. Ltd.,Linch Stock Market Ltd.,36,523.0,18828.0,2025-07-30 13:01:08.340101
2025-07-30,80962,2025073003012043,ALICL,Dynamic Money Managers Securities Pvt. Ltd.,Sharepro Securities Private Limited,290,523.0,151670.0,2025-07-30 13:01:20.817420
2025-07-30,79624,2025073003012404,ALICL,Sumeru Securities Pvt. Ltd.,Sharepro Securities Private Limited,160,523.1,83696.0,2025-07-30 13:02:56.183156
2025-07-30,77830,2025073003012777,ALICL,Sumeru Securities Pvt. Ltd.,Imperial Securities Company Pvt. Ltd.,38,523.1,19877.8,2025-07-30 13:05:00.401706
2025-07-30,77665,2025073003012803,ALICL,Cristal Kanchanjanga Securites Pvt. Ltd.,Neev Securities Pvt. Ltd.,45,523.0,23535.0,2025-07-30 13:05:13.523460
2025-07-30,77664,2025073003012804,ALICL,Sumeru Securities Pvt. Ltd.,Neev Securities Pvt. Ltd.,200,522.1,104420.0,2025-07-30 13:05:13.523517
2025-07-30,77663,2025073003012805,ALICL,Sundhara Securities Limited,Neev Securities Pvt. Ltd.,119,522.0,62118.0,2025-07-30 13:05:13.523545
2025-07-30,74018,2025073003013580,ALICL,Sumeru Securities Pvt. Ltd.,Arun Securities (PVT) Ltd.,90,522.1,46989.0,2025-07-30 13:09:34.487263
2025-07-30,73552,2025073003013677,ALICL,Sumeru Securities Pvt. Ltd.,J.F. Securites (PVT) Ltd.,12,522.1,6265.2,2025-07-30 13:10:13.121632
2025-07-30,73551,2025073003013678,ALICL,Sundhara Securities Limited,J.F. Securites (PVT) Ltd.,41,522.0,21402.0,2025-07-30 13:10:13.121976
2025-07-30,73550,2025073003013679,ALICL,Siprabi Securities Pvt. Ltd.,J.F. Securites (PVT) Ltd.,247,522.0,128934.0,2025-07-30 13:10:13.122221
2025-07-30,72438,2025073003013994,ALICL,Siprabi Securities Pvt. Ltd.,Midas Stock Broking Company Private Limited,53,522.0,27666.0,2025-07-30 13:11:49.109120
2025-07-30,72437,2025073003013995,ALICL,Sani Securities Company Ltd.,Midas Stock Broking Company Private Limited,97,522.0,50634.0,2025-07-30 13:11:49.109512
2025-07-30,71508,2025073003014210,ALICL,Nepal Stock House (PVT) Ltd.,Midas Stock Broking Company Private Limited,400,524.8,209920.0,2025-07-30 13:13:06.969523
2025-07-30,71029,2025073003014345,ALICL,Sani Securities Company Ltd.,Vision Securities Pvt. Ltd,18,525.0,9450.0,2025-07-30 13:13:58.796990
2025-07-30,70036,2025073003014541,ALICL,Nepal Stock House (PVT) Ltd.,Bhrikuti Stock Broking Co. Pvt. Ltd.,500,524.8,262400.0,2025-07-30 13:15:38.390267
2025-07-30,69429,2025073003014665,ALICL,Nepal Stock House (PVT) Ltd.,Sharepro Securities Private Limited,155,524.8,81344.0,2025-07-30 13:16:30.720148
2025-07-30,66218,2025073003015410,ALICL,Siprabi Securities Pvt. Ltd.,Investment Management Nepal Pvt. Ltd.,1,516.5,516.5,2025-07-30 13:22:37.273202
2025-07-30,65679,2025073003015508,ALICL,Nepal Stock House (PVT) Ltd.,Premier Securities Company Ltd.,36,524.8,18892.8,2025-07-30 13:23:41.772747
2025-07-30,65254,2025073003015607,ALICL,Vision Securities Pvt. Ltd,Vision Securities Pvt. Ltd,455,525.0,238875.0,2025-07-30 13:24:33.388817
2025-07-30,65253,2025073003015608,ALICL,Vision Securities Pvt. Ltd,Aakashbhairab Securities Ltd.,495,525.0,259875.0,2025-07-30 13:24:33.389018
2025-07-30,64137,2025073003015845,ALICL,Nepal Stock House (PVT) Ltd.,Sharepro Securities Private Limited,84,524.8,44083.2,2025-07-30 13:26:59.210116
2025-07-30,63993,2025073003015860,ALICL,Nepal Stock House (PVT) Ltd.,Vision Securities Pvt. Ltd,190,524.8,99712.0,2025-07-30 13:27:16.163190
2025-07-30,62494,2025073003016270,ALICL,Nepal Stock House (PVT) Ltd.,Sani Securities Company Ltd.,600,524.8,314880.0,2025-07-30 13:30:22.479642
2025-07-30,59975,2025073003016876,ALICL,Nepal Stock House (PVT) Ltd.,Vision Securities Pvt. Ltd,35,524.8,18368.0,2025-07-30 13:35:03.047979
2025-07-30,59974,2025073003016877,ALICL,Malla & Malla Stock Broking Company Pvt. Limited,Vision Securities Pvt. Ltd,100,522.5,52250.0,2025-07-30 13:35:03.048200
2025-07-30,59973,2025073003016878,ALICL,Investment Management Nepal Pvt. Ltd.,Vision Securities Pvt. Ltd,180,522.1,93978.0,2025-07-30 13:35:03.048277
2025-07-30,59972,2025073003016879,ALICL,Himalayan Securities Limited,Vision Securities Pvt. Ltd,50,522.1,26105.0,2025-07-30 13:35:03.048353
2025-07-30,59971,2025073003016880,ALICL,Sani Securities Company Ltd.,Vision Securities Pvt. Ltd,53,522.0,27666.0,2025-07-30 13:35:03.048427
2025-07-30,59970,2025073003016881,ALICL,Market Securities & Exchange (PVT) Ltd.,Vision Securities Pvt. Ltd,150,522.0,78300.0,2025-07-30 13:35:03.048502
2025-07-30,59969,2025073003016882,ALICL,Online Securities Pvt. Ltd.,Vision Securities Pvt. Ltd,135,522.0,70470.0,2025-07-30 13:35:03.048573
2025-07-30,59968,2025073003016883,ALICL,Nepal Investment And Securities Trading Private Limited,Vision Securities Pvt. Ltd,40,521.5,20860.0,2025-07-30 13:35:03.048645
2025-07-30,59967,2025073003016884,ALICL,Dynamic Money Managers Securities Pvt. Ltd.,Vision Securities Pvt. Ltd,257,521.5,134025.5,2025-07-30 13:35:03.048717
2025-07-30,57602,2025073003017371,ALICL,Oxford Securities Pvt. Ltd.,Vision Securities Pvt. Ltd,1000,521.6,521600.0,2025-07-30 13:39:16.879290
2025-07-30,53199,2025073003018357,ALICL,Kumari Securities Private Limited,Naasa Securities Co. Ltd.,300,522.0,156600.0,2025-07-30 13:46:35.847943
2025-07-30,53175,2025073003018361,ALICL,Dipshikha Dhitopatra Karobar Co. Pvt Ltd.,SHUBHAKAMANA SECURITIES PVT. LTD,127,522.0,66294.0,2025-07-30 13:46:38.547882
2025-07-30,52233,2025073003018551,ALICL,Naasa Securities Co. Ltd.,Online Securities Pvt. Ltd.,3,521.0,1563.0,2025-07-30 13:48:22.324040
2025-07-30,48983,2025073003019256,ALICL,Vision Securities Pvt. Ltd,SHUBHAKAMANA SECURITIES PVT. LTD,37,523.0,19351.0,2025-07-30 13:56:09.381423
2025-07-30,46051,2025073003019896,ALICL,K.B.L. Securities Limited ,Thrive Brokerage House Pvt. Ltd,48,526.5,25272.0,2025-07-30 14:03:15.730087
2025-07-30,41086,2025073003020912,ALICL,South Asian Bulls Pvt. Ltd.,Nepal Investment And Securities Trading Private Limited,24,527.0,12648.0,2025-07-30 14:15:05.256589
2025-07-30,39933,2025073003021148,ALICL,Kalika Securities Pvt. Ltd.,Sani Securities Company Ltd.,10,527.0,5270.0,2025-07-30 14:18:07.520517
2025-07-30,38981,2025073003021286,ALICL,Kalika Securities Pvt. Ltd.,Thrive Brokerage House Pvt. Ltd,90,527.5,47475.0,2025-07-30 14:20:15.060045
2025-07-30,38819,2025073003021313,ALICL,Sewa Securities Pvt. Ltd.,Opal Securities Investment (PVT) Ltd.,50,524.5,26225.0,2025-07-30 14:20:43.080580
2025-07-30,38818,2025073003021314,ALICL,Kalika Securities Pvt. Ltd.,Opal Securities Investment (PVT) Ltd.,40,524.5,20980.0,2025-07-30 14:20:43.080622
2025-07-30,38817,2025073003021315,ALICL,K.B.L. Securities Limited ,Opal Securities Investment (PVT) Ltd.,109,524.2,57137.8,2025-07-30 14:20:43.080653
2025-07-30,38816,2025073003021316,ALICL,Vision Securities Pvt. Ltd,Opal Securities Investment (PVT) Ltd.,11,524.1,5765.1,2025-07-30 14:20:43.080678
2025-07-30,38241,2025073003021428,ALICL,Dipshikha Dhitopatra Karobar Co. Pvt Ltd.,Thrive Brokerage House Pvt. Ltd,10,527.5,5275.0,2025-07-30 14:21:48.691294
2025-07-30,38240,2025073003021429,ALICL,Dipshikha Dhitopatra Karobar Co. Pvt Ltd.,Secured Securities Ltd.,13,527.5,6857.5,2025-07-30 14:21:48.691520
2025-07-30,37267,2025073003021552,ALICL,Vision Securities Pvt. Ltd,Cristal Kanchanjanga Securites Pvt. Ltd.,152,524.1,79663.2,2025-07-30 14:23:10.278347
2025-07-30,37266,2025073003021553,ALICL,Citizens Share Broker Limited,Cristal Kanchanjanga Securites Pvt. Ltd.,348,524.0,182352.0,2025-07-30 14:23:10.278542
2025-07-30,37175,2025073003021585,ALICL,Sri Hari Securities Pvt. Ltd.,Linch Stock Market Ltd.,20,526.3,10526.0,2025-07-30 14:23:17.191153
2025-07-30,37087,2025073003021608,ALICL,Sri Hari Securities Pvt. Ltd.,Capital Hub P. Ltd,80,527.0,42160.0,2025-07-30 14:23:26.352278
2025-07-30,36737,2025073003021682,ALICL,Nagarik Stock Dealer ,Capital Hub P. Ltd,20,527.0,10540.0,2025-07-30 14:24:03.971608
2025-07-30,36736,2025073003021683,ALICL,Nagarik Stock Dealer ,Secured Securities Ltd.,62,527.5,32705.0,2025-07-30 14:24:03.971790
2025-07-30,36505,2025073003021702,ALICL,Citizens Share Broker Limited,Trisul Securities & Invt. Ltd.,111,524.0,58164.0,2025-07-30 14:24:22.114806
2025-07-30,36174,2025073003021761,ALICL,Citizens Share Broker Limited,Trishakti Securities Public Limited,41,524.0,21484.0,2025-07-30 14:25:06.350878
2025-07-30,36173,2025073003021762,ALICL,Vision Securities Pvt. Ltd,Trishakti Securities Public Limited,50,522.5,26125.0,2025-07-30 14:25:06.350969
2025-07-30,36172,2025073003021763,ALICL,Citizens Share Broker Limited,Trishakti Securities Public Limited,500,522.5,261250.0,2025-07-30 14:25:06.351060
2025-07-30,36171,2025073003021764,ALICL,Online Securities Pvt. Ltd.,Trishakti Securities Public Limited,383,522.5,200117.5,2025-07-30 14:25:06.351131
2025-07-30,36170,2025073003021765,ALICL,Online Securities Pvt. Ltd.,Trishakti Securities Public Limited,100,522.4,52240.0,2025-07-30 14:25:06.351204
2025-07-30,36169,2025073003021766,ALICL,Sagarmatha Securities Private Limited,Trishakti Securities Public Limited,200,522.1,104420.0,2025-07-30 14:25:06.351276
2025-07-30,36168,2025073003021767,ALICL,Imperial Securities Company Pvt. Ltd.,Trishakti Securities Public Limited,700,522.0,365400.0,2025-07-30 14:25:06.351351
2025-07-30,36167,2025073003021768,ALICL,Secured Securities Ltd.,Trishakti Securities Public Limited,10,522.0,5220.0,2025-07-30 14:25:06.351421
2025-07-30,36166,2025073003021769,ALICL,Dynamic Money Managers Securities Pvt. Ltd.,Trishakti Securities Public Limited,36,521.5,18774.0,2025-07-30 14:25:06.351504
2025-07-30,34851,2025073003021998,ALICL,Nepal Investment And Securities Trading Private Limited,Trishakti Securities Public Limited,10,521.6,5216.0,2025-07-30 14:28:00.870109
2025-07-30,34850,2025073003021999,ALICL,Sweta Securities Private Limited,Trishakti Securities Public Limited,20,521.6,10432.0,2025-07-30 14:28:00.870236
2025-07-30,34849,2025073003022000,ALICL,Dynamic Money Managers Securities Pvt. Ltd.,Trishakti Securities Public Limited,20,521.5,10430.0,2025-07-30 14:28:00.870304
2025-07-30,34113,2025073003022150,ALICL,Nepal Investment And Securities Trading Private Limited,Vision Securities Pvt. Ltd,20,521.6,10432.0,2025-07-30 14:29:38.900752
2025-07-30,34112,2025073003022151,ALICL,Dynamic Money Managers Securities Pvt. Ltd.,Vision Securities Pvt. Ltd,1361,521.5,709761.5,2025-07-30 14:29:38.900791
2025-07-30,34111,2025073003022152,ALICL,Online Securities Pvt. Ltd.,Vision Securities Pvt. Ltd,500,521.5,260750.0,2025-07-30 14:29:38.900816
2025-07-30,34110,2025073003022153,ALICL,Bhrikuti Stock Broking Co. Pvt. Ltd.,Vision Securities Pvt. Ltd,119,521.2,62022.8,2025-07-30 14:29:38.900841
2025-07-30,34004,2025073003022184,ALICL,Bhrikuti Stock Broking Co. Pvt. Ltd.,Vision Securities Pvt. Ltd,381,521.2,198577.2,2025-07-30 14:29:50.713235
2025-07-30,34003,2025073003022185,ALICL,Nepal Investment And Securities Trading Private Limited,Vision Securities Pvt. Ltd,23,521.1,11985.3,2025-07-30 14:29:50.713279
2025-07-30,34002,2025073003022186,ALICL,Linch Stock Market Ltd.,Vision Securities Pvt. Ltd,300,521.1,156330.0,2025-07-30 14:29:50.713309
2025-07-30,34001,2025073003022187,ALICL,Nepal Investment And Securities Trading Private Limited,Vision Securities Pvt. Ltd,30,521.0,15630.0,2025-07-30 14:29:50.713349
2025-07-30,34000,2025073003022188,ALICL,Imperial Securities Company Pvt. Ltd.,Vision Securities Pvt. Ltd,10,521.0,5210.0,2025-07-30 14:29:50.713398
2025-07-30,33999,2025073003022189,ALICL,Imperial Securities Company Pvt. Ltd.,Vision Securities Pvt. Ltd,20,520.7,10414.0,2025-07-30 14:29:50.713436
2025-07-30,33998,2025073003022190,ALICL,Nepal Stock House (PVT) Ltd.,Vision Securities Pvt. Ltd,500,520.5,260250.0,2025-07-30 14:29:50.713466
2025-07-30,33997,2025073003022191,ALICL,Sumeru Securities Pvt. Ltd.,Vision Securities Pvt. Ltd,500,520.5,260250.0,2025-07-30 14:29:50.713496
2025-07-30,33996,2025073003022192,ALICL,Sumeru Securities Pvt. Ltd.,Vision Securities Pvt. Ltd,236,520.4,122814.4,2025-07-30 14:29:50.713524
2025-07-30,33681,2025073003022286,ALICL,Nepal Investment And Securities Trading Private Limited,Vision Securities Pvt. Ltd,10,520.6,5206.0,2025-07-30 14:30:27.158314
2025-07-30,33680,2025073003022287,ALICL,Opal Securities Investment (PVT) Ltd.,Vision Securities Pvt. Ltd,20,520.5,10410.0,2025-07-30 14:30:27.158378
2025-07-30,33679,2025073003022288,ALICL,Nepal Investment And Securities Trading Private Limited,Vision Securities Pvt. Ltd,50,520.4,26020.0,2025-07-30 14:30:27.158413
2025-07-30,33678,2025073003022289,ALICL,Sundhara Securities Limited,Vision Securities Pvt. Ltd,850,520.3,442255.0,2025-07-30 14:30:27.158441
2025-07-30,33677,2025073003022290,ALICL,Naasa Securities Co. Ltd.,Vision Securities Pvt. Ltd,10,520.3,5203.0,2025-07-30 14:30:27.158465
2025-07-30,33676,2025073003022291,ALICL,J.F. Securites (PVT) Ltd.,Vision Securities Pvt. Ltd,40,520.1,20804.0,2025-07-30 14:30:27.158513
2025-07-30,33675,2025073003022292,ALICL,KALASH STOCK MARKET PVT. LTD.,Vision Securities Pvt. Ltd,500,520.0,260000.0,2025-07-30 14:30:27.158548
2025-07-30,33674,2025073003022293,ALICL,Agrawal Securities (PVT) Ltd.,Vision Securities Pvt. Ltd,10,520.0,5200.0,2025-07-30 14:30:27.158574
2025-07-30,33673,2025073003022294,ALICL,Online Securities Pvt. Ltd.,Vision Securities Pvt. Ltd,500,520.0,260000.0,2025-07-30 14:30:27.158599
2025-07-30,33672,2025073003022295,ALICL,Dynamic Money Managers Securities Pvt. Ltd.,Vision Securities Pvt. Ltd,100,520.0,52000.0,2025-07-30 14:30:27.158622
2025-07-30,33671,2025073003022296,ALICL,Naasa Securities Co. Ltd.,Vision Securities Pvt. Ltd,30,520.0,15600.0,2025-07-30 14:30:27.158648
2025-07-30,33670,2025073003022297,ALICL,Deevyaa Securities & Stock House Pvt. Ltd,Vision Securities Pvt. Ltd,300,520.0,156000.0,2025-07-30 14:30:27.158678
2025-07-30,33669,2025073003022298,ALICL,Agrawal Securities (PVT) Ltd.,Vision Securities Pvt. Ltd,100,520.0,52000.0,2025-07-30 14:30:27.158704
2025-07-30,33668,2025073003022299,ALICL,Linch Stock Market Ltd.,Vision Securities Pvt. Ltd,100,520.0,52000.0,2025-07-30 14:30:27.158729
2025-07-30,33667,2025073003022300,ALICL,Dipshikha Dhitopatra Karobar Co. Pvt Ltd.,Vision Securities Pvt. Ltd,10,520.0,5200.0,2025-07-30 14:30:27.158755
2025-07-30,33666,2025073003022301,ALICL,Sani Securities Company Ltd.,Vision Securities Pvt. Ltd,380,520.0,197600.0,2025-07-30 14:30:27.158777
2025-07-30,33665,2025073003022302,ALICL,Naasa Securities Co. Ltd.,Vision Securities Pvt. Ltd,10,520.0,5200.0,2025-07-30 14:30:27.158801
2025-07-30,33664,2025073003022303,ALICL,Imperial Securities Company Pvt. Ltd.,Vision Securities Pvt. Ltd,300,520.0,156000.0,2025-07-30 14:30:27.158828
2025-07-30,33663,2025073003022304,ALICL,Ashutosh Brokerage & Securities (PVT) Ltd.,Vision Securities Pvt. Ltd,100,520.0,52000.0,2025-07-30 14:30:27.158857
2025-07-30,33662,2025073003022305,ALICL,Aryatara Investment & Securities,Vision Securities Pvt. Ltd,450,520.0,234000.0,2025-07-30 14:30:27.158888
2025-07-30,33661,2025073003022306,ALICL,Thrive Brokerage House Pvt. Ltd,Vision Securities Pvt. Ltd,10,520.0,5200.0,2025-07-30 14:30:27.158915
2025-07-30,33660,2025073003022307,ALICL,Sumeru Securities Pvt. Ltd.,Vision Securities Pvt. Ltd,120,520.0,62400.0,2025-07-30 14:30:27.158943
2025-07-30,30526,2025073003023076,ALICL,Asian Securities Private Ltd.,Neev Securities Pvt. Ltd.,300,521.0,156300.0,2025-07-30 14:35:59.440376
2025-07-30,30289,2025073003023124,ALICL,Asian Securities Private Ltd.,Opal Securities Investment (PVT) Ltd.,95,521.0,49495.0,2025-07-30 14:36:27.756625
2025-07-30,28930,2025073003023385,ALICL,Nepal Investment And Securities Trading Private Limited,Opal Securities Investment (PVT) Ltd.,20,520.2,10404.0,2025-07-30 14:38:09.530184
2025-07-30,28929,2025073003023386,ALICL,Citizens Share Broker Limited,Opal Securities Investment (PVT) Ltd.,33,520.2,17166.6,2025-07-30 14:38:09.530230
2025-07-30,28364,2025073003023475,ALICL,Kumari Securities Private Limited,Opal Securities Investment (PVT) Ltd.,100,520.3,52030.0,2025-07-30 14:38:52.963705
2025-07-30,28363,2025073003023476,ALICL,Citizens Share Broker Limited,Opal Securities Investment (PVT) Ltd.,11,520.2,5722.2,2025-07-30 14:38:52.963741
2025-07-30,28162,2025073003023503,ALICL,Citizens Share Broker Limited,Opal Securities Investment (PVT) Ltd.,50,520.2,26010.0,2025-07-30 14:39:03.302572
2025-07-30,26944,2025073003023790,ALICL,Citizens Share Broker Limited,Opal Securities Investment (PVT) Ltd.,98,520.2,50979.6,2025-07-30 14:40:20.663975
2025-07-30,26133,2025073003023984,ALICL,Sweta Securities Private Limited,Opal Securities Investment (PVT) Ltd.,13,521.0,6773.0,2025-07-30 14:41:05.867075
2025-07-30,22670,2025073003024731,ALICL,Cristal Kanchanjanga Securites Pvt. Ltd.,MILKY WAY SHARE BROKER COMPANY LTD ,20,521.1,10422.0,2025-07-30 14:44:25.175815
2025-07-30,22669,2025073003024732,ALICL,Aryatara Investment & Securities,MILKY WAY SHARE BROKER COMPANY LTD ,10,521.0,5210.0,2025-07-30 14:44:25.176020
2025-07-30,22668,2025073003024733,ALICL,Naasa Securities Co. Ltd.,MILKY WAY SHARE BROKER COMPANY LTD ,220,521.0,114620.0,2025-07-30 14:44:25.176090
2025-07-30,22601,2025073003024745,ALICL,Naasa Securities Co. Ltd.,Deevyaa Securities & Stock House Pvt. Ltd,129,521.0,67209.0,2025-07-30 14:44:28.639198
2025-07-30,22187,2025073003024775,ALICL,Sewa Securities Pvt. Ltd.,Neev Securities Pvt. Ltd.,100,520.3,52030.0,2025-07-30 14:44:40.613060
2025-07-30,21396,2025073003024938,ALICL,Dynamic Money Managers Securities Pvt. Ltd.,Deevyaa Securities & Stock House Pvt. Ltd,71,521.0,36991.0,2025-07-30 14:45:27.113502
2025-07-30,21395,2025073003024939,ALICL,Dynamic Money Managers Securities Pvt. Ltd.,Midas Stock Broking Company Private Limited,190,525.0,99750.0,2025-07-30 14:45:27.113826
2025-07-30,21394,2025073003024940,ALICL,Dynamic Money Managers Securities Pvt. Ltd.,Secured Securities Ltd.,25,527.5,13187.5,2025-07-30 14:45:27.114020
2025-07-30,21393,2025073003024941,ALICL,Dynamic Money Managers Securities Pvt. Ltd.,Capital Hub P. Ltd,1214,527.9,640870.6,2025-07-30 14:45:27.114218
2025-07-30,20716,2025073003025107,ALICL,Citizens Share Broker Limited,Opal Securities Investment (PVT) Ltd.,308,520.2,160221.6,2025-07-30 14:46:19.671102
2025-07-30,20715,2025073003025108,ALICL,South Asian Bulls Pvt. Ltd.,Opal Securities Investment (PVT) Ltd.,12,520.2,6242.4,2025-07-30 14:46:19.671172
2025-07-30,20614,2025073003025134,ALICL,South Asian Bulls Pvt. Ltd.,Opal Securities Investment (PVT) Ltd.,20,520.2,10404.0,2025-07-30 14:46:26.594284
2025-07-30,20563,2025073003025156,ALICL,Nepal Investment And Securities Trading Private Limited,Siprabi Securities Pvt. Ltd.,6,512.0,3072.0,2025-07-30 14:46:29.618778
2025-07-30,20333,2025073003025201,ALICL,South Asian Bulls Pvt. Ltd.,Sani Securities Company Ltd.,18,520.2,9363.6,2025-07-30 14:46:50.497040
2025-07-30,20226,2025073003025229,ALICL,Trisul Securities & Invt. Ltd.,Imperial Securities Company Pvt. Ltd.,20,520.2,10404.0,2025-07-30 14:47:00.916407
2025-07-30,20225,2025073003025230,ALICL,Sewa Securities Pvt. Ltd.,Imperial Securities Company Pvt. Ltd.,100,520.1,52010.0,2025-07-30 14:47:00.916456
2025-07-30,20224,2025073003025231,ALICL,Dynamic Money Managers Securities Pvt. Ltd.,Imperial Securities Company Pvt. Ltd.,300,520.1,156030.0,2025-07-30 14:47:00.916479
2025-07-30,20223,2025073003025232,ALICL,Sumeru Securities Pvt. Ltd.,Imperial Securities Company Pvt. Ltd.,57,520.0,29640.0,2025-07-30 14:47:00.916503
2025-07-30,19724,2025073003025340,ALICL,Sumeru Securities Pvt. Ltd.,Opal Securities Investment (PVT) Ltd.,130,520.0,67600.0,2025-07-30 14:47:35.166204
2025-07-30,19568,2025073003025353,ALICL,Dynamic Money Managers Securities Pvt. Ltd.,Capital Hub P. Ltd,500,527.7,263850.0,2025-07-30 14:47:46.041163
2025-07-30,18006,2025073003025727,ALICL,Sharepro Securities Private Limited,Swarna Laxmi Securities Pvt. Ltd.,100,520.2,52020.0,2025-07-30 14:49:25.006893
2025-07-30,17621,2025073003025812,ALICL,Sharepro Securities Private Limited,Opal Securities Investment (PVT) Ltd.,100,520.2,52020.0,2025-07-30 14:49:46.575811
2025-07-30,16152,2025073003026159,ALICL,Vision Securities Pvt. Ltd,Neev Securities Pvt. Ltd.,99,520.4,51519.6,2025-07-30 14:51:04.956114
2025-07-30,14392,2025073003026584,ALICL,Sumeru Securities Pvt. Ltd.,Stoxkarts Securities Limited,10,520.2,5202.0,2025-07-30 14:52:20.070288
2025-07-30,11671,2025073003027145,ALICL,Bhrikuti Stock Broking Co. Pvt. Ltd.,Neev Securities Pvt. Ltd.,111,520.3,57753.3,2025-07-30 14:54:11.007220
2025-07-30,9895,2025073003027518,ALICL,Sumeru Securities Pvt. Ltd.,Opal Securities Investment (PVT) Ltd.,100,520.2,52020.0,2025-07-30 14:55:14.336412
2025-07-30,8917,2025073003027803,ALICL,Sagarmatha Securities Private Limited,Midas Stock Broking Company Private Limited,10,526.0,5260.0,2025-07-30 14:55:55.702965
2025-07-30,8858,2025073003027819,ALICL,Sumeru Securities Pvt. Ltd.,Naasa Securities Co. Ltd.,190,520.2,98838.0,2025-07-30 14:55:58.322472
2025-07-30,8857,2025073003027820,ALICL,Imperial Securities Company Pvt. Ltd.,Naasa Securities Co. Ltd.,100,520.2,52020.0,2025-07-30 14:55:58.322716
2025-07-30,8156,2025073003027997,ALICL,Sipla Securities Private Limited,Neev Securities Pvt. Ltd.,165,520.1,85816.5,2025-07-30 14:56:26.018984
2025-07-30,7788,2025073003028085,ALICL,Sipla Securities Private Limited,Linch Stock Market Ltd.,400,520.1,208040.0,2025-07-30 14:56:39.021407
2025-07-30,7748,2025073003028086,ALICL,Sipla Securities Private Limited,Nepal Stock House (PVT) Ltd.,435,520.1,226243.5,2025-07-30 14:56:39.618573
2025-07-30,7747,2025073003028087,ALICL,Trishakti Securities Public Limited,Nepal Stock House (PVT) Ltd.,50,520.1,26005.0,2025-07-30 14:56:39.618766
2025-07-30,7746,2025073003028088,ALICL,Online Securities Pvt. Ltd.,Nepal Stock House (PVT) Ltd.,400,520.1,208040.0,2025-07-30 14:56:39.618857
2025-07-30,7296,2025073003028202,ALICL,Sumeru Securities Pvt. Ltd.,Dynamic Money Managers Securities Pvt. Ltd.,100,520.0,52000.0,2025-07-30 14:56:53.969248
2025-07-30,7120,2025073003028237,ALICL,Sumeru Securities Pvt. Ltd.,Sani Securities Company Ltd.,10,520.0,5200.0,2025-07-30 14:57:00.893893
2025-07-30,7045,2025073003028255,ALICL,Sumeru Securities Pvt. Ltd.,Vision Securities Pvt. Ltd,583,520.0,303160.0,2025-07-30 14:57:04.112231
2025-07-30,7044,2025073003028256,ALICL,Kalika Securities Pvt. Ltd.,Vision Securities Pvt. Ltd,30,520.0,15600.0,2025-07-30 14:57:04.112395
2025-07-30,7043,2025073003028257,ALICL,Indira securities pvt. ltd,Vision Securities Pvt. Ltd,50,520.0,26000.0,2025-07-30 14:57:04.112461
2025-07-30,7042,2025073003028258,ALICL,Ashutosh Brokerage & Securities (PVT) Ltd.,Vision Securities Pvt. Ltd,837,520.0,435240.0,2025-07-30 14:57:04.112521
2025-07-30,6305,2025073003028426,ALICL,Online Securities Pvt. Ltd.,Nepal Stock House (PVT) Ltd.,100,520.1,52010.0,2025-07-30 14:57:27.224398
2025-07-30,4231,2025073003028898,ALICL,Ashutosh Brokerage & Securities (PVT) Ltd.,Naasa Securities Co. Ltd.,10,520.0,5200.0,2025-07-30 14:58:27.919006
2025-07-30,2392,2025073003029381,ALICL,Ashutosh Brokerage & Securities (PVT) Ltd.,Nepal Stock House (PVT) Ltd.,15,520.0,7800.0,2025-07-30 14:59:14.285893
2025-07-30,2350,2025073003029395,ALICL,Dynamic Money Managers Securities Pvt. Ltd.,Thrive Brokerage House Pvt. Ltd,50,520.2,26010.0,2025-07-30 14:59:15.052811
2025-07-30,2349,2025073003029396,ALICL,Dynamic Money Managers Securities Pvt. Ltd.,Capital Hub P. Ltd,450,525.0,236250.0,2025-07-30 14:59:15.052965
2025-07-30,1897,2025073003029469,ALICL,Vision Securities Pvt. Ltd,Capital Hub P. Ltd,336,525.0,176400.0,2025-07-30 14:59:24.552438
2025-07-30,1896,2025073003029470,ALICL,Vision Securities Pvt. Ltd,Kumari Securities Private Limited,20,526.0,10520.0,2025-07-30 14:59:24.552482
2025-07-30,1895,2025073003029471,ALICL,Vision Securities Pvt. Ltd,ABC Securities Private Limited,30,526.0,15780.0,2025-07-30 14:59:24.552511
2025-07-30,1894,2025073003029472,ALICL,Vision Securities Pvt. Ltd,Aryatara Investment & Securities,12,527.0,6324.0,2025-07-30 14:59:24.552540
2025-07-30,1893,2025073003029473,ALICL,Vision Securities Pvt. Ltd,Dynamic Money Managers Securities Pvt. Ltd.,100,527.5,52750.0,2025-07-30 14:59:24.552623
2025-07-30,1892,2025073003029474,ALICL,Vision Securities Pvt. Ltd,J.F. Securites (PVT) Ltd.,500,528.0,264000.0,2025-07-30 14:59:24.552677
2025-07-30,417,2025073003029828,ALICL,Dynamic Money Managers Securities Pvt. Ltd.,Capital Hub P. Ltd,20,528.0,10560.0,2025-07-30 14:59:53.260195
