Date,S.N.,Contract ID,Symbol,Buyer Broker,Seller Broker,volume,rate,amount,transaction_time
2025-07-30,139846,2025073004000321,API,Prabhu Stock Market Limited,Sajilo Broker Limited,200,318.0,63600.0,2025-07-30 11:04:21.896060
2025-07-30,139066,2025073004000465,API,Premier Securities Company Ltd.,Asian Securities Private Ltd.,500,319.9,159950.0,2025-07-30 11:06:05.223970
2025-07-30,138993,2025073004000483,API,Prabhu Stock Market Limited,Asian Securities Private Ltd.,500,319.9,159950.0,2025-07-30 11:06:11.376532
2025-07-30,138992,2025073004000484,API,Prabhu Stock Market Limited,Midas Stock Broking Company Private Limited,32,320.0,10240.0,2025-07-30 11:06:11.376635
2025-07-30,138991,2025073004000485,API,Prabhu Stock Market Limited,Online Securities Pvt. Ltd.,50,320.0,16000.0,2025-07-30 11:06:11.376675
2025-07-30,138990,2025073004000486,API,Prabhu Stock Market Limited,Neev Securities Pvt. Ltd.,53,320.0,16960.0,2025-07-30 11:06:11.376712
2025-07-30,138989,2025073004000487,API,Prabhu Stock Market Limited,Blue Chip Securities Ltd,19,320.0,6080.0,2025-07-30 11:06:11.376748
2025-07-30,138988,2025073004000488,API,Prabhu Stock Market Limited,Capital Max Securities Ltd,1646,320.0,526720.0,2025-07-30 11:06:11.376789
2025-07-30,138893,2025073004000500,API,Aryatara Investment & Securities,Capital Max Securities Ltd,50,320.0,16000.0,2025-07-30 11:06:27.587129
2025-07-30,138831,2025073004000518,API,Asian Securities Private Ltd.,Online Securities Pvt. Ltd.,20,319.0,6380.0,2025-07-30 11:06:34.235411
2025-07-30,138830,2025073004000519,API,Neev Securities Pvt. Ltd.,Online Securities Pvt. Ltd.,30,318.1,9543.0,2025-07-30 11:06:34.235510
2025-07-30,138725,2025073004000534,API,Neev Securities Pvt. Ltd.,Thrive Brokerage House Pvt. Ltd,970,318.1,308557.0,2025-07-30 11:06:47.252623
2025-07-30,138724,2025073004000535,API,Imperial Securities Company Pvt. Ltd.,Thrive Brokerage House Pvt. Ltd,20,318.0,6360.0,2025-07-30 11:06:47.252744
2025-07-30,138723,2025073004000536,API,Dipshikha Dhitopatra Karobar Co. Pvt Ltd.,Thrive Brokerage House Pvt. Ltd,600,317.0,190200.0,2025-07-30 11:06:47.252792
2025-07-30,138722,2025073004000537,API,Online Securities Pvt. Ltd.,Thrive Brokerage House Pvt. Ltd,100,317.0,31700.0,2025-07-30 11:06:47.252832
2025-07-30,138721,2025073004000538,API,Sundhara Securities Limited,Thrive Brokerage House Pvt. Ltd,100,317.0,31700.0,2025-07-30 11:06:47.252877
2025-07-30,138720,2025073004000539,API,Sani Securities Company Ltd.,Thrive Brokerage House Pvt. Ltd,350,317.0,110950.0,2025-07-30 11:06:47.252913
2025-07-30,138719,2025073004000540,API,Himalayan Brokerage Company Limited,Thrive Brokerage House Pvt. Ltd,300,316.1,94830.0,2025-07-30 11:06:47.252952
2025-07-30,138718,2025073004000541,API,Imperial Securities Company Pvt. Ltd.,Thrive Brokerage House Pvt. Ltd,150,316.0,47400.0,2025-07-30 11:06:47.252991
2025-07-30,138717,2025073004000542,API,Sani Securities Company Ltd.,Thrive Brokerage House Pvt. Ltd,25,316.0,7900.0,2025-07-30 11:06:47.253027
2025-07-30,138716,2025073004000543,API,Agrawal Securities (PVT) Ltd.,Thrive Brokerage House Pvt. Ltd,385,315.0,121275.0,2025-07-30 11:06:47.253063
2025-07-30,138308,2025073004000625,API,Agrawal Securities (PVT) Ltd.,K.B.L. Securities Limited ,55,315.0,17325.0,2025-07-30 11:07:38.240175
2025-07-30,138303,2025073004000627,API,Agrawal Securities (PVT) Ltd.,Nepal Investment And Securities Trading Private Limited,18,315.0,5670.0,2025-07-30 11:07:38.756078
2025-07-30,137903,2025073004000707,API,Kohinoor Investment & Securities Pvt. Ltd.,SUN SECURITIES PVT LTD,300,317.0,95100.0,2025-07-30 11:08:30.255542
2025-07-30,137070,2025073004000830,API,Imperial Securities Company Pvt. Ltd.,Nepal Stock House (PVT) Ltd.,150,317.2,47580.0,2025-07-30 11:10:01.230486
2025-07-30,137069,2025073004000831,API,Linch Stock Market Ltd.,Nepal Stock House (PVT) Ltd.,200,317.2,63440.0,2025-07-30 11:10:01.230652
2025-07-30,137068,2025073004000832,API,Online Securities Pvt. Ltd.,Nepal Stock House (PVT) Ltd.,21,317.2,6661.2,2025-07-30 11:10:01.230712
2025-07-30,136617,2025073004000951,API,Dipshikha Dhitopatra Karobar Co. Pvt Ltd.,Nepal Stock House (PVT) Ltd.,340,317.2,107848.0,2025-07-30 11:10:53.274221
2025-07-30,136509,2025073004000967,API,Linch Stock Market Ltd.,Nepal Stock House (PVT) Ltd.,200,317.2,63440.0,2025-07-30 11:11:04.491733
2025-07-30,136419,2025073004000990,API,Vision Securities Pvt. Ltd,Dipshikha Dhitopatra Karobar Co. Pvt Ltd.,356,317.1,112887.6,2025-07-30 11:11:16.890140
2025-07-30,136316,2025073004001012,API,Vision Securities Pvt. Ltd,Nepal Stock House (PVT) Ltd.,55,317.1,17440.5,2025-07-30 11:11:30.543853
2025-07-30,136242,2025073004001036,API,Asian Securities Private Ltd.,Nepal Stock House (PVT) Ltd.,1500,317.2,475800.0,2025-07-30 11:11:36.669567
2025-07-30,136201,2025073004001058,API,Sani Securities Company Ltd.,Nepal Stock House (PVT) Ltd.,150,317.2,47580.0,2025-07-30 11:11:40.725194
2025-07-30,136098,2025073004001088,API,Agrawal Securities (PVT) Ltd.,Nepal Stock House (PVT) Ltd.,200,317.2,63440.0,2025-07-30 11:11:52.274389
2025-07-30,135956,2025073004001114,API,Vision Securities Pvt. Ltd,Dipshikha Dhitopatra Karobar Co. Pvt Ltd.,40,317.1,12684.0,2025-07-30 11:12:07.996952
2025-07-30,135931,2025073004001119,API,Vision Securities Pvt. Ltd,Dynamic Money Managers Securities Pvt. Ltd.,136,317.1,43125.6,2025-07-30 11:12:10.713886
2025-07-30,135612,2025073004001191,API,Vision Securities Pvt. Ltd,Capital Max Securities Ltd,97,317.1,30758.7,2025-07-30 11:12:39.302473
2025-07-30,135555,2025073004001204,API,Vision Securities Pvt. Ltd,Dipshikha Dhitopatra Karobar Co. Pvt Ltd.,316,317.1,100203.6,2025-07-30 11:12:44.401164
2025-07-30,135554,2025073004001205,API,Dynamic Money Managers Securities Pvt. Ltd.,Dipshikha Dhitopatra Karobar Co. Pvt Ltd.,10,317.1,3171.0,2025-07-30 11:12:44.401293
2025-07-30,135553,2025073004001206,API,Cristal Kanchanjanga Securites Pvt. Ltd.,Dipshikha Dhitopatra Karobar Co. Pvt Ltd.,377,317.1,119546.7,2025-07-30 11:12:44.401361
2025-07-30,135446,2025073004001234,API,Cristal Kanchanjanga Securites Pvt. Ltd.,Aryatara Investment & Securities,100,317.1,31710.0,2025-07-30 11:12:52.828753
2025-07-30,135272,2025073004001282,API,Cristal Kanchanjanga Securites Pvt. Ltd.,Swarna Laxmi Securities Pvt. Ltd.,523,317.1,165843.3,2025-07-30 11:13:07.383673
2025-07-30,135271,2025073004001283,API,Kohinoor Investment & Securities Pvt. Ltd.,Swarna Laxmi Securities Pvt. Ltd.,200,317.0,63400.0,2025-07-30 11:13:07.383832
2025-07-30,135270,2025073004001284,API,Neev Securities Pvt. Ltd.,Swarna Laxmi Securities Pvt. Ltd.,277,317.0,87809.0,2025-07-30 11:13:07.383893
2025-07-30,134916,2025073004001372,API,Neev Securities Pvt. Ltd.,Swarna Laxmi Securities Pvt. Ltd.,723,317.0,229191.0,2025-07-30 11:13:42.081159
2025-07-30,134915,2025073004001373,API,Dipshikha Dhitopatra Karobar Co. Pvt Ltd.,Swarna Laxmi Securities Pvt. Ltd.,277,317.0,87809.0,2025-07-30 11:13:42.081302
2025-07-30,134722,2025073004001424,API,Dipshikha Dhitopatra Karobar Co. Pvt Ltd.,Naasa Securities Co. Ltd.,200,317.0,63400.0,2025-07-30 11:13:58.074512
2025-07-30,134670,2025073004001433,API,Vision Securities Pvt. Ltd,Nepal Stock House (PVT) Ltd.,239,317.2,75810.8,2025-07-30 11:14:00.844334
2025-07-30,134636,2025073004001436,API,Vision Securities Pvt. Ltd,Primo Securities (PVT) Ltd.,80,317.2,25376.0,2025-07-30 11:14:03.491198
2025-07-30,134256,2025073004001538,API,Vision Securities Pvt. Ltd,Kumari Securities Private Limited,681,317.2,216013.2,2025-07-30 11:14:41.464775
2025-07-30,134255,2025073004001539,API,Secured Securities Ltd.,Kumari Securities Private Limited,219,317.2,69466.8,2025-07-30 11:14:41.464941
2025-07-30,133819,2025073004001623,API,Secured Securities Ltd.,Online Securities Pvt. Ltd.,20,317.2,6344.0,2025-07-30 11:15:17.223751
2025-07-30,133818,2025073004001624,API,Dipshikha Dhitopatra Karobar Co. Pvt Ltd.,Online Securities Pvt. Ltd.,130,317.0,41210.0,2025-07-30 11:15:17.224034
2025-07-30,133813,2025073004001625,API,Vision Securities Pvt. Ltd,Nepal Investment And Securities Trading Private Limited,11,318.0,3498.0,2025-07-30 11:15:17.523545
2025-07-30,133655,2025073004001669,API,Dipshikha Dhitopatra Karobar Co. Pvt Ltd.,Swarna Laxmi Securities Pvt. Ltd.,393,317.0,124581.0,2025-07-30 11:15:32.934297
2025-07-30,132955,2025073004001803,API,Linch Stock Market Ltd.,Kumari Securities Private Limited,200,316.1,63220.0,2025-07-30 11:16:28.541845
2025-07-30,132214,2025073004002022,API,Oxford Securities Pvt. Ltd.,Swarna Laxmi Securities Pvt. Ltd.,100,315.1,31510.0,2025-07-30 11:17:34.701463
2025-07-30,131967,2025073004002099,API,Neev Securities Pvt. Ltd.,Dipshikha Dhitopatra Karobar Co. Pvt Ltd.,40,315.1,12604.0,2025-07-30 11:17:57.111329
2025-07-30,131904,2025073004002128,API,Neev Securities Pvt. Ltd.,J.F. Securites (PVT) Ltd.,100,316.0,31600.0,2025-07-30 11:18:04.124425
2025-07-30,131322,2025073004002267,API,Imperial Securities Company Pvt. Ltd.,J.F. Securites (PVT) Ltd.,15,316.0,4740.0,2025-07-30 11:19:05.213595
2025-07-30,131222,2025073004002291,API,Ashutosh Brokerage & Securities (PVT) Ltd.,Trisul Securities & Invt. Ltd.,200,315.2,63040.0,2025-07-30 11:19:15.274474
2025-07-30,131221,2025073004002292,API,Neev Securities Pvt. Ltd.,Trisul Securities & Invt. Ltd.,960,315.1,302496.0,2025-07-30 11:19:15.274676
2025-07-30,131220,2025073004002293,API,Agrawal Securities (PVT) Ltd.,Trisul Securities & Invt. Ltd.,542,315.0,170730.0,2025-07-30 11:19:15.274753
2025-07-30,131219,2025073004002294,API,Online Securities Pvt. Ltd.,Trisul Securities & Invt. Ltd.,1000,315.0,315000.0,2025-07-30 11:19:15.274828
2025-07-30,131218,2025073004002295,API,Naasa Securities Co. Ltd.,Trisul Securities & Invt. Ltd.,12,315.0,3780.0,2025-07-30 11:19:15.274900
2025-07-30,131217,2025073004002296,API,Shree Krishna Securities Ltd.,Trisul Securities & Invt. Ltd.,20,315.0,6300.0,2025-07-30 11:19:15.274965
2025-07-30,131216,2025073004002297,API,Opal Securities Investment (PVT) Ltd.,Trisul Securities & Invt. Ltd.,100,315.0,31500.0,2025-07-30 11:19:15.275032
2025-07-30,131215,2025073004002298,API,Vision Securities Pvt. Ltd,Trisul Securities & Invt. Ltd.,500,315.0,157500.0,2025-07-30 11:19:15.275102
2025-07-30,131214,2025073004002299,API,Secured Securities Ltd.,Trisul Securities & Invt. Ltd.,500,315.0,157500.0,2025-07-30 11:19:15.275170
2025-07-30,131213,2025073004002300,API,Sani Securities Company Ltd.,Trisul Securities & Invt. Ltd.,50,315.0,15750.0,2025-07-30 11:19:15.275240
2025-07-30,131212,2025073004002301,API,Naasa Securities Co. Ltd.,Trisul Securities & Invt. Ltd.,1587,315.0,499905.0,2025-07-30 11:19:15.275307
2025-07-30,131151,2025073004002316,API,Dynamic Money Managers Securities Pvt. Ltd.,Trisul Securities & Invt. Ltd.,100,315.0,31500.0,2025-07-30 11:19:23.822090
2025-07-30,131135,2025073004002319,API,Vision Securities Pvt. Ltd,Trisul Securities & Invt. Ltd.,424,315.0,133560.0,2025-07-30 11:19:25.187393
2025-07-30,131026,2025073004002337,API,Vision Securities Pvt. Ltd,Vision Securities Pvt. Ltd,20,315.0,6300.0,2025-07-30 11:19:37.911256
2025-07-30,130794,2025073004002399,API,Vision Securities Pvt. Ltd,Nepal Stock House (PVT) Ltd.,22,315.0,6930.0,2025-07-30 11:20:03.659732
2025-07-30,130564,2025073004002446,API,Vision Securities Pvt. Ltd,Kumari Securities Private Limited,200,315.0,63000.0,2025-07-30 11:20:32.625646
2025-07-30,129768,2025073004002649,API,Vision Securities Pvt. Ltd,Naasa Securities Co. Ltd.,34,315.0,10710.0,2025-07-30 11:22:15.040510
2025-07-30,129483,2025073004002746,API,Vision Securities Pvt. Ltd,Naasa Securities Co. Ltd.,200,315.0,63000.0,2025-07-30 11:22:39.059530
2025-07-30,129360,2025073004002767,API,Dipshikha Dhitopatra Karobar Co. Pvt Ltd.,Naasa Securities Co. Ltd.,300,315.0,94500.0,2025-07-30 11:22:50.627622
2025-07-30,129328,2025073004002771,API,Kohinoor Investment & Securities Pvt. Ltd.,SUN SECURITIES PVT LTD,10,314.6,3146.0,2025-07-30 11:22:55.454202
2025-07-30,129012,2025073004002835,API,ABC Securities Private Limited,Naasa Securities Co. Ltd.,16,315.0,5040.0,2025-07-30 11:23:26.438567
2025-07-30,128573,2025073004002923,API,J.F. Securites (PVT) Ltd.,Secured Securities Ltd.,300,315.1,94530.0,2025-07-30 11:24:07.375190
2025-07-30,128527,2025073004002929,API,S.P.S.A. Securities Limited,Naasa Securities Co. Ltd.,1000,315.9,315900.0,2025-07-30 11:24:12.791540
2025-07-30,128417,2025073004002950,API,Trisul Securities & Invt. Ltd.,J.F. Securites (PVT) Ltd.,300,316.0,94800.0,2025-07-30 11:24:24.471922
2025-07-30,128399,2025073004002955,API,ABC Securities Private Limited,Secured Securities Ltd.,84,315.9,26535.6,2025-07-30 11:24:26.299351
2025-07-30,128398,2025073004002956,API,Online Securities Pvt. Ltd.,Secured Securities Ltd.,100,315.0,31500.0,2025-07-30 11:24:26.299562
2025-07-30,128397,2025073004002957,API,Vision Securities Pvt. Ltd,Secured Securities Ltd.,41,315.0,12915.0,2025-07-30 11:24:26.299649
2025-07-30,128378,2025073004002973,API,Sweta Securities Private Limited,J.F. Securites (PVT) Ltd.,150,316.0,47400.0,2025-07-30 11:24:27.499577
2025-07-30,128377,2025073004002974,API,Sweta Securities Private Limited,Vision Securities Pvt. Ltd,500,316.0,158000.0,2025-07-30 11:24:27.499798
2025-07-30,128376,2025073004002975,API,Sweta Securities Private Limited,Naasa Securities Co. Ltd.,152,316.0,48032.0,2025-07-30 11:24:27.499885
2025-07-30,128375,2025073004002976,API,Sweta Securities Private Limited,Sagarmatha Securities Private Limited,198,316.0,62568.0,2025-07-30 11:24:27.499973
2025-07-30,127861,2025073004003099,API,J.F. Securites (PVT) Ltd.,Sweta Securities Private Limited,30,316.0,9480.0,2025-07-30 11:25:22.976256
2025-07-30,127860,2025073004003100,API,J.F. Securites (PVT) Ltd.,Imperial Securities Company Pvt. Ltd.,20,316.0,6320.0,2025-07-30 11:25:22.976503
2025-07-30,127827,2025073004003107,API,Sweta Securities Private Limited,Imperial Securities Company Pvt. Ltd.,80,316.0,25280.0,2025-07-30 11:25:26.642927
2025-07-30,127547,2025073004003158,API,Agrawal Securities (PVT) Ltd.,Sumeru Securities Pvt. Ltd.,200,317.0,63400.0,2025-07-30 11:25:56.317662
2025-07-30,127427,2025073004003181,API,Sundhara Securities Limited,Sumeru Securities Pvt. Ltd.,650,317.0,206050.0,2025-07-30 11:26:08.014216
2025-07-30,127387,2025073004003189,API,Imperial Securities Company Pvt. Ltd.,Sumeru Securities Pvt. Ltd.,50,317.0,15850.0,2025-07-30 11:26:12.706551
2025-07-30,127386,2025073004003190,API,Imperial Securities Company Pvt. Ltd.,Nepal Stock House (PVT) Ltd.,150,317.0,47550.0,2025-07-30 11:26:12.706966
2025-07-30,127242,2025073004003228,API,Online Securities Pvt. Ltd.,Nepal Stock House (PVT) Ltd.,30,317.0,9510.0,2025-07-30 11:26:28.923919
2025-07-30,127227,2025073004003234,API,Sweta Securities Private Limited,Cristal Kanchanjanga Securites Pvt. Ltd.,18,316.0,5688.0,2025-07-30 11:26:30.403017
2025-07-30,127154,2025073004003246,API,Primo Securities (PVT) Ltd.,Nepal Stock House (PVT) Ltd.,470,317.0,148990.0,2025-07-30 11:26:37.659492
2025-07-30,127153,2025073004003247,API,Primo Securities (PVT) Ltd.,Dakshinkali Investment & Securities Pvt. Ltd.,200,317.0,63400.0,2025-07-30 11:26:37.659701
2025-07-30,127029,2025073004003285,API,Primo Securities (PVT) Ltd.,Naasa Securities Co. Ltd.,330,317.0,104610.0,2025-07-30 11:26:54.525977
2025-07-30,127028,2025073004003286,API,Sewa Securities Pvt. Ltd.,Naasa Securities Co. Ltd.,100,317.0,31700.0,2025-07-30 11:26:54.526429
2025-07-30,126574,2025073004003395,API,Sweta Securities Private Limited,Dynamic Money Managers Securities Pvt. Ltd.,20,316.0,6320.0,2025-07-30 11:27:43.893056
2025-07-30,126207,2025073004003489,API,Sweta Securities Private Limited,South Asian Bulls Pvt. Ltd.,35,316.0,11060.0,2025-07-30 11:28:25.629296
2025-07-30,126206,2025073004003490,API,Malla & Malla Stock Broking Company Pvt. Limited,South Asian Bulls Pvt. Ltd.,65,316.0,20540.0,2025-07-30 11:28:25.629753
2025-07-30,126115,2025073004003505,API,Malla & Malla Stock Broking Company Pvt. Limited,Secured Securities Ltd.,65,316.0,20540.0,2025-07-30 11:28:32.156587
2025-07-30,126114,2025073004003506,API,Linch Stock Market Ltd.,Secured Securities Ltd.,100,316.0,31600.0,2025-07-30 11:28:32.156934
2025-07-30,126113,2025073004003507,API,Sewa Securities Pvt. Ltd.,Secured Securities Ltd.,100,316.0,31600.0,2025-07-30 11:28:32.157065
2025-07-30,126112,2025073004003508,API,Dipshikha Dhitopatra Karobar Co. Pvt Ltd.,Secured Securities Ltd.,10,316.0,3160.0,2025-07-30 11:28:32.157186
2025-07-30,126111,2025073004003509,API,Naasa Securities Co. Ltd.,Secured Securities Ltd.,225,316.0,71100.0,2025-07-30 11:28:32.157310
2025-07-30,125489,2025073004003644,API,Naasa Securities Co. Ltd.,Sani Securities Company Ltd.,659,316.0,208244.0,2025-07-30 11:29:47.359725
2025-07-30,125320,2025073004003677,API,Naasa Securities Co. Ltd.,Aakashbhairab Securities Ltd.,116,316.0,36656.0,2025-07-30 11:30:05.608351
2025-07-30,125319,2025073004003678,API,Sundhara Securities Limited,Aakashbhairab Securities Ltd.,100,316.0,31600.0,2025-07-30 11:30:05.608565
2025-07-30,125129,2025073004003722,API,ABC Securities Private Limited,South Asian Bulls Pvt. Ltd.,100,316.5,31650.0,2025-07-30 11:30:26.152744
2025-07-30,125128,2025073004003723,API,ABC Securities Private Limited,Deevyaa Securities & Stock House Pvt. Ltd,500,316.9,158450.0,2025-07-30 11:30:26.153193
2025-07-30,125127,2025073004003724,API,ABC Securities Private Limited,Naasa Securities Co. Ltd.,2400,317.0,760800.0,2025-07-30 11:30:26.153517
2025-07-30,124962,2025073004003764,API,Primo Securities (PVT) Ltd.,Naasa Securities Co. Ltd.,670,317.0,212390.0,2025-07-30 11:30:42.703717
2025-07-30,124615,2025073004003842,API,Primo Securities (PVT) Ltd.,J.F. Securites (PVT) Ltd.,34,316.0,10744.0,2025-07-30 11:31:27.099187
2025-07-30,123930,2025073004004017,API,Naasa Securities Co. Ltd.,Miyo Securities Pvt Ltd,22,316.1,6954.2,2025-07-30 11:32:47.211968
2025-07-30,123929,2025073004004018,API,Primo Securities (PVT) Ltd.,Miyo Securities Pvt Ltd,14,316.0,4424.0,2025-07-30 11:32:47.212219
2025-07-30,123842,2025073004004036,API,Primo Securities (PVT) Ltd.,Kohinoor Investment & Securities Pvt. Ltd.,105,316.0,33180.0,2025-07-30 11:33:01.278811
2025-07-30,123796,2025073004004045,API,Sani Securities Company Ltd.,South Asian Bulls Pvt. Ltd.,10,317.5,3175.0,2025-07-30 11:33:06.528244
2025-07-30,123598,2025073004004081,API,Primo Securities (PVT) Ltd.,Sagarmatha Securities Private Limited,177,316.0,55932.0,2025-07-30 11:33:28.369997
2025-07-30,123597,2025073004004082,API,Sumeru Securities Pvt. Ltd.,Sagarmatha Securities Private Limited,24,316.0,7584.0,2025-07-30 11:33:28.370250
2025-07-30,123596,2025073004004083,API,Ashutosh Brokerage & Securities (PVT) Ltd.,Sagarmatha Securities Private Limited,805,316.0,254380.0,2025-07-30 11:33:28.370366
2025-07-30,122834,2025073004004277,API,Ashutosh Brokerage & Securities (PVT) Ltd.,Oxford Securities Pvt. Ltd.,30,316.0,9480.0,2025-07-30 11:35:11.767718
2025-07-30,122347,2025073004004390,API,Ashutosh Brokerage & Securities (PVT) Ltd.,Linch Stock Market Ltd.,97,316.0,30652.0,2025-07-30 11:36:32.858166
2025-07-30,122120,2025073004004433,API,Ashutosh Brokerage & Securities (PVT) Ltd.,Dipshikha Dhitopatra Karobar Co. Pvt Ltd.,68,316.0,21488.0,2025-07-30 11:37:08.115177
2025-07-30,122119,2025073004004434,API,Naasa Securities Co. Ltd.,Dipshikha Dhitopatra Karobar Co. Pvt Ltd.,100,316.0,31600.0,2025-07-30 11:37:08.115725
2025-07-30,122118,2025073004004435,API,Investment Management Nepal Pvt. Ltd.,Dipshikha Dhitopatra Karobar Co. Pvt Ltd.,200,315.6,63120.0,2025-07-30 11:37:08.116074
2025-07-30,122117,2025073004004436,API,Sani Securities Company Ltd.,Dipshikha Dhitopatra Karobar Co. Pvt Ltd.,200,315.4,63080.0,2025-07-30 11:37:08.116429
2025-07-30,122116,2025073004004437,API,Premier Securities Company Ltd.,Dipshikha Dhitopatra Karobar Co. Pvt Ltd.,132,315.3,41619.6,2025-07-30 11:37:08.116758
2025-07-30,121603,2025073004004566,API,Premier Securities Company Ltd.,Dynamic Money Managers Securities Pvt. Ltd.,368,315.3,116030.4,2025-07-30 11:38:17.512158
2025-07-30,121602,2025073004004567,API,Dakshinkali Investment & Securities Pvt. Ltd.,Dynamic Money Managers Securities Pvt. Ltd.,125,315.2,39400.0,2025-07-30 11:38:17.512449
2025-07-30,121601,2025073004004568,API,Capital Max Securities Ltd,Dynamic Money Managers Securities Pvt. Ltd.,315,315.1,99256.5,2025-07-30 11:38:17.512569
2025-07-30,121600,2025073004004569,API,Midas Stock Broking Company Private Limited,Dynamic Money Managers Securities Pvt. Ltd.,11,315.1,3466.1,2025-07-30 11:38:17.512684
2025-07-30,121599,2025073004004570,API,Vision Securities Pvt. Ltd,Dynamic Money Managers Securities Pvt. Ltd.,59,315.0,18585.0,2025-07-30 11:38:17.512796
2025-07-30,121598,2025073004004571,API,Kumari Securities Private Limited,Dynamic Money Managers Securities Pvt. Ltd.,200,315.0,63000.0,2025-07-30 11:38:17.512907
2025-07-30,121597,2025073004004572,API,Secured Securities Ltd.,Dynamic Money Managers Securities Pvt. Ltd.,500,315.0,157500.0,2025-07-30 11:38:17.513022
2025-07-30,121596,2025073004004573,API,Imperial Securities Company Pvt. Ltd.,Dynamic Money Managers Securities Pvt. Ltd.,422,315.0,132930.0,2025-07-30 11:38:17.513149
2025-07-30,121245,2025073004004656,API,Naasa Securities Co. Ltd.,Trishakti Securities Public Limited,15,316.0,4740.0,2025-07-30 11:39:00.154545
2025-07-30,121244,2025073004004657,API,Naasa Securities Co. Ltd.,Trishakti Securities Public Limited,75,317.0,23775.0,2025-07-30 11:39:00.154825
2025-07-30,121227,2025073004004664,API,Siprabi Securities Pvt. Ltd.,Nepal Stock House (PVT) Ltd.,50,315.5,15775.0,2025-07-30 11:39:01.939472
2025-07-30,121226,2025073004004665,API,ABC Securities Private Limited,Nepal Stock House (PVT) Ltd.,50,315.2,15760.0,2025-07-30 11:39:01.939763
2025-07-30,121225,2025073004004666,API,Kohinoor Investment & Securities Pvt. Ltd.,Nepal Stock House (PVT) Ltd.,65,315.1,20481.5,2025-07-30 11:39:01.939878
2025-07-30,120883,2025073004004748,API,Sewa Securities Pvt. Ltd.,Dipshikha Dhitopatra Karobar Co. Pvt Ltd.,10,316.0,3160.0,2025-07-30 11:39:41.991357
2025-07-30,120721,2025073004004785,API,Neev Securities Pvt. Ltd.,Dipshikha Dhitopatra Karobar Co. Pvt Ltd.,140,316.0,44240.0,2025-07-30 11:40:01.681515
2025-07-30,119823,2025073004004989,API,Naasa Securities Co. Ltd.,Nepal Investment And Securities Trading Private Limited,3,310.0,930.0,2025-07-30 11:41:49.989131
2025-07-30,119561,2025073004005074,API,Kohinoor Investment & Securities Pvt. Ltd.,Aryatara Investment & Securities,25,315.1,7877.5,2025-07-30 11:42:25.709759
2025-07-30,119560,2025073004005075,API,Trishakti Securities Public Limited,Aryatara Investment & Securities,17,315.1,5356.7,2025-07-30 11:42:25.710102
2025-07-30,119363,2025073004005111,API,Sewa Securities Pvt. Ltd.,Aryatara Investment & Securities,1,309.0,309.0,2025-07-30 11:42:48.546391
2025-07-30,119167,2025073004005155,API,Sewa Securities Pvt. Ltd.,Online Securities Pvt. Ltd.,2,314.0,628.0,2025-07-30 11:43:16.210849
2025-07-30,119032,2025073004005175,API,Trishakti Securities Public Limited,Neev Securities Pvt. Ltd.,483,315.1,152193.3,2025-07-30 11:43:34.145054
2025-07-30,118787,2025073004005215,API,Imperial Securities Company Pvt. Ltd.,Sri Hari Securities Pvt. Ltd.,200,315.0,63000.0,2025-07-30 11:44:11.323697
2025-07-30,118754,2025073004005219,API,Capital Max Securities Ltd,Neev Securities Pvt. Ltd.,17,315.1,5356.7,2025-07-30 11:44:15.329590
2025-07-30,118689,2025073004005234,API,Opal Securities Investment (PVT) Ltd.,Sweta Securities Private Limited,1,309.7,309.7,2025-07-30 11:44:25.927201
2025-07-30,118417,2025073004005308,API,K.B.L. Securities Limited ,Capital Max Securities Ltd,20,315.1,6302.0,2025-07-30 11:44:58.521546
2025-07-30,118376,2025073004005318,API,Capital Max Securities Ltd,Online Securities Pvt. Ltd.,10,316.0,3160.0,2025-07-30 11:45:06.611558
2025-07-30,117417,2025073004005602,API,K.B.L. Securities Limited ,Sewa Securities Pvt. Ltd.,480,315.1,151248.0,2025-07-30 11:47:04.213491
2025-07-30,117416,2025073004005603,API,Dipshikha Dhitopatra Karobar Co. Pvt Ltd.,Sewa Securities Pvt. Ltd.,10,315.1,3151.0,2025-07-30 11:47:04.213829
2025-07-30,117415,2025073004005604,API,Imperial Securities Company Pvt. Ltd.,Sewa Securities Pvt. Ltd.,378,315.0,119070.0,2025-07-30 11:47:04.213977
2025-07-30,117414,2025073004005605,API,Vision Securities Pvt. Ltd,Sewa Securities Pvt. Ltd.,100,315.0,31500.0,2025-07-30 11:47:04.214107
2025-07-30,117413,2025073004005606,API,Garima Securities Limited,Sewa Securities Pvt. Ltd.,32,315.0,10080.0,2025-07-30 11:47:04.214234
2025-07-30,117202,2025073004005671,API,Garima Securities Limited,Dipshikha Dhitopatra Karobar Co. Pvt Ltd.,218,315.0,68670.0,2025-07-30 11:47:38.359747
2025-07-30,117201,2025073004005672,API,Shree Krishna Securities Ltd.,Dipshikha Dhitopatra Karobar Co. Pvt Ltd.,50,315.0,15750.0,2025-07-30 11:47:38.360144
2025-07-30,117200,2025073004005673,API,Asian Securities Private Ltd.,Dipshikha Dhitopatra Karobar Co. Pvt Ltd.,932,315.0,293580.0,2025-07-30 11:47:38.360288
2025-07-30,117136,2025073004005680,API,Asian Securities Private Ltd.,NIMB Stock Markets Limited,68,315.0,21420.0,2025-07-30 11:47:49.862955
2025-07-30,117135,2025073004005681,API,Prabhu Stock Market Limited,NIMB Stock Markets Limited,1000,315.0,315000.0,2025-07-30 11:47:49.863296
2025-07-30,117134,2025073004005682,API,Sewa Securities Pvt. Ltd.,NIMB Stock Markets Limited,50,315.0,15750.0,2025-07-30 11:47:49.863445
2025-07-30,117133,2025073004005683,API,Dakshinkali Investment & Securities Pvt. Ltd.,NIMB Stock Markets Limited,200,315.0,63000.0,2025-07-30 11:47:49.863571
2025-07-30,117132,2025073004005684,API,Sani Securities Company Ltd.,NIMB Stock Markets Limited,35,315.0,11025.0,2025-07-30 11:47:49.863696
2025-07-30,117131,2025073004005685,API,Sumeru Securities Pvt. Ltd.,NIMB Stock Markets Limited,300,315.0,94500.0,2025-07-30 11:47:49.863821
2025-07-30,117130,2025073004005686,API,Nepal Investment And Securities Trading Private Limited,NIMB Stock Markets Limited,500,315.0,157500.0,2025-07-30 11:47:49.863946
2025-07-30,117129,2025073004005687,API,Naasa Securities Co. Ltd.,NIMB Stock Markets Limited,500,315.0,157500.0,2025-07-30 11:47:49.864068
2025-07-30,117128,2025073004005688,API,Sani Securities Company Ltd.,NIMB Stock Markets Limited,450,315.0,141750.0,2025-07-30 11:47:49.864190
2025-07-30,117127,2025073004005689,API,Linch Stock Market Ltd.,NIMB Stock Markets Limited,40,315.0,12600.0,2025-07-30 11:47:49.864319
2025-07-30,117126,2025073004005690,API,Miyo Securities Pvt Ltd,NIMB Stock Markets Limited,100,315.0,31500.0,2025-07-30 11:47:49.864471
2025-07-30,117125,2025073004005691,API,SHUBHAKAMANA SECURITIES PVT. LTD,NIMB Stock Markets Limited,45,315.0,14175.0,2025-07-30 11:47:49.864611
2025-07-30,117124,2025073004005692,API,Neev Securities Pvt. Ltd.,NIMB Stock Markets Limited,20,315.0,6300.0,2025-07-30 11:47:49.864728
2025-07-30,117123,2025073004005693,API,Investment Management Nepal Pvt. Ltd.,NIMB Stock Markets Limited,192,315.0,60480.0,2025-07-30 11:47:49.864863
2025-07-30,117090,2025073004005701,API,Opal Securities Investment (PVT) Ltd.,Nepal Investment And Securities Trading Private Limited,1,310.7,310.7,2025-07-30 11:47:54.528966
2025-07-30,116831,2025073004005770,API,Investment Management Nepal Pvt. Ltd.,Opal Securities Investment (PVT) Ltd.,58,315.0,18270.0,2025-07-30 11:48:24.972981
2025-07-30,116830,2025073004005771,API,Miyo Securities Pvt Ltd,Opal Securities Investment (PVT) Ltd.,29,315.0,9135.0,2025-07-30 11:48:24.973122
2025-07-30,116829,2025073004005772,API,Aryatara Investment & Securities,Opal Securities Investment (PVT) Ltd.,63,315.0,19845.0,2025-07-30 11:48:24.973156
2025-07-30,116684,2025073004005809,API,Aryatara Investment & Securities,Premier Securities Company Ltd.,37,315.0,11655.0,2025-07-30 11:48:44.275993
2025-07-30,116683,2025073004005810,API,Kumari Securities Private Limited,Premier Securities Company Ltd.,150,315.0,47250.0,2025-07-30 11:48:44.438008
2025-07-30,116549,2025073004005867,API,S.P.S.A. Securities Limited,Premier Securities Company Ltd.,113,315.0,35595.0,2025-07-30 11:49:03.835013
2025-07-30,116404,2025073004005903,API,Aryatara Investment & Securities,Dynamic Money Managers Securities Pvt. Ltd.,100,315.0,31500.0,2025-07-30 11:49:27.392512
2025-07-30,116403,2025073004005904,API,Online Securities Pvt. Ltd.,Dynamic Money Managers Securities Pvt. Ltd.,318,314.7,100074.6,2025-07-30 11:49:27.392869
2025-07-30,116402,2025073004005905,API,Naasa Securities Co. Ltd.,Dynamic Money Managers Securities Pvt. Ltd.,475,314.7,149482.5,2025-07-30 11:49:27.393001
2025-07-30,116401,2025073004005906,API,Kohinoor Investment & Securities Pvt. Ltd.,Dynamic Money Managers Securities Pvt. Ltd.,107,314.6,33662.2,2025-07-30 11:49:27.393129
2025-07-30,116200,2025073004005938,API,Kohinoor Investment & Securities Pvt. Ltd.,Primo Securities (PVT) Ltd.,143,314.6,44987.8,2025-07-30 11:49:53.736165
2025-07-30,116199,2025073004005939,API,Dipshikha Dhitopatra Karobar Co. Pvt Ltd.,Primo Securities (PVT) Ltd.,100,314.4,31440.0,2025-07-30 11:49:53.736487
2025-07-30,116198,2025073004005940,API,Kohinoor Investment & Securities Pvt. Ltd.,Primo Securities (PVT) Ltd.,50,314.4,15720.0,2025-07-30 11:49:53.736618
2025-07-30,116197,2025073004005941,API,Agrawal Securities (PVT) Ltd.,Primo Securities (PVT) Ltd.,703,314.3,220952.9,2025-07-30 11:49:53.736741
2025-07-30,116196,2025073004005942,API,Kumari Securities Private Limited,Primo Securities (PVT) Ltd.,300,314.2,94260.0,2025-07-30 11:49:53.737041
2025-07-30,116195,2025073004005943,API,Dakshinkali Investment & Securities Pvt. Ltd.,Primo Securities (PVT) Ltd.,204,314.2,64096.8,2025-07-30 11:49:53.737179
2025-07-30,116124,2025073004005965,API,Naasa Securities Co. Ltd.,Sumeru Securities Pvt. Ltd.,192,314.4,60364.8,2025-07-30 11:50:05.747467
2025-07-30,115899,2025073004006022,API,Vision Securities Pvt. Ltd,Trisul Securities & Invt. Ltd.,36,314.5,11322.0,2025-07-30 11:50:40.034364
2025-07-30,115878,2025073004006025,API,Vision Securities Pvt. Ltd,Malla & Malla Stock Broking Company Pvt. Limited,12,314.5,3774.0,2025-07-30 11:50:44.254766
2025-07-30,115877,2025073004006026,API,Sani Securities Company Ltd.,Malla & Malla Stock Broking Company Pvt. Limited,30,314.5,9435.0,2025-07-30 11:50:44.255053
2025-07-30,115876,2025073004006027,API,Dakshinkali Investment & Securities Pvt. Ltd.,Malla & Malla Stock Broking Company Pvt. Limited,502,314.2,157728.4,2025-07-30 11:50:44.255182
2025-07-30,115696,2025073004006085,API,Vision Securities Pvt. Ltd,Imperial Securities Company Pvt. Ltd.,91,315.0,28665.0,2025-07-30 11:51:03.973247
2025-07-30,115688,2025073004006088,API,Vision Securities Pvt. Ltd,Naasa Securities Co. Ltd.,31,315.0,9765.0,2025-07-30 11:51:05.932537
2025-07-30,115153,2025073004006239,API,Blue Chip Securities Ltd,Primo Securities (PVT) Ltd.,20,315.1,6302.0,2025-07-30 11:52:27.968622
2025-07-30,115152,2025073004006240,API,Vision Securities Pvt. Ltd,Primo Securities (PVT) Ltd.,878,315.0,276570.0,2025-07-30 11:52:27.968987
2025-07-30,115151,2025073004006241,API,Vision Securities Pvt. Ltd,Primo Securities (PVT) Ltd.,302,315.0,95130.0,2025-07-30 11:52:27.969190
2025-07-30,115064,2025073004006281,API,Vision Securities Pvt. Ltd,Online Securities Pvt. Ltd.,698,315.0,219870.0,2025-07-30 11:52:39.666031
2025-07-30,115063,2025073004006282,API,Arun Securities (PVT) Ltd.,Online Securities Pvt. Ltd.,100,315.0,31500.0,2025-07-30 11:52:39.666396
2025-07-30,114930,2025073004006308,API,Vision Securities Pvt. Ltd,Online Securities Pvt. Ltd.,62,315.0,19530.0,2025-07-30 11:52:58.079236
2025-07-30,114929,2025073004006309,API,Vision Securities Pvt. Ltd,Kohinoor Investment & Securities Pvt. Ltd.,80,315.0,25200.0,2025-07-30 11:52:58.079841
2025-07-30,114112,2025073004006476,API,Sewa Securities Pvt. Ltd.,Nepal Investment And Securities Trading Private Limited,4,310.0,1240.0,2025-07-30 11:55:04.962582
2025-07-30,114071,2025073004006489,API,Vision Securities Pvt. Ltd,Sani Securities Company Ltd.,500,315.5,157750.0,2025-07-30 11:55:10.495692
2025-07-30,114070,2025073004006490,API,Vision Securities Pvt. Ltd,Online Securities Pvt. Ltd.,90,316.0,28440.0,2025-07-30 11:55:10.496036
2025-07-30,114069,2025073004006491,API,Vision Securities Pvt. Ltd,Sani Securities Company Ltd.,35,316.0,11060.0,2025-07-30 11:55:10.496185
2025-07-30,113682,2025073004006562,API,Vision Securities Pvt. Ltd,Citizens Share Broker Limited,93,316.0,29388.0,2025-07-30 11:56:04.624488
2025-07-30,113580,2025073004006600,API,Vision Securities Pvt. Ltd,Sewa Securities Pvt. Ltd.,140,316.0,44240.0,2025-07-30 11:56:28.767544
2025-07-30,113579,2025073004006601,API,Vision Securities Pvt. Ltd,Sewa Securities Pvt. Ltd.,860,316.0,271760.0,2025-07-30 11:56:28.767893
2025-07-30,113521,2025073004006611,API,Imperial Securities Company Pvt. Ltd.,Dipshikha Dhitopatra Karobar Co. Pvt Ltd.,182,316.1,57530.2,2025-07-30 11:56:37.497064
2025-07-30,113310,2025073004006679,API,Sewa Securities Pvt. Ltd.,Dipshikha Dhitopatra Karobar Co. Pvt Ltd.,2,310.0,620.0,2025-07-30 11:57:07.386350
2025-07-30,113141,2025073004006731,API,Imperial Securities Company Pvt. Ltd.,Aryatara Investment & Securities,215,316.1,67961.5,2025-07-30 11:57:33.735783
2025-07-30,113056,2025073004006751,API,Imperial Securities Company Pvt. Ltd.,Naasa Securities Co. Ltd.,10,316.1,3161.0,2025-07-30 11:57:45.581991
2025-07-30,112729,2025073004006844,API,Capital Max Securities Ltd,Trishakti Securities Public Limited,10,317.0,3170.0,2025-07-30 11:58:39.452941
2025-07-30,112539,2025073004006870,API,Imperial Securities Company Pvt. Ltd.,Kumari Securities Private Limited,45,316.1,14224.5,2025-07-30 11:59:04.567690
2025-07-30,112090,2025073004007030,API,Imperial Securities Company Pvt. Ltd.,Oxford Securities Pvt. Ltd.,48,316.1,15172.8,2025-07-30 12:00:04.650310
2025-07-30,112089,2025073004007031,API,Imperial Securities Company Pvt. Ltd.,Oxford Securities Pvt. Ltd.,102,316.1,32242.2,2025-07-30 12:00:04.651086
2025-07-30,111911,2025073004007060,API,Sewa Securities Pvt. Ltd.,Deevyaa Securities & Stock House Pvt. Ltd,1,310.0,310.0,2025-07-30 12:00:24.865154
2025-07-30,111905,2025073004007061,API,Naasa Securities Co. Ltd.,NIMB Stock Markets Limited,20,316.2,6324.0,2025-07-30 12:00:25.958036
2025-07-30,111904,2025073004007062,API,Imperial Securities Company Pvt. Ltd.,NIMB Stock Markets Limited,116,316.1,36667.6,2025-07-30 12:00:25.958436
2025-07-30,111728,2025073004007131,API,Vision Securities Pvt. Ltd,NIMB Stock Markets Limited,140,316.0,44240.0,2025-07-30 12:00:51.276829
2025-07-30,111727,2025073004007132,API,Vision Securities Pvt. Ltd,NIMB Stock Markets Limited,40,316.0,12640.0,2025-07-30 12:00:51.277512
2025-07-30,111726,2025073004007133,API,Aryatara Investment & Securities,NIMB Stock Markets Limited,60,316.0,18960.0,2025-07-30 12:00:51.277954
2025-07-30,111725,2025073004007134,API,Dipshikha Dhitopatra Karobar Co. Pvt Ltd.,NIMB Stock Markets Limited,50,316.0,15800.0,2025-07-30 12:00:51.278375
2025-07-30,111724,2025073004007135,API,Agrawal Securities (PVT) Ltd.,NIMB Stock Markets Limited,74,316.0,23384.0,2025-07-30 12:00:51.278799
2025-07-30,111465,2025073004007189,API,Agrawal Securities (PVT) Ltd.,Trisul Securities & Invt. Ltd.,26,316.0,8216.0,2025-07-30 12:01:29.059014
2025-07-30,111464,2025073004007190,API,South Asian Bulls Pvt. Ltd.,Trisul Securities & Invt. Ltd.,25,316.0,7900.0,2025-07-30 12:01:29.059425
2025-07-30,111341,2025073004007206,API,South Asian Bulls Pvt. Ltd.,South Asian Bulls Pvt. Ltd.,10,316.0,3160.0,2025-07-30 12:01:46.655420
2025-07-30,111210,2025073004007240,API,Sewa Securities Pvt. Ltd.,South Asian Bulls Pvt. Ltd.,10,316.0,3160.0,2025-07-30 12:02:06.647520
2025-07-30,110384,2025073004007415,API,Sani Securities Company Ltd.,Naasa Securities Co. Ltd.,80,315.6,25248.0,2025-07-30 12:04:06.975793
2025-07-30,110269,2025073004007456,API,Dipshikha Dhitopatra Karobar Co. Pvt Ltd.,South Asian Bulls Pvt. Ltd.,15,316.0,4740.0,2025-07-30 12:04:22.594441
2025-07-30,109597,2025073004007601,API,Naasa Securities Co. Ltd.,NIMB Stock Markets Limited,100,316.9,31690.0,2025-07-30 12:06:00.042946
2025-07-30,109526,2025073004007614,API,Sani Securities Company Ltd.,Opal Securities Investment (PVT) Ltd.,220,315.6,69432.0,2025-07-30 12:06:08.608945
2025-07-30,109525,2025073004007615,API,Aryatara Investment & Securities,Opal Securities Investment (PVT) Ltd.,75,315.5,23662.5,2025-07-30 12:06:08.609343
2025-07-30,108915,2025073004007708,API,Swarna Laxmi Securities Pvt. Ltd.,NIMB Stock Markets Limited,400,316.9,126760.0,2025-07-30 12:07:13.878768
2025-07-30,107178,2025073004008118,API,Sundhara Securities Limited,Trishakti Securities Public Limited,100,317.0,31700.0,2025-07-30 12:10:10.342422
2025-07-30,107090,2025073004008143,API,Dipshikha Dhitopatra Karobar Co. Pvt Ltd.,Trishakti Securities Public Limited,150,317.0,47550.0,2025-07-30 12:10:19.667484
2025-07-30,106777,2025073004008211,API,Kohinoor Investment & Securities Pvt. Ltd.,Trishakti Securities Public Limited,50,317.0,15850.0,2025-07-30 12:10:52.508321
2025-07-30,106227,2025073004008317,API,Sani Securities Company Ltd.,Trishakti Securities Public Limited,115,317.0,36455.0,2025-07-30 12:11:40.716733
2025-07-30,106226,2025073004008318,API,Sani Securities Company Ltd.,Aryatara Investment & Securities,105,317.0,33285.0,2025-07-30 12:11:40.717578
2025-07-30,106225,2025073004008319,API,Sani Securities Company Ltd.,Midas Stock Broking Company Private Limited,190,317.0,60230.0,2025-07-30 12:11:40.718301
2025-07-30,106224,2025073004008320,API,Sani Securities Company Ltd.,Sagarmatha Securities Private Limited,100,317.0,31700.0,2025-07-30 12:11:40.718949
2025-07-30,106223,2025073004008321,API,Sani Securities Company Ltd.,Sumeru Securities Pvt. Ltd.,52,317.0,16484.0,2025-07-30 12:11:40.719606
2025-07-30,106222,2025073004008322,API,Sani Securities Company Ltd.,Dynamic Money Managers Securities Pvt. Ltd.,84,317.0,26628.0,2025-07-30 12:11:40.720211
2025-07-30,106221,2025073004008323,API,Sani Securities Company Ltd.,Dynamic Money Managers Securities Pvt. Ltd.,20,317.0,6340.0,2025-07-30 12:11:40.720885
2025-07-30,106037,2025073004008368,API,ABC Securities Private Limited,Sewa Securities Pvt. Ltd.,6,315.0,1890.0,2025-07-30 12:11:54.003444
2025-07-30,105881,2025073004008410,API,Aryatara Investment & Securities,Dynamic Money Managers Securities Pvt. Ltd.,80,317.0,25360.0,2025-07-30 12:12:10.936414
2025-07-30,105880,2025073004008411,API,Aryatara Investment & Securities,Neev Securities Pvt. Ltd.,56,317.0,17752.0,2025-07-30 12:12:10.937173
2025-07-30,105879,2025073004008412,API,Aryatara Investment & Securities,Naasa Securities Co. Ltd.,10,317.0,3170.0,2025-07-30 12:12:10.937697
2025-07-30,105852,2025073004008417,API,ABC Securities Private Limited,Creative Securities Pvt Ltd,3,315.0,945.0,2025-07-30 12:12:14.469301
2025-07-30,105696,2025073004008445,API,Aryatara Investment & Securities,Sani Securities Company Ltd.,200,317.0,63400.0,2025-07-30 12:12:28.347664
2025-07-30,105267,2025073004008510,API,ABC Securities Private Limited,Dipshikha Dhitopatra Karobar Co. Pvt Ltd.,2,315.0,630.0,2025-07-30 12:13:14.884951
2025-07-30,104895,2025073004008557,API,Aryatara Investment & Securities,NIMB Stock Markets Limited,154,317.0,48818.0,2025-07-30 12:13:46.585239
2025-07-30,104894,2025073004008558,API,Miyo Securities Pvt Ltd,NIMB Stock Markets Limited,346,317.0,109682.0,2025-07-30 12:13:46.585621
2025-07-30,104889,2025073004008559,API,ABC Securities Private Limited,Swarna Laxmi Securities Pvt. Ltd.,7,315.0,2205.0,2025-07-30 12:13:47.339384
2025-07-30,104543,2025073004008643,API,Miyo Securities Pvt Ltd,Sweta Securities Private Limited,154,317.0,48818.0,2025-07-30 12:14:22.680823
2025-07-30,104144,2025073004008726,API,Sumeru Securities Pvt. Ltd.,Sweta Securities Private Limited,200,317.0,63400.0,2025-07-30 12:15:12.340335
2025-07-30,104121,2025073004008733,API,Premier Securities Company Ltd.,Oxford Securities Pvt. Ltd.,200,316.1,63220.0,2025-07-30 12:15:15.572878
2025-07-30,103445,2025073004008887,API,Imperial Securities Company Pvt. Ltd.,Imperial Securities Company Pvt. Ltd.,2,311.0,622.0,2025-07-30 12:16:31.226379
2025-07-30,103103,2025073004008952,API,Agrawal Securities (PVT) Ltd.,Sharepro Securities Private Limited,70,316.5,22155.0,2025-07-30 12:17:02.031250
2025-07-30,103102,2025073004008953,API,Premier Securities Company Ltd.,Sharepro Securities Private Limited,15,316.1,4741.5,2025-07-30 12:17:02.031616
2025-07-30,102975,2025073004008980,API,Blue Chip Securities Ltd,Sweta Securities Private Limited,46,317.0,14582.0,2025-07-30 12:17:16.087330
2025-07-30,102843,2025073004009026,API,Blue Chip Securities Ltd,Primo Securities (PVT) Ltd.,100,317.0,31700.0,2025-07-30 12:17:35.092210
2025-07-30,102800,2025073004009033,API,Blue Chip Securities Ltd,South Asian Bulls Pvt. Ltd.,10,317.0,3170.0,2025-07-30 12:17:38.454218
2025-07-30,102758,2025073004009044,API,Asian Securities Private Ltd.,Malla & Malla Stock Broking Company Pvt. Limited,200,317.4,63480.0,2025-07-30 12:17:46.563404
2025-07-30,102390,2025073004009130,API,Blue Chip Securities Ltd,Malla & Malla Stock Broking Company Pvt. Limited,44,317.4,13965.6,2025-07-30 12:18:44.622455
2025-07-30,102129,2025073004009183,API,J.F. Securites (PVT) Ltd.,Malla & Malla Stock Broking Company Pvt. Limited,228,317.4,72367.2,2025-07-30 12:19:13.779201
2025-07-30,102075,2025073004009197,API,J.F. Securites (PVT) Ltd.,South Asian Bulls Pvt. Ltd.,90,317.4,28566.0,2025-07-30 12:19:24.575996
2025-07-30,102034,2025073004009208,API,J.F. Securites (PVT) Ltd.,Midas Stock Broking Company Private Limited,182,317.4,57766.8,2025-07-30 12:19:30.689989
2025-07-30,102033,2025073004009209,API,Online Securities Pvt. Ltd.,Midas Stock Broking Company Private Limited,100,317.0,31700.0,2025-07-30 12:19:30.690763
2025-07-30,102032,2025073004009210,API,Miyo Securities Pvt Ltd,Midas Stock Broking Company Private Limited,100,317.0,31700.0,2025-07-30 12:19:30.691246
2025-07-30,101990,2025073004009222,API,Creative Securities Pvt Ltd,Midas Stock Broking Company Private Limited,500,317.0,158500.0,2025-07-30 12:19:36.917685
2025-07-30,101894,2025073004009256,API,Shree Krishna Securities Ltd.,Market Securities & Exchange (PVT) Ltd.,5,310.7,1553.5,2025-07-30 12:19:48.178562
2025-07-30,101808,2025073004009279,API,Sani Securities Company Ltd.,Midas Stock Broking Company Private Limited,118,317.0,37406.0,2025-07-30 12:19:59.015556
2025-07-30,101663,2025073004009305,API,Vision Securities Pvt. Ltd,South Asian Bulls Pvt. Ltd.,52,317.0,16484.0,2025-07-30 12:20:23.908777
2025-07-30,101627,2025073004009316,API,Vision Securities Pvt. Ltd,Global IME Securities Limited,110,317.0,34870.0,2025-07-30 12:20:29.272525
2025-07-30,101626,2025073004009317,API,Linch Stock Market Ltd.,Global IME Securities Limited,205,316.2,64821.0,2025-07-30 12:20:29.273256
2025-07-30,101259,2025073004009416,API,Sewa Securities Pvt. Ltd.,Investment Management Nepal Pvt. Ltd.,1,310.0,310.0,2025-07-30 12:21:23.794708
2025-07-30,101202,2025073004009435,API,Linch Stock Market Ltd.,Siprabi Securities Pvt. Ltd.,100,316.2,31620.0,2025-07-30 12:21:36.786914
2025-07-30,101024,2025073004009489,API,Linch Stock Market Ltd.,Deevyaa Securities & Stock House Pvt. Ltd,490,316.2,154938.0,2025-07-30 12:22:01.951250
2025-07-30,100863,2025073004009507,API,Linch Stock Market Ltd.,Sani Securities Company Ltd.,20,316.3,6326.0,2025-07-30 12:22:27.834383
2025-07-30,100709,2025073004009559,API,Linch Stock Market Ltd.,Dynamic Money Managers Securities Pvt. Ltd.,900,316.3,284670.0,2025-07-30 12:22:46.320536
2025-07-30,100166,2025073004009676,API,Linch Stock Market Ltd.,Nepal Investment And Securities Trading Private Limited,80,316.3,25304.0,2025-07-30 12:23:56.753123
2025-07-30,100165,2025073004009677,API,Linch Stock Market Ltd.,Nepal Investment And Securities Trading Private Limited,205,316.2,64821.0,2025-07-30 12:23:56.753563
2025-07-30,100164,2025073004009678,API,Siprabi Securities Pvt. Ltd.,Nepal Investment And Securities Trading Private Limited,60,316.0,18960.0,2025-07-30 12:23:56.753753
2025-07-30,100163,2025073004009679,API,Neev Securities Pvt. Ltd.,Nepal Investment And Securities Trading Private Limited,300,316.0,94800.0,2025-07-30 12:23:56.753927
2025-07-30,100162,2025073004009680,API,Miyo Securities Pvt Ltd,Nepal Investment And Securities Trading Private Limited,250,316.0,79000.0,2025-07-30 12:23:56.754094
2025-07-30,100161,2025073004009681,API,Global IME Securities Limited,Nepal Investment And Securities Trading Private Limited,70,316.0,22120.0,2025-07-30 12:23:56.754273
2025-07-30,100160,2025073004009682,API,Sani Securities Company Ltd.,Nepal Investment And Securities Trading Private Limited,1000,316.0,316000.0,2025-07-30 12:23:56.754448
2025-07-30,100159,2025073004009683,API,Sani Securities Company Ltd.,Nepal Investment And Securities Trading Private Limited,375,316.0,118500.0,2025-07-30 12:23:56.754619
2025-07-30,99961,2025073004009752,API,Aryatara Investment & Securities,Nepal Investment And Securities Trading Private Limited,100,316.0,31600.0,2025-07-30 12:24:21.900103
2025-07-30,99929,2025073004009760,API,Sundhara Securities Limited,Dynamic Money Managers Securities Pvt. Ltd.,100,315.8,31580.0,2025-07-30 12:24:25.723735
2025-07-30,99858,2025073004009771,API,Sani Securities Company Ltd.,Nepal Investment And Securities Trading Private Limited,500,316.0,158000.0,2025-07-30 12:24:31.494145
2025-07-30,99529,2025073004009846,API,Dipshikha Dhitopatra Karobar Co. Pvt Ltd.,Creative Securities Pvt Ltd,100,315.7,31570.0,2025-07-30 12:25:16.647732
2025-07-30,99528,2025073004009847,API,Nepal Stock House (PVT) Ltd.,Creative Securities Pvt Ltd,397,315.6,125293.2,2025-07-30 12:25:16.648220
2025-07-30,98781,2025073004010037,API,Opal Securities Investment (PVT) Ltd.,J.F. Securites (PVT) Ltd.,2,310.7,621.4,2025-07-30 12:26:52.534983
2025-07-30,98762,2025073004010038,API,SUN SECURITIES PVT LTD,Dynamic Money Managers Securities Pvt. Ltd.,42,316.4,13288.8,2025-07-30 12:26:55.725702
2025-07-30,98709,2025073004010055,API,Naasa Securities Co. Ltd.,Dynamic Money Managers Securities Pvt. Ltd.,40,316.4,12656.0,2025-07-30 12:27:03.061646
2025-07-30,98232,2025073004010183,API,South Asian Bulls Pvt. Ltd.,Nepal Stock House (PVT) Ltd.,105,316.0,33180.0,2025-07-30 12:28:15.258030
2025-07-30,98073,2025073004010219,API,Nepal Stock House (PVT) Ltd.,Imperial Securities Company Pvt. Ltd.,103,315.6,32506.8,2025-07-30 12:28:37.302666
2025-07-30,98072,2025073004010220,API,ABC Securities Private Limited,Imperial Securities Company Pvt. Ltd.,100,315.6,31560.0,2025-07-30 12:28:37.303477
2025-07-30,98071,2025073004010221,API,Online Securities Pvt. Ltd.,Imperial Securities Company Pvt. Ltd.,40,315.6,12624.0,2025-07-30 12:28:37.304028
2025-07-30,98070,2025073004010222,API,South Asian Bulls Pvt. Ltd.,Imperial Securities Company Pvt. Ltd.,200,315.6,63120.0,2025-07-30 12:28:37.304572
2025-07-30,98069,2025073004010223,API,Aryatara Investment & Securities,Imperial Securities Company Pvt. Ltd.,35,315.5,11042.5,2025-07-30 12:28:37.305103
2025-07-30,98068,2025073004010224,API,Dipshikha Dhitopatra Karobar Co. Pvt Ltd.,Imperial Securities Company Pvt. Ltd.,10,315.5,3155.0,2025-07-30 12:28:37.305705
2025-07-30,98067,2025073004010225,API,Vision Securities Pvt. Ltd,Imperial Securities Company Pvt. Ltd.,400,315.5,126200.0,2025-07-30 12:28:37.306233
2025-07-30,98066,2025073004010226,API,Imperial Securities Company Pvt. Ltd.,Imperial Securities Company Pvt. Ltd.,112,315.5,35336.0,2025-07-30 12:28:37.306808
2025-07-30,97967,2025073004010247,API,Sewa Securities Pvt. Ltd.,Thrive Brokerage House Pvt. Ltd,3,310.0,930.0,2025-07-30 12:28:54.423422
2025-07-30,97761,2025073004010275,API,Imperial Securities Company Pvt. Ltd.,Secured Securities Ltd.,500,315.5,157750.0,2025-07-30 12:29:19.300358
2025-07-30,97628,2025073004010296,API,Imperial Securities Company Pvt. Ltd.,Dynamic Money Managers Securities Pvt. Ltd.,888,315.5,280164.0,2025-07-30 12:29:35.781632
2025-07-30,97627,2025073004010297,API,South Asian Bulls Pvt. Ltd.,Dynamic Money Managers Securities Pvt. Ltd.,112,315.4,35324.8,2025-07-30 12:29:35.782067
2025-07-30,97459,2025073004010340,API,Sewa Securities Pvt. Ltd.,Online Securities Pvt. Ltd.,1,310.0,310.0,2025-07-30 12:29:53.577959
2025-07-30,97224,2025073004010406,API,Himalayan Brokerage Company Limited,Imperial Securities Company Pvt. Ltd.,3000,316.0,948000.0,2025-07-30 12:30:18.980083
2025-07-30,97081,2025073004010424,API,Sewa Securities Pvt. Ltd.,Agrawal Securities (PVT) Ltd.,6,310.0,1860.0,2025-07-30 12:30:33.076250
2025-07-30,96925,2025073004010476,API,South Asian Bulls Pvt. Ltd.,Neev Securities Pvt. Ltd.,188,315.4,59295.2,2025-07-30 12:30:52.626830
2025-07-30,96455,2025073004010605,API,Dakshinkali Investment & Securities Pvt. Ltd.,Neev Securities Pvt. Ltd.,170,315.4,53618.0,2025-07-30 12:31:54.017903
2025-07-30,96452,2025073004010606,API,Opal Securities Investment (PVT) Ltd.,Sagarmatha Securities Private Limited,1,311.0,311.0,2025-07-30 12:31:54.710019
2025-07-30,96249,2025073004010640,API,Dakshinkali Investment & Securities Pvt. Ltd.,Dakshinkali Investment & Securities Pvt. Ltd.,90,316.0,28440.0,2025-07-30 12:32:18.959608
2025-07-30,95361,2025073004010766,API,Dipshikha Dhitopatra Karobar Co. Pvt Ltd.,Neev Securities Pvt. Ltd.,50,316.0,15800.0,2025-07-30 12:33:57.076579
2025-07-30,95138,2025073004010809,API,Shree Krishna Securities Ltd.,Neev Securities Pvt. Ltd.,50,316.0,15800.0,2025-07-30 12:34:21.964534
2025-07-30,94312,2025073004010929,API,Naasa Securities Co. Ltd.,Trishakti Securities Public Limited,10,315.3,3153.0,2025-07-30 12:35:39.457234
2025-07-30,94311,2025073004010930,API,K.B.L. Securities Limited ,Trishakti Securities Public Limited,40,315.3,12612.0,2025-07-30 12:35:39.457671
2025-07-30,94261,2025073004010937,API,K.B.L. Securities Limited ,Asian Securities Private Ltd.,500,315.3,157650.0,2025-07-30 12:35:49.203362
2025-07-30,94254,2025073004010940,API,K.B.L. Securities Limited ,Imperial Securities Company Pvt. Ltd.,400,315.3,126120.0,2025-07-30 12:35:50.315689
2025-07-30,94025,2025073004010981,API,Miyo Securities Pvt Ltd,Deevyaa Securities & Stock House Pvt. Ltd,100,315.9,31590.0,2025-07-30 12:36:23.724016
2025-07-30,93706,2025073004011023,API,Dipshikha Dhitopatra Karobar Co. Pvt Ltd.,Online Securities Pvt. Ltd.,50,315.4,15770.0,2025-07-30 12:37:06.142926
2025-07-30,92802,2025073004011133,API,Nepal Stock House (PVT) Ltd.,Neev Securities Pvt. Ltd.,10,316.0,3160.0,2025-07-30 12:38:40.108185
2025-07-30,92464,2025073004011189,API,Himalayan Brokerage Company Limited,Neev Securities Pvt. Ltd.,2000,316.0,632000.0,2025-07-30 12:39:18.843397
2025-07-30,91920,2025073004011306,API,Oxford Securities Pvt. Ltd.,Neev Securities Pvt. Ltd.,34,316.0,10744.0,2025-07-30 12:40:25.111655
2025-07-30,91541,2025073004011382,API,SUN SECURITIES PVT LTD,Neev Securities Pvt. Ltd.,499,316.0,157684.0,2025-07-30 12:41:04.390939
2025-07-30,91540,2025073004011383,API,SUN SECURITIES PVT LTD,Aryatara Investment & Securities,300,316.0,94800.0,2025-07-30 12:41:04.391372
2025-07-30,91539,2025073004011384,API,SUN SECURITIES PVT LTD,Secured Securities Ltd.,34,316.0,10744.0,2025-07-30 12:41:04.391574
2025-07-30,91135,2025073004011438,API,SUN SECURITIES PVT LTD,Dipshikha Dhitopatra Karobar Co. Pvt Ltd.,16,316.0,5056.0,2025-07-30 12:41:44.587621
2025-07-30,90869,2025073004011514,API,SUN SECURITIES PVT LTD,Naasa Securities Co. Ltd.,151,316.0,47716.0,2025-07-30 12:42:25.751829
2025-07-30,90331,2025073004011624,API,Deevyaa Securities & Stock House Pvt. Ltd,Naasa Securities Co. Ltd.,180,316.0,56880.0,2025-07-30 12:43:35.523868
2025-07-30,90204,2025073004011643,API,Neev Securities Pvt. Ltd.,Naasa Securities Co. Ltd.,100,316.0,31600.0,2025-07-30 12:43:55.739365
2025-07-30,90024,2025073004011689,API,Online Securities Pvt. Ltd.,Naasa Securities Co. Ltd.,340,316.0,107440.0,2025-07-30 12:44:19.357553
2025-07-30,89947,2025073004011696,API,Vision Securities Pvt. Ltd,Naasa Securities Co. Ltd.,380,316.0,120080.0,2025-07-30 12:44:26.690546
2025-07-30,89946,2025073004011697,API,Vision Securities Pvt. Ltd,Trisul Securities & Invt. Ltd.,300,316.0,94800.0,2025-07-30 12:44:26.691019
2025-07-30,89911,2025073004011709,API,Vision Securities Pvt. Ltd,Deevyaa Securities & Stock House Pvt. Ltd,20,316.0,6320.0,2025-07-30 12:44:31.482582
2025-07-30,89910,2025073004011710,API,Dipshikha Dhitopatra Karobar Co. Pvt Ltd.,Deevyaa Securities & Stock House Pvt. Ltd,50,315.4,15770.0,2025-07-30 12:44:31.482640
2025-07-30,89909,2025073004011711,API,Thrive Brokerage House Pvt. Ltd,Deevyaa Securities & Stock House Pvt. Ltd,130,315.4,41002.0,2025-07-30 12:44:31.482670
2025-07-30,89415,2025073004011834,API,Sani Securities Company Ltd.,Naasa Securities Co. Ltd.,35,316.0,11060.0,2025-07-30 12:45:48.314772
2025-07-30,88641,2025073004012011,API,Premier Securities Company Ltd.,Naasa Securities Co. Ltd.,100,316.0,31600.0,2025-07-30 12:47:42.740555
2025-07-30,88016,2025073004012176,API,Investment Management Nepal Pvt. Ltd.,pahiinvestment,38,316.1,12011.8,2025-07-30 12:49:03.153133
2025-07-30,87559,2025073004012285,API,Investment Management Nepal Pvt. Ltd.,NIMB Stock Markets Limited,162,316.1,51208.2,2025-07-30 12:49:53.771353
2025-07-30,87558,2025073004012286,API,J.F. Securites (PVT) Ltd.,NIMB Stock Markets Limited,250,316.0,79000.0,2025-07-30 12:49:53.771815
2025-07-30,87557,2025073004012287,API,Dipshikha Dhitopatra Karobar Co. Pvt Ltd.,NIMB Stock Markets Limited,50,316.0,15800.0,2025-07-30 12:49:53.772044
2025-07-30,87316,2025073004012338,API,Sewa Securities Pvt. Ltd.,Kohinoor Investment & Securities Pvt. Ltd.,9,316.0,2844.0,2025-07-30 12:50:30.617386
2025-07-30,86996,2025073004012445,API,Aryatara Investment & Securities,NIMB Stock Markets Limited,38,316.0,12008.0,2025-07-30 12:51:17.261284
2025-07-30,86995,2025073004012446,API,Aryatara Investment & Securities,Creative Securities Pvt Ltd,221,316.0,69836.0,2025-07-30 12:51:17.261790
2025-07-30,86670,2025073004012529,API,Aryatara Investment & Securities,Kumari Securities Private Limited,100,316.0,31600.0,2025-07-30 12:51:58.841020
2025-07-30,86311,2025073004012651,API,Aryatara Investment & Securities,NIMB Stock Markets Limited,141,316.0,44556.0,2025-07-30 12:52:43.621485
2025-07-30,85983,2025073004012748,API,Citizens Share Broker Limited,Thrive Brokerage House Pvt. Ltd,150,315.5,47325.0,2025-07-30 12:53:21.081236
2025-07-30,85982,2025073004012749,API,Thrive Brokerage House Pvt. Ltd,Thrive Brokerage House Pvt. Ltd,170,315.4,53618.0,2025-07-30 12:53:21.081306
2025-07-30,85981,2025073004012750,API,Kumari Securities Private Limited,Thrive Brokerage House Pvt. Ltd,50,315.4,15770.0,2025-07-30 12:53:21.081346
2025-07-30,85980,2025073004012751,API,Vision Securities Pvt. Ltd,Thrive Brokerage House Pvt. Ltd,500,315.4,157700.0,2025-07-30 12:53:21.081389
2025-07-30,85979,2025073004012752,API,Online Securities Pvt. Ltd.,Thrive Brokerage House Pvt. Ltd,200,315.4,63080.0,2025-07-30 12:53:21.081427
2025-07-30,85978,2025073004012753,API,K.B.L. Securities Limited ,Thrive Brokerage House Pvt. Ltd,930,315.3,293229.0,2025-07-30 12:53:21.081452
2025-07-30,85802,2025073004012774,API,K.B.L. Securities Limited ,Premier Securities Company Ltd.,1000,315.3,315300.0,2025-07-30 12:53:41.671926
2025-07-30,85719,2025073004012788,API,K.B.L. Securities Limited ,Naasa Securities Co. Ltd.,60,315.3,18918.0,2025-07-30 12:53:52.152082
2025-07-30,84653,2025073004013022,API,Online Securities Pvt. Ltd.,Sumeru Securities Pvt. Ltd.,11,315.6,3471.6,2025-07-30 12:55:56.211343
2025-07-30,84602,2025073004013033,API,Online Securities Pvt. Ltd.,Deevyaa Securities & Stock House Pvt. Ltd,49,315.6,15464.4,2025-07-30 12:56:00.174925
2025-07-30,84601,2025073004013034,API,K.B.L. Securities Limited ,Deevyaa Securities & Stock House Pvt. Ltd,70,315.3,22071.0,2025-07-30 12:56:00.175913
2025-07-30,84600,2025073004013035,API,Dipshikha Dhitopatra Karobar Co. Pvt Ltd.,Deevyaa Securities & Stock House Pvt. Ltd,100,315.3,31530.0,2025-07-30 12:56:00.176615
2025-07-30,84599,2025073004013036,API,Naasa Securities Co. Ltd.,Deevyaa Securities & Stock House Pvt. Ltd,193,315.3,60852.9,2025-07-30 12:56:00.177296
2025-07-30,84598,2025073004013037,API,Dipshikha Dhitopatra Karobar Co. Pvt Ltd.,Deevyaa Securities & Stock House Pvt. Ltd,988,315.2,311417.6,2025-07-30 12:56:00.177989
2025-07-30,84491,2025073004013064,API,Dipshikha Dhitopatra Karobar Co. Pvt Ltd.,Capital Max Securities Ltd,12,315.2,3782.4,2025-07-30 12:56:12.122206
2025-07-30,84490,2025073004013065,API,Oxford Securities Pvt. Ltd.,Capital Max Securities Ltd,24,315.1,7562.4,2025-07-30 12:56:12.122695
2025-07-30,84383,2025073004013092,API,Aakashbhairab Securities Ltd.,J.F. Securites (PVT) Ltd.,185,315.4,58349.0,2025-07-30 12:56:24.811297
2025-07-30,84382,2025073004013093,API,Oxford Securities Pvt. Ltd.,J.F. Securites (PVT) Ltd.,126,315.1,39702.6,2025-07-30 12:56:24.811857
2025-07-30,84381,2025073004013094,API,Oxford Securities Pvt. Ltd.,J.F. Securites (PVT) Ltd.,40,315.1,12604.0,2025-07-30 12:56:24.812159
2025-07-30,84380,2025073004013095,API,Kohinoor Investment & Securities Pvt. Ltd.,J.F. Securites (PVT) Ltd.,20,315.1,6302.0,2025-07-30 12:56:24.812410
2025-07-30,84379,2025073004013096,API,Magnet Securities and Investment Company Private Limited,J.F. Securites (PVT) Ltd.,200,315.1,63020.0,2025-07-30 12:56:24.812641
2025-07-30,84378,2025073004013097,API,South Asian Bulls Pvt. Ltd.,J.F. Securites (PVT) Ltd.,429,315.1,135177.9,2025-07-30 12:56:24.812870
2025-07-30,84376,2025073004013098,API,South Asian Bulls Pvt. Ltd.,South Asian Bulls Pvt. Ltd.,571,315.1,179922.1,2025-07-30 12:56:25.093853
2025-07-30,84375,2025073004013099,API,Trisul Securities & Invt. Ltd.,South Asian Bulls Pvt. Ltd.,100,315.1,31510.0,2025-07-30 12:56:25.094350
2025-07-30,84374,2025073004013100,API,Imperial Securities Company Pvt. Ltd.,South Asian Bulls Pvt. Ltd.,200,315.1,63020.0,2025-07-30 12:56:25.094579
2025-07-30,84373,2025073004013101,API,Trishakti Securities Public Limited,South Asian Bulls Pvt. Ltd.,1000,315.1,315100.0,2025-07-30 12:56:25.094802
2025-07-30,84372,2025073004013102,API,Dipshikha Dhitopatra Karobar Co. Pvt Ltd.,South Asian Bulls Pvt. Ltd.,100,315.1,31510.0,2025-07-30 12:56:25.095020
2025-07-30,84371,2025073004013103,API,Dipshikha Dhitopatra Karobar Co. Pvt Ltd.,South Asian Bulls Pvt. Ltd.,10,315.1,3151.0,2025-07-30 12:56:25.095240
2025-07-30,84370,2025073004013104,API,Nagarik Stock Dealer ,South Asian Bulls Pvt. Ltd.,2000,315.1,630200.0,2025-07-30 12:56:25.095467
2025-07-30,84369,2025073004013105,API,Linch Stock Market Ltd.,South Asian Bulls Pvt. Ltd.,100,315.0,31500.0,2025-07-30 12:56:25.095691
2025-07-30,84368,2025073004013106,API,Miyo Securities Pvt Ltd,South Asian Bulls Pvt. Ltd.,10000,315.0,3150000.0,2025-07-30 12:56:25.095912
2025-07-30,84367,2025073004013107,API,Aryatara Investment & Securities,South Asian Bulls Pvt. Ltd.,45,315.0,14175.0,2025-07-30 12:56:25.096130
2025-07-30,84366,2025073004013108,API,Thrive Brokerage House Pvt. Ltd,South Asian Bulls Pvt. Ltd.,1000,315.0,315000.0,2025-07-30 12:56:25.096370
2025-07-30,84365,2025073004013109,API,Kumari Securities Private Limited,South Asian Bulls Pvt. Ltd.,1000,315.0,315000.0,2025-07-30 12:56:25.096598
2025-07-30,84364,2025073004013110,API,SHUBHAKAMANA SECURITIES PVT. LTD,South Asian Bulls Pvt. Ltd.,130,315.0,40950.0,2025-07-30 12:56:25.096814
2025-07-30,84363,2025073004013111,API,Aryatara Investment & Securities,South Asian Bulls Pvt. Ltd.,250,315.0,78750.0,2025-07-30 12:56:25.097026
2025-07-30,84362,2025073004013112,API,Nabil Stock Dealer Ltd.,South Asian Bulls Pvt. Ltd.,100,315.0,31500.0,2025-07-30 12:56:25.097252
2025-07-30,84361,2025073004013113,API,Opal Securities Investment (PVT) Ltd.,South Asian Bulls Pvt. Ltd.,1000,315.0,315000.0,2025-07-30 12:56:25.097474
2025-07-30,84360,2025073004013114,API,Aryatara Investment & Securities,South Asian Bulls Pvt. Ltd.,500,315.0,157500.0,2025-07-30 12:56:25.097688
2025-07-30,84359,2025073004013115,API,Dipshikha Dhitopatra Karobar Co. Pvt Ltd.,South Asian Bulls Pvt. Ltd.,1000,315.0,315000.0,2025-07-30 12:56:25.097911
2025-07-30,84358,2025073004013116,API,Neev Securities Pvt. Ltd.,South Asian Bulls Pvt. Ltd.,30,315.0,9450.0,2025-07-30 12:56:25.098170
2025-07-30,84357,2025073004013117,API,Opal Securities Investment (PVT) Ltd.,South Asian Bulls Pvt. Ltd.,100,315.0,31500.0,2025-07-30 12:56:25.098388
2025-07-30,84356,2025073004013118,API,Online Securities Pvt. Ltd.,South Asian Bulls Pvt. Ltd.,1000,315.0,315000.0,2025-07-30 12:56:25.098613
2025-07-30,84355,2025073004013119,API,Linch Stock Market Ltd.,South Asian Bulls Pvt. Ltd.,100,315.0,31500.0,2025-07-30 12:56:25.098825
2025-07-30,84354,2025073004013120,API,Naasa Securities Co. Ltd.,South Asian Bulls Pvt. Ltd.,100,315.0,31500.0,2025-07-30 12:56:25.099043
2025-07-30,84353,2025073004013121,API,Shree Krishna Securities Ltd.,South Asian Bulls Pvt. Ltd.,30,315.0,9450.0,2025-07-30 12:56:25.099264
2025-07-30,84352,2025073004013122,API,Opal Securities Investment (PVT) Ltd.,South Asian Bulls Pvt. Ltd.,1000,315.0,315000.0,2025-07-30 12:56:25.099480
2025-07-30,84351,2025073004013123,API,Kalika Securities Pvt. Ltd.,South Asian Bulls Pvt. Ltd.,500,315.0,157500.0,2025-07-30 12:56:25.099693
2025-07-30,84350,2025073004013124,API,Siprabi Securities Pvt. Ltd.,South Asian Bulls Pvt. Ltd.,200,315.0,63000.0,2025-07-30 12:56:25.099913
2025-07-30,84349,2025073004013125,API,Sumeru Securities Pvt. Ltd.,South Asian Bulls Pvt. Ltd.,130,315.0,40950.0,2025-07-30 12:56:25.100118
2025-07-30,84348,2025073004013126,API,Online Securities Pvt. Ltd.,South Asian Bulls Pvt. Ltd.,100,315.0,31500.0,2025-07-30 12:56:25.100338
2025-07-30,84347,2025073004013127,API,Nabil Stock Dealer Ltd.,South Asian Bulls Pvt. Ltd.,100,315.0,31500.0,2025-07-30 12:56:25.100581
2025-07-30,84346,2025073004013128,API,Linch Stock Market Ltd.,South Asian Bulls Pvt. Ltd.,500,315.0,157500.0,2025-07-30 12:56:25.100797
2025-07-30,84345,2025073004013129,API,South Asian Bulls Pvt. Ltd.,South Asian Bulls Pvt. Ltd.,52,315.0,16380.0,2025-07-30 12:56:25.101007
2025-07-30,84344,2025073004013130,API,Thrive Brokerage House Pvt. Ltd,South Asian Bulls Pvt. Ltd.,1952,315.0,614880.0,2025-07-30 12:56:25.101210
2025-07-30,84257,2025073004013143,API,Thrive Brokerage House Pvt. Ltd,Naasa Securities Co. Ltd.,1048,315.0,330120.0,2025-07-30 12:56:34.996531
2025-07-30,84256,2025073004013144,API,Miyo Securities Pvt Ltd,Naasa Securities Co. Ltd.,52,315.0,16380.0,2025-07-30 12:56:34.997435
2025-07-30,84008,2025073004013240,API,Miyo Securities Pvt Ltd,Capital Max Securities Ltd,148,315.0,46620.0,2025-07-30 12:56:52.702367
2025-07-30,84007,2025073004013241,API,Sani Securities Company Ltd.,Capital Max Securities Ltd,30,315.0,9450.0,2025-07-30 12:56:52.703215
2025-07-30,84006,2025073004013242,API,Premier Securities Company Ltd.,Capital Max Securities Ltd,500,315.0,157500.0,2025-07-30 12:56:52.703836
2025-07-30,84005,2025073004013243,API,Online Securities Pvt. Ltd.,Capital Max Securities Ltd,322,315.0,101430.0,2025-07-30 12:56:52.704466
2025-07-30,84003,2025073004013245,API,Imperial Securities Company Pvt. Ltd.,Siprabi Securities Pvt. Ltd.,215,315.1,67746.5,2025-07-30 12:56:53.047832
2025-07-30,84000,2025073004013246,API,Imperial Securities Company Pvt. Ltd.,Naasa Securities Co. Ltd.,785,315.1,247353.5,2025-07-30 12:56:53.282905
2025-07-30,83999,2025073004013247,API,Online Securities Pvt. Ltd.,Naasa Securities Co. Ltd.,215,315.0,67725.0,2025-07-30 12:56:53.283396
2025-07-30,83829,2025073004013276,API,Online Securities Pvt. Ltd.,Sani Securities Company Ltd.,10,315.0,3150.0,2025-07-30 12:57:09.845635
2025-07-30,83799,2025073004013294,API,Online Securities Pvt. Ltd.,Vision Securities Pvt. Ltd,953,315.0,300195.0,2025-07-30 12:57:11.881405
2025-07-30,83798,2025073004013295,API,Deevyaa Securities & Stock House Pvt. Ltd,Vision Securities Pvt. Ltd,160,315.0,50400.0,2025-07-30 12:57:11.881831
2025-07-30,83797,2025073004013296,API,Opal Securities Investment (PVT) Ltd.,Vision Securities Pvt. Ltd,200,315.0,63000.0,2025-07-30 12:57:11.882098
2025-07-30,83796,2025073004013297,API,Naasa Securities Co. Ltd.,Vision Securities Pvt. Ltd,500,315.0,157500.0,2025-07-30 12:57:11.882384
2025-07-30,83795,2025073004013298,API,Arun Securities (PVT) Ltd.,Vision Securities Pvt. Ltd,20,315.0,6300.0,2025-07-30 12:57:11.882634
2025-07-30,83794,2025073004013299,API,Ashutosh Brokerage & Securities (PVT) Ltd.,Vision Securities Pvt. Ltd,20,315.0,6300.0,2025-07-30 12:57:11.882873
2025-07-30,83793,2025073004013300,API,Investment Management Nepal Pvt. Ltd.,Vision Securities Pvt. Ltd,500,315.0,157500.0,2025-07-30 12:57:11.883118
2025-07-30,83256,2025073004013405,API,Sewa Securities Pvt. Ltd.,Premier Securities Company Ltd.,1,310.0,310.0,2025-07-30 12:58:06.426225
2025-07-30,83220,2025073004013429,API,Ashutosh Brokerage & Securities (PVT) Ltd.,Dynamic Money Managers Securities Pvt. Ltd.,200,314.7,62940.0,2025-07-30 12:58:10.131274
2025-07-30,83219,2025073004013430,API,South Asian Bulls Pvt. Ltd.,Dynamic Money Managers Securities Pvt. Ltd.,300,314.7,94410.0,2025-07-30 12:58:10.132179
2025-07-30,83218,2025073004013431,API,Dynamic Money Managers Securities Pvt. Ltd.,Dynamic Money Managers Securities Pvt. Ltd.,300,314.6,94380.0,2025-07-30 12:58:10.132819
2025-07-30,83217,2025073004013432,API,South Asian Bulls Pvt. Ltd.,Dynamic Money Managers Securities Pvt. Ltd.,200,314.6,62920.0,2025-07-30 12:58:10.133436
2025-07-30,82715,2025073004013575,API,South Asian Bulls Pvt. Ltd.,Dipshikha Dhitopatra Karobar Co. Pvt Ltd.,50,314.6,15730.0,2025-07-30 12:58:59.323944
2025-07-30,82679,2025073004013576,API,South Asian Bulls Pvt. Ltd.,Vision Securities Pvt. Ltd,50,314.6,15730.0,2025-07-30 12:59:02.394407
2025-07-30,82678,2025073004013577,API,Naasa Securities Co. Ltd.,Vision Securities Pvt. Ltd,10,314.4,3144.0,2025-07-30 12:59:02.395296
2025-07-30,82677,2025073004013578,API,Kohinoor Investment & Securities Pvt. Ltd.,Vision Securities Pvt. Ltd,50,314.3,15715.0,2025-07-30 12:59:02.395948
2025-07-30,82676,2025073004013579,API,Deevyaa Securities & Stock House Pvt. Ltd,Vision Securities Pvt. Ltd,50,314.2,15710.0,2025-07-30 12:59:02.396596
2025-07-30,82675,2025073004013580,API,Imperial Securities Company Pvt. Ltd.,Vision Securities Pvt. Ltd,150,314.2,47130.0,2025-07-30 12:59:02.397206
2025-07-30,82674,2025073004013581,API,Asian Securities Private Ltd.,Vision Securities Pvt. Ltd,200,314.1,62820.0,2025-07-30 12:59:02.398074
2025-07-30,82673,2025073004013582,API,Dakshinkali Investment & Securities Pvt. Ltd.,Vision Securities Pvt. Ltd,1000,314.1,314100.0,2025-07-30 12:59:02.398913
2025-07-30,82672,2025073004013583,API,Dakshinkali Investment & Securities Pvt. Ltd.,Vision Securities Pvt. Ltd,1000,314.1,314100.0,2025-07-30 12:59:02.399720
2025-07-30,82671,2025073004013584,API,Imperial Securities Company Pvt. Ltd.,Vision Securities Pvt. Ltd,1000,314.1,314100.0,2025-07-30 12:59:02.400517
2025-07-30,82670,2025073004013585,API,Shree Krishna Securities Ltd.,Vision Securities Pvt. Ltd,50,314.0,15700.0,2025-07-30 12:59:02.401341
2025-07-30,82669,2025073004013586,API,Sani Securities Company Ltd.,Vision Securities Pvt. Ltd,60,314.0,18840.0,2025-07-30 12:59:02.401704
2025-07-30,82668,2025073004013587,API,Dipshikha Dhitopatra Karobar Co. Pvt Ltd.,Vision Securities Pvt. Ltd,100,314.0,31400.0,2025-07-30 12:59:02.401940
2025-07-30,82667,2025073004013588,API,Sumeru Securities Pvt. Ltd.,Vision Securities Pvt. Ltd,1000,314.0,314000.0,2025-07-30 12:59:02.402171
2025-07-30,82666,2025073004013589,API,Nabil Stock Dealer Ltd.,Vision Securities Pvt. Ltd,15,314.0,4710.0,2025-07-30 12:59:02.402417
2025-07-30,82665,2025073004013590,API,Sewa Securities Pvt. Ltd.,Vision Securities Pvt. Ltd,50,314.0,15700.0,2025-07-30 12:59:02.402696
2025-07-30,82664,2025073004013591,API,Online Securities Pvt. Ltd.,Vision Securities Pvt. Ltd,20,314.0,6280.0,2025-07-30 12:59:02.402946
2025-07-30,82663,2025073004013592,API,Opal Securities Investment (PVT) Ltd.,Vision Securities Pvt. Ltd,100,314.0,31400.0,2025-07-30 12:59:02.403180
2025-07-30,82662,2025073004013593,API,Midas Stock Broking Company Private Limited,Vision Securities Pvt. Ltd,100,314.0,31400.0,2025-07-30 12:59:02.403417
2025-07-30,82661,2025073004013594,API,Deevyaa Securities & Stock House Pvt. Ltd,Vision Securities Pvt. Ltd,995,314.0,312430.0,2025-07-30 12:59:02.403666
2025-07-30,82612,2025073004013612,API,Naasa Securities Co. Ltd.,Capital Max Securities Ltd,200,314.0,62800.0,2025-07-30 12:59:08.780499
2025-07-30,82611,2025073004013613,API,Naasa Securities Co. Ltd.,Capital Max Securities Ltd,10,314.0,3140.0,2025-07-30 12:59:08.780930
2025-07-30,82610,2025073004013614,API,Online Securities Pvt. Ltd.,Capital Max Securities Ltd,100,314.0,31400.0,2025-07-30 12:59:08.781168
2025-07-30,82609,2025073004013615,API,Opal Securities Investment (PVT) Ltd.,Capital Max Securities Ltd,50,314.0,15700.0,2025-07-30 12:59:08.781422
2025-07-30,82608,2025073004013616,API,Malla & Malla Stock Broking Company Pvt. Limited,Capital Max Securities Ltd,50,314.0,15700.0,2025-07-30 12:59:08.781626
2025-07-30,82607,2025073004013617,API,Blue Chip Securities Ltd,Capital Max Securities Ltd,20,314.0,6280.0,2025-07-30 12:59:08.781854
2025-07-30,82606,2025073004013618,API,Agrawal Securities (PVT) Ltd.,Capital Max Securities Ltd,100,314.0,31400.0,2025-07-30 12:59:08.782052
2025-07-30,82605,2025073004013619,API,Opal Securities Investment (PVT) Ltd.,Capital Max Securities Ltd,100,314.0,31400.0,2025-07-30 12:59:08.782252
2025-07-30,82604,2025073004013620,API,Arun Securities (PVT) Ltd.,Capital Max Securities Ltd,300,314.0,94200.0,2025-07-30 12:59:08.782453
2025-07-30,82603,2025073004013621,API,Naasa Securities Co. Ltd.,Capital Max Securities Ltd,10,314.0,3140.0,2025-07-30 12:59:08.782655
2025-07-30,82602,2025073004013622,API,Vision Securities Pvt. Ltd,Capital Max Securities Ltd,200,314.0,62800.0,2025-07-30 12:59:08.782865
2025-07-30,82601,2025073004013623,API,Naasa Securities Co. Ltd.,Capital Max Securities Ltd,90,314.0,28260.0,2025-07-30 12:59:08.783070
2025-07-30,82578,2025073004013631,API,Sani Securities Company Ltd.,Capital Max Securities Ltd,200,314.0,62800.0,2025-07-30 12:59:11.529813
2025-07-30,82497,2025073004013659,API,South Asian Bulls Pvt. Ltd.,Premier Securities Company Ltd.,500,313.9,156950.0,2025-07-30 12:59:21.571536
2025-07-30,82221,2025073004013710,API,Stoxkarts Securities Limited,Thrive Brokerage House Pvt. Ltd,50,313.5,15675.0,2025-07-30 12:59:50.928893
2025-07-30,82220,2025073004013711,API,Machhapuchchhre Securities Limited,Thrive Brokerage House Pvt. Ltd,200,313.1,62620.0,2025-07-30 12:59:50.929005
2025-07-30,82219,2025073004013712,API,Machhapuchchhre Securities Limited,Thrive Brokerage House Pvt. Ltd,200,313.1,62620.0,2025-07-30 12:59:50.929085
2025-07-30,82218,2025073004013713,API,Linch Stock Market Ltd.,Thrive Brokerage House Pvt. Ltd,550,313.0,172150.0,2025-07-30 12:59:50.929167
2025-07-30,82212,2025073004013717,API,Linch Stock Market Ltd.,South Asian Bulls Pvt. Ltd.,950,313.0,297350.0,2025-07-30 12:59:51.410375
2025-07-30,82211,2025073004013718,API,Midas Stock Broking Company Private Limited,South Asian Bulls Pvt. Ltd.,200,313.0,62600.0,2025-07-30 12:59:51.410765
2025-07-30,82210,2025073004013719,API,Linch Stock Market Ltd.,South Asian Bulls Pvt. Ltd.,2001,313.0,626313.0,2025-07-30 12:59:51.410963
2025-07-30,82209,2025073004013720,API,Kohinoor Investment & Securities Pvt. Ltd.,South Asian Bulls Pvt. Ltd.,10,313.0,3130.0,2025-07-30 12:59:51.411156
2025-07-30,82208,2025073004013721,API,Dakshinkali Investment & Securities Pvt. Ltd.,South Asian Bulls Pvt. Ltd.,326,313.0,102038.0,2025-07-30 12:59:51.411352
2025-07-30,82207,2025073004013722,API,Sanima Securities Limited,South Asian Bulls Pvt. Ltd.,2000,313.0,626000.0,2025-07-30 12:59:51.411557
2025-07-30,82206,2025073004013723,API,Oxford Securities Pvt. Ltd.,South Asian Bulls Pvt. Ltd.,1000,313.0,313000.0,2025-07-30 12:59:51.411748
2025-07-30,82205,2025073004013724,API,ABC Securities Private Limited,South Asian Bulls Pvt. Ltd.,250,313.0,78250.0,2025-07-30 12:59:51.411943
2025-07-30,82204,2025073004013725,API,Trishakti Securities Public Limited,South Asian Bulls Pvt. Ltd.,200,313.0,62600.0,2025-07-30 12:59:51.412142
2025-07-30,82203,2025073004013726,API,Aryatara Investment & Securities,South Asian Bulls Pvt. Ltd.,100,313.0,31300.0,2025-07-30 12:59:51.412338
2025-07-30,82202,2025073004013727,API,Naasa Securities Co. Ltd.,South Asian Bulls Pvt. Ltd.,200,313.0,62600.0,2025-07-30 12:59:51.412526
2025-07-30,82201,2025073004013728,API,Kalika Securities Pvt. Ltd.,South Asian Bulls Pvt. Ltd.,200,313.0,62600.0,2025-07-30 12:59:51.412716
2025-07-30,82200,2025073004013729,API,Neev Securities Pvt. Ltd.,South Asian Bulls Pvt. Ltd.,50,313.0,15650.0,2025-07-30 12:59:51.412908
2025-07-30,82199,2025073004013730,API,Aryatara Investment & Securities,South Asian Bulls Pvt. Ltd.,100,313.0,31300.0,2025-07-30 12:59:51.413094
2025-07-30,82198,2025073004013731,API,Sewa Securities Pvt. Ltd.,South Asian Bulls Pvt. Ltd.,150,313.0,46950.0,2025-07-30 12:59:51.413285
2025-07-30,82197,2025073004013732,API,Sewa Securities Pvt. Ltd.,South Asian Bulls Pvt. Ltd.,50,313.0,15650.0,2025-07-30 12:59:51.413477
2025-07-30,82196,2025073004013733,API,Blue Chip Securities Ltd,South Asian Bulls Pvt. Ltd.,20,313.0,6260.0,2025-07-30 12:59:51.413667
2025-07-30,82195,2025073004013734,API,Garima Securities Limited,South Asian Bulls Pvt. Ltd.,250,313.0,78250.0,2025-07-30 12:59:51.413875
2025-07-30,82194,2025073004013735,API,Sri Hari Securities Pvt. Ltd.,South Asian Bulls Pvt. Ltd.,120,313.0,37560.0,2025-07-30 12:59:51.414070
2025-07-30,82193,2025073004013736,API,Deevyaa Securities & Stock House Pvt. Ltd,South Asian Bulls Pvt. Ltd.,1000,313.0,313000.0,2025-07-30 12:59:51.414256
2025-07-30,82192,2025073004013737,API,Vision Securities Pvt. Ltd,South Asian Bulls Pvt. Ltd.,100,313.0,31300.0,2025-07-30 12:59:51.414441
2025-07-30,82191,2025073004013738,API,Sajilo Broker Limited,South Asian Bulls Pvt. Ltd.,20,313.0,6260.0,2025-07-30 12:59:51.415204
2025-07-30,82190,2025073004013739,API,ABC Securities Private Limited,South Asian Bulls Pvt. Ltd.,300,313.0,93900.0,2025-07-30 12:59:51.415828
2025-07-30,82189,2025073004013740,API,Trisul Securities & Invt. Ltd.,South Asian Bulls Pvt. Ltd.,3000,313.0,939000.0,2025-07-30 12:59:51.416412
2025-07-30,82188,2025073004013741,API,Kohinoor Investment & Securities Pvt. Ltd.,South Asian Bulls Pvt. Ltd.,1000,313.0,313000.0,2025-07-30 12:59:51.416978
2025-07-30,81532,2025073004013899,API,Imperial Securities Company Pvt. Ltd.,Imperial Securities Company Pvt. Ltd.,100,312.9,31290.0,2025-07-30 13:00:42.390031
2025-07-30,81473,2025073004013901,API,Bhrikuti Stock Broking Co. Pvt. Ltd.,Imperial Securities Company Pvt. Ltd.,25,312.2,7805.0,2025-07-30 13:00:43.320502
2025-07-30,81472,2025073004013902,API,Midas Stock Broking Company Private Limited,Imperial Securities Company Pvt. Ltd.,212,312.1,66165.2,2025-07-30 13:00:43.320907
2025-07-30,81471,2025073004013903,API,Agrawal Securities (PVT) Ltd.,Imperial Securities Company Pvt. Ltd.,1000,312.0,312000.0,2025-07-30 13:00:43.321096
2025-07-30,81470,2025073004013904,API,Deevyaa Securities & Stock House Pvt. Ltd,Imperial Securities Company Pvt. Ltd.,263,312.0,82056.0,2025-07-30 13:00:43.321282
2025-07-30,81169,2025073004013988,API,Deevyaa Securities & Stock House Pvt. Ltd,Premier Securities Company Ltd.,287,312.0,89544.0,2025-07-30 13:01:05.494323
2025-07-30,81168,2025073004013989,API,Cristal Kanchanjanga Securites Pvt. Ltd.,Premier Securities Company Ltd.,130,312.0,40560.0,2025-07-30 13:01:05.494739
2025-07-30,81167,2025073004013990,API,Asian Securities Private Ltd.,Premier Securities Company Ltd.,100,312.0,31200.0,2025-07-30 13:01:05.494995
2025-07-30,81166,2025073004013991,API,Sani Securities Company Ltd.,Premier Securities Company Ltd.,1000,312.0,312000.0,2025-07-30 13:01:05.495216
2025-07-30,81165,2025073004013992,API,Kumari Securities Private Limited,Premier Securities Company Ltd.,200,312.0,62400.0,2025-07-30 13:01:05.495441
2025-07-30,81164,2025073004013993,API,Asian Securities Private Ltd.,Premier Securities Company Ltd.,100,312.0,31200.0,2025-07-30 13:01:05.495662
2025-07-30,81163,2025073004013994,API,Opal Securities Investment (PVT) Ltd.,Premier Securities Company Ltd.,143,312.0,44616.0,2025-07-30 13:01:05.495901
2025-07-30,80883,2025073004014059,API,Naasa Securities Co. Ltd.,Himalayan Brokerage Company Limited,10,312.1,3121.0,2025-07-30 13:01:29.311922
2025-07-30,80882,2025073004014060,API,Opal Securities Investment (PVT) Ltd.,Himalayan Brokerage Company Limited,422,312.0,131664.0,2025-07-30 13:01:29.312001
2025-07-30,80691,2025073004014105,API,Opal Securities Investment (PVT) Ltd.,Kohinoor Investment & Securities Pvt. Ltd.,500,312.0,156000.0,2025-07-30 13:01:45.678968
2025-07-30,80340,2025073004014209,API,Kumari Securities Private Limited,Imperial Securities Company Pvt. Ltd.,230,312.9,71967.0,2025-07-30 13:02:12.971175
2025-07-30,80101,2025073004014315,API,S.P.S.A. Securities Limited,Imperial Securities Company Pvt. Ltd.,200,312.9,62580.0,2025-07-30 13:02:29.630955
2025-07-30,79897,2025073004014376,API,Midas Stock Broking Company Private Limited,Sharepro Securities Private Limited,500,312.1,156050.0,2025-07-30 13:02:40.627527
2025-07-30,79774,2025073004014408,API,Opal Securities Investment (PVT) Ltd.,Vision Securities Pvt. Ltd,1435,312.0,447720.0,2025-07-30 13:02:49.189060
2025-07-30,79773,2025073004014409,API,Kumari Securities Private Limited,Vision Securities Pvt. Ltd,50,312.0,15600.0,2025-07-30 13:02:49.189477
2025-07-30,79772,2025073004014410,API,Sani Securities Company Ltd.,Vision Securities Pvt. Ltd,100,312.0,31200.0,2025-07-30 13:02:49.189666
2025-07-30,79771,2025073004014411,API,Neev Securities Pvt. Ltd.,Vision Securities Pvt. Ltd,2000,312.0,624000.0,2025-07-30 13:02:49.189851
2025-07-30,79770,2025073004014412,API,Sundhara Securities Limited,Vision Securities Pvt. Ltd,10,312.0,3120.0,2025-07-30 13:02:49.190037
2025-07-30,79769,2025073004014413,API,Online Securities Pvt. Ltd.,Vision Securities Pvt. Ltd,400,312.0,124800.0,2025-07-30 13:02:49.190217
2025-07-30,79768,2025073004014414,API,Sewa Securities Pvt. Ltd.,Vision Securities Pvt. Ltd,100,312.0,31200.0,2025-07-30 13:02:49.190408
2025-07-30,79767,2025073004014415,API,Dipshikha Dhitopatra Karobar Co. Pvt Ltd.,Vision Securities Pvt. Ltd,200,312.0,62400.0,2025-07-30 13:02:49.190588
2025-07-30,79766,2025073004014416,API,Malla & Malla Stock Broking Company Pvt. Limited,Vision Securities Pvt. Ltd,100,312.0,31200.0,2025-07-30 13:02:49.190785
2025-07-30,79765,2025073004014417,API,Blue Chip Securities Ltd,Vision Securities Pvt. Ltd,20,312.0,6240.0,2025-07-30 13:02:49.190970
2025-07-30,79764,2025073004014418,API,Sewa Securities Pvt. Ltd.,Vision Securities Pvt. Ltd,100,312.0,31200.0,2025-07-30 13:02:49.191150
2025-07-30,79763,2025073004014419,API,KALASH STOCK MARKET PVT. LTD.,Vision Securities Pvt. Ltd,100,312.0,31200.0,2025-07-30 13:02:49.191328
2025-07-30,79762,2025073004014420,API,Nepal Stock House (PVT) Ltd.,Vision Securities Pvt. Ltd,150,312.0,46800.0,2025-07-30 13:02:49.191511
2025-07-30,79761,2025073004014421,API,Deevyaa Securities & Stock House Pvt. Ltd,Vision Securities Pvt. Ltd,100,312.0,31200.0,2025-07-30 13:02:49.191686
2025-07-30,79760,2025073004014422,API,Kohinoor Investment & Securities Pvt. Ltd.,Vision Securities Pvt. Ltd,50,312.0,15600.0,2025-07-30 13:02:49.191865
2025-07-30,79759,2025073004014423,API,Opal Securities Investment (PVT) Ltd.,Vision Securities Pvt. Ltd,85,312.0,26520.0,2025-07-30 13:02:49.192078
2025-07-30,79725,2025073004014430,API,Opal Securities Investment (PVT) Ltd.,Miyo Securities Pvt Ltd,15,312.0,4680.0,2025-07-30 13:02:51.910124
2025-07-30,79724,2025073004014431,API,Sani Securities Company Ltd.,Miyo Securities Pvt Ltd,20,312.0,6240.0,2025-07-30 13:02:51.910555
2025-07-30,79723,2025073004014432,API,Shree Krishna Securities Ltd.,Miyo Securities Pvt Ltd,52,312.0,16224.0,2025-07-30 13:02:51.910744
2025-07-30,79722,2025073004014433,API,Dipshikha Dhitopatra Karobar Co. Pvt Ltd.,Miyo Securities Pvt Ltd,10,312.0,3120.0,2025-07-30 13:02:51.910938
2025-07-30,79721,2025073004014434,API,Aryatara Investment & Securities,Miyo Securities Pvt Ltd,50,312.0,15600.0,2025-07-30 13:02:51.911121
2025-07-30,79720,2025073004014435,API,Miyo Securities Pvt Ltd,Miyo Securities Pvt Ltd,500,312.0,156000.0,2025-07-30 13:02:51.911323
2025-07-30,79583,2025073004014456,API,Dakshinkali Investment & Securities Pvt. Ltd.,Miyo Securities Pvt Ltd,353,312.0,110136.0,2025-07-30 13:02:57.228835
2025-07-30,79582,2025073004014457,API,Dakshinkali Investment & Securities Pvt. Ltd.,Dipshikha Dhitopatra Karobar Co. Pvt Ltd.,94,312.1,29337.4,2025-07-30 13:02:57.229209
2025-07-30,79504,2025073004014474,API,Dakshinkali Investment & Securities Pvt. Ltd.,Miyo Securities Pvt Ltd,750,312.2,234150.0,2025-07-30 13:03:02.423213
2025-07-30,79423,2025073004014506,API,Dakshinkali Investment & Securities Pvt. Ltd.,NIMB Stock Markets Limited,300,312.2,93660.0,2025-07-30 13:03:07.363265
2025-07-30,79357,2025073004014521,API,Dakshinkali Investment & Securities Pvt. Ltd.,Dipshikha Dhitopatra Karobar Co. Pvt Ltd.,115,312.2,35903.0,2025-07-30 13:03:13.325873
2025-07-30,79293,2025073004014542,API,Dakshinkali Investment & Securities Pvt. Ltd.,Miyo Securities Pvt Ltd,1000,312.2,312200.0,2025-07-30 13:03:17.892599
2025-07-30,79182,2025073004014567,API,Dakshinkali Investment & Securities Pvt. Ltd.,Miyo Securities Pvt Ltd,388,312.2,121133.6,2025-07-30 13:03:25.036050
2025-07-30,79026,2025073004014633,API,Creative Securities Pvt Ltd,Vision Securities Pvt. Ltd,10,312.0,3120.0,2025-07-30 13:03:32.351152
2025-07-30,78354,2025073004014898,API,Aryatara Investment & Securities,Kohinoor Investment & Securities Pvt. Ltd.,795,311.5,247642.5,2025-07-30 13:04:12.827798
2025-07-30,78349,2025073004014899,API,Aryatara Investment & Securities,Aryatara Investment & Securities,300,311.5,93450.0,2025-07-30 13:04:13.134522
2025-07-30,78220,2025073004014928,API,Online Securities Pvt. Ltd.,Premier Securities Company Ltd.,3,310.0,930.0,2025-07-30 13:04:26.091507
2025-07-30,78026,2025073004014973,API,Himalayan Brokerage Company Limited,Imperial Securities Company Pvt. Ltd.,40,311.7,12468.0,2025-07-30 13:04:40.744340
2025-07-30,78025,2025073004014974,API,Aryatara Investment & Securities,Imperial Securities Company Pvt. Ltd.,455,311.5,141732.5,2025-07-30 13:04:40.744731
2025-07-30,77991,2025073004014984,API,Creative Securities Pvt Ltd,Vision Securities Pvt. Ltd,500,312.0,156000.0,2025-07-30 13:04:45.516623
2025-07-30,77090,2025073004015221,API,Citizens Share Broker Limited,Aryatara Investment & Securities,150,311.5,46725.0,2025-07-30 13:05:53.994248
2025-07-30,76814,2025073004015317,API,Naasa Securities Co. Ltd.,Vision Securities Pvt. Ltd,100,312.0,31200.0,2025-07-30 13:06:09.855868
2025-07-30,76382,2025073004015448,API,Dynamic Money Managers Securities Pvt. Ltd.,Vision Securities Pvt. Ltd,100,312.0,31200.0,2025-07-30 13:06:38.711411
2025-07-30,76229,2025073004015473,API,Nepal Stock House (PVT) Ltd.,Vision Securities Pvt. Ltd,137,312.0,42744.0,2025-07-30 13:06:50.458338
2025-07-30,76228,2025073004015474,API,Nepal Stock House (PVT) Ltd.,Miyo Securities Pvt Ltd,362,312.0,112944.0,2025-07-30 13:06:50.458851
2025-07-30,76227,2025073004015475,API,Nepal Stock House (PVT) Ltd.,Imperial Securities Company Pvt. Ltd.,470,312.0,146640.0,2025-07-30 13:06:50.459210
2025-07-30,76214,2025073004015479,API,Nepal Stock House (PVT) Ltd.,Agrawal Securities (PVT) Ltd.,25,312.0,7800.0,2025-07-30 13:06:51.346688
2025-07-30,75924,2025073004015551,API,Opal Securities Investment (PVT) Ltd.,Sani Securities Company Ltd.,100,312.0,31200.0,2025-07-30 13:07:16.659264
2025-07-30,75923,2025073004015552,API,Vision Securities Pvt. Ltd,Sani Securities Company Ltd.,200,312.0,62400.0,2025-07-30 13:07:16.659703
2025-07-30,75482,2025073004015692,API,J.F. Securites (PVT) Ltd.,Sweta Securities Private Limited,89,311.6,27732.4,2025-07-30 13:07:49.627864
2025-07-30,75168,2025073004015792,API,J.F. Securites (PVT) Ltd.,NIMB Stock Markets Limited,211,311.6,65747.6,2025-07-30 13:08:10.538301
2025-07-30,75167,2025073004015793,API,Naasa Securities Co. Ltd.,NIMB Stock Markets Limited,10,311.6,3116.0,2025-07-30 13:08:10.538740
2025-07-30,75166,2025073004015794,API,Global IME Securities Limited,NIMB Stock Markets Limited,35,311.5,10902.5,2025-07-30 13:08:10.538972
2025-07-30,75165,2025073004015795,API,Trishakti Securities Public Limited,NIMB Stock Markets Limited,500,311.5,155750.0,2025-07-30 13:08:10.539190
2025-07-30,75164,2025073004015796,API,Naasa Securities Co. Ltd.,NIMB Stock Markets Limited,30,311.5,9345.0,2025-07-30 13:08:10.539382
2025-07-30,75163,2025073004015797,API,Midas Stock Broking Company Private Limited,NIMB Stock Markets Limited,500,311.4,155700.0,2025-07-30 13:08:10.539620
2025-07-30,75162,2025073004015798,API,Imperial Securities Company Pvt. Ltd.,NIMB Stock Markets Limited,73,311.4,22732.2,2025-07-30 13:08:10.539810
2025-07-30,75045,2025073004015829,API,Dipshikha Dhitopatra Karobar Co. Pvt Ltd.,Sani Securities Company Ltd.,500,312.0,156000.0,2025-07-30 13:08:19.575332
2025-07-30,74476,2025073004015980,API,Online Securities Pvt. Ltd.,Sani Securities Company Ltd.,15,312.0,4680.0,2025-07-30 13:09:00.348956
2025-07-30,74135,2025073004016111,API,Creative Securities Pvt Ltd,Sani Securities Company Ltd.,30,312.0,9360.0,2025-07-30 13:09:24.491145
2025-07-30,73593,2025073004016307,API,Himalayan Brokerage Company Limited,Sani Securities Company Ltd.,795,312.0,248040.0,2025-07-30 13:10:10.293400
2025-07-30,73592,2025073004016308,API,Himalayan Brokerage Company Limited,Trisul Securities & Invt. Ltd.,100,312.0,31200.0,2025-07-30 13:10:10.293525
2025-07-30,73591,2025073004016309,API,Himalayan Brokerage Company Limited,Himalayan Brokerage Company Limited,105,312.0,32760.0,2025-07-30 13:10:10.293614
2025-07-30,73387,2025073004016377,API,Sewa Securities Pvt. Ltd.,Siprabi Securities Pvt. Ltd.,2,310.0,620.0,2025-07-30 13:10:24.467362
2025-07-30,73385,2025073004016378,API,Linch Stock Market Ltd.,Arun Securities (PVT) Ltd.,128,311.5,39872.0,2025-07-30 13:10:24.704500
2025-07-30,73267,2025073004016404,API,Naasa Securities Co. Ltd.,Himalayan Brokerage Company Limited,477,312.0,148824.0,2025-07-30 13:10:32.057196
2025-07-30,72941,2025073004016494,API,Agrawal Securities (PVT) Ltd.,Online Securities Pvt. Ltd.,100,311.9,31190.0,2025-07-30 13:11:01.142408
2025-07-30,72614,2025073004016562,API,Swarna Laxmi Securities Pvt. Ltd.,Online Securities Pvt. Ltd.,200,311.9,62380.0,2025-07-30 13:11:31.598781
2025-07-30,72573,2025073004016568,API,Market Securities & Exchange (PVT) Ltd.,Himalayan Brokerage Company Limited,10,312.0,3120.0,2025-07-30 13:11:38.519017
2025-07-30,72247,2025073004016653,API,Swarna Laxmi Securities Pvt. Ltd.,Secured Securities Ltd.,20,311.6,6232.0,2025-07-30 13:12:02.858568
2025-07-30,72246,2025073004016654,API,Linch Stock Market Ltd.,Secured Securities Ltd.,80,311.5,24920.0,2025-07-30 13:12:02.859442
2025-07-30,71957,2025073004016716,API,Nepal Stock House (PVT) Ltd.,Himalayan Brokerage Company Limited,142,312.0,44304.0,2025-07-30 13:12:28.009024
2025-07-30,71956,2025073004016717,API,Nepal Stock House (PVT) Ltd.,J.F. Securites (PVT) Ltd.,10,312.0,3120.0,2025-07-30 13:12:28.009548
2025-07-30,71955,2025073004016718,API,Nepal Stock House (PVT) Ltd.,Kohinoor Investment & Securities Pvt. Ltd.,100,312.0,31200.0,2025-07-30 13:12:28.009748
2025-07-30,71928,2025073004016733,API,Nepal Stock House (PVT) Ltd.,Secured Securities Ltd.,748,312.0,233376.0,2025-07-30 13:12:30.106333
2025-07-30,71927,2025073004016734,API,Property Wiard Limited,Secured Securities Ltd.,252,312.0,78624.0,2025-07-30 13:12:30.106777
2025-07-30,71717,2025073004016781,API,Kohinoor Investment & Securities Pvt. Ltd.,Creative Securities Pvt Ltd,55,311.6,17138.0,2025-07-30 13:12:48.860715
2025-07-30,71552,2025073004016812,API,Aryatara Investment & Securities,Secured Securities Ltd.,801,312.0,249912.0,2025-07-30 13:13:04.860817
2025-07-30,71298,2025073004016863,API,Trishakti Securities Public Limited,Secured Securities Ltd.,150,312.0,46800.0,2025-07-30 13:13:27.286384
2025-07-30,71190,2025073004016902,API,Kohinoor Investment & Securities Pvt. Ltd.,Midas Stock Broking Company Private Limited,145,311.6,45182.0,2025-07-30 13:13:44.465667
2025-07-30,71189,2025073004016903,API,Linch Stock Market Ltd.,Midas Stock Broking Company Private Limited,465,311.6,144894.0,2025-07-30 13:13:44.466161
2025-07-30,70777,2025073004017024,API,Shree Krishna Securities Ltd.,Naasa Securities Co. Ltd.,3,305.7,917.1,2025-07-30 13:14:26.002963
2025-07-30,70741,2025073004017034,API,Trishakti Securities Public Limited,Secured Securities Ltd.,360,312.0,112320.0,2025-07-30 13:14:30.969906
2025-07-30,70533,2025073004017089,API,J.F. Securites (PVT) Ltd.,Secured Securities Ltd.,500,312.0,156000.0,2025-07-30 13:14:48.887596
2025-07-30,70332,2025073004017146,API,Dipshikha Dhitopatra Karobar Co. Pvt Ltd.,Dipshikha Dhitopatra Karobar Co. Pvt Ltd.,300,311.9,93570.0,2025-07-30 13:15:09.930010
2025-07-30,70220,2025073004017173,API,Agrawal Securities (PVT) Ltd.,Secured Securities Ltd.,174,312.0,54288.0,2025-07-30 13:15:19.763236
2025-07-30,70219,2025073004017174,API,Agrawal Securities (PVT) Ltd.,Creative Securities Pvt Ltd,126,312.0,39312.0,2025-07-30 13:15:19.763668
2025-07-30,70191,2025073004017176,API,Aryatara Investment & Securities,Creative Securities Pvt Ltd,200,312.0,62400.0,2025-07-30 13:15:22.340641
2025-07-30,69920,2025073004017244,API,Dipshikha Dhitopatra Karobar Co. Pvt Ltd.,Creative Securities Pvt Ltd,174,312.0,54288.0,2025-07-30 13:15:48.138622
2025-07-30,69595,2025073004017346,API,Dipshikha Dhitopatra Karobar Co. Pvt Ltd.,Dipshikha Dhitopatra Karobar Co. Pvt Ltd.,134,312.0,41808.0,2025-07-30 13:16:18.167399
2025-07-30,69537,2025073004017357,API,Dipshikha Dhitopatra Karobar Co. Pvt Ltd.,Miyo Securities Pvt Ltd,31,312.0,9672.0,2025-07-30 13:16:22.783656
2025-07-30,69505,2025073004017362,API,Dipshikha Dhitopatra Karobar Co. Pvt Ltd.,Nabil Stock Dealer Ltd.,161,312.0,50232.0,2025-07-30 13:16:26.417715
2025-07-30,69504,2025073004017363,API,Kalika Securities Pvt. Ltd.,Nabil Stock Dealer Ltd.,10,312.0,3120.0,2025-07-30 13:16:26.418660
2025-07-30,69503,2025073004017364,API,Vision Securities Pvt. Ltd,Nabil Stock Dealer Ltd.,500,312.0,156000.0,2025-07-30 13:16:26.419336
2025-07-30,69502,2025073004017365,API,Linch Stock Market Ltd.,Nabil Stock Dealer Ltd.,385,311.6,119966.0,2025-07-30 13:16:26.420251
2025-07-30,69501,2025073004017366,API,Premier Securities Company Ltd.,Nabil Stock Dealer Ltd.,200,311.6,62320.0,2025-07-30 13:16:26.420888
2025-07-30,69500,2025073004017367,API,Agrawal Securities (PVT) Ltd.,Nabil Stock Dealer Ltd.,50,311.6,15580.0,2025-07-30 13:16:26.421509
2025-07-30,69499,2025073004017368,API,Dipshikha Dhitopatra Karobar Co. Pvt Ltd.,Nabil Stock Dealer Ltd.,80,311.6,24928.0,2025-07-30 13:16:26.422119
2025-07-30,69498,2025073004017369,API,Linch Stock Market Ltd.,Nabil Stock Dealer Ltd.,42,311.5,13083.0,2025-07-30 13:16:26.422728
2025-07-30,69497,2025073004017370,API,Nepal Investment And Securities Trading Private Limited,Nabil Stock Dealer Ltd.,200,311.5,62300.0,2025-07-30 13:16:26.423329
2025-07-30,69496,2025073004017371,API,ABC Securities Private Limited,Nabil Stock Dealer Ltd.,200,311.5,62300.0,2025-07-30 13:16:26.423921
2025-07-30,69495,2025073004017372,API,Imperial Securities Company Pvt. Ltd.,Nabil Stock Dealer Ltd.,227,311.4,70687.8,2025-07-30 13:16:26.424518
2025-07-30,69494,2025073004017373,API,Online Securities Pvt. Ltd.,Nabil Stock Dealer Ltd.,625,311.4,194625.0,2025-07-30 13:16:26.425109
2025-07-30,69493,2025073004017374,API,MILKY WAY SHARE BROKER COMPANY LTD ,Nabil Stock Dealer Ltd.,125,311.4,38925.0,2025-07-30 13:16:26.425465
2025-07-30,69492,2025073004017375,API,Primo Securities (PVT) Ltd.,Nabil Stock Dealer Ltd.,500,311.3,155650.0,2025-07-30 13:16:26.425696
2025-07-30,69491,2025073004017376,API,Vision Securities Pvt. Ltd,Nabil Stock Dealer Ltd.,500,311.3,155650.0,2025-07-30 13:16:26.425902
2025-07-30,69490,2025073004017377,API,South Asian Bulls Pvt. Ltd.,Nabil Stock Dealer Ltd.,1000,311.3,311300.0,2025-07-30 13:16:26.426096
2025-07-30,69489,2025073004017378,API,Malla & Malla Stock Broking Company Pvt. Limited,Nabil Stock Dealer Ltd.,500,311.2,155600.0,2025-07-30 13:16:26.426291
2025-07-30,69488,2025073004017379,API,Nepal Stock House (PVT) Ltd.,Nabil Stock Dealer Ltd.,2000,311.2,622400.0,2025-07-30 13:16:26.426493
2025-07-30,69487,2025073004017380,API,Nepal Investment And Securities Trading Private Limited,Nabil Stock Dealer Ltd.,200,311.1,62220.0,2025-07-30 13:16:26.426690
2025-07-30,69486,2025073004017381,API,South Asian Bulls Pvt. Ltd.,Nabil Stock Dealer Ltd.,2000,311.1,622200.0,2025-07-30 13:16:26.426885
2025-07-30,69485,2025073004017382,API,Opal Securities Investment (PVT) Ltd.,Nabil Stock Dealer Ltd.,495,311.0,153945.0,2025-07-30 13:16:26.427078
2025-07-30,68841,2025073004017538,API,Online Securities Pvt. Ltd.,Swarna Laxmi Securities Pvt. Ltd.,30,312.9,9387.0,2025-07-30 13:17:21.325195
2025-07-30,68284,2025073004017701,API,Agrawal Securities (PVT) Ltd.,ABC Securities Private Limited,150,312.5,46875.0,2025-07-30 13:18:13.161699
2025-07-30,68209,2025073004017721,API,Opal Securities Investment (PVT) Ltd.,Swarna Laxmi Securities Pvt. Ltd.,164,312.9,51315.6,2025-07-30 13:18:21.971066
2025-07-30,67977,2025073004017760,API,Siprabi Securities Pvt. Ltd.,South Asian Bulls Pvt. Ltd.,50,313.0,15650.0,2025-07-30 13:18:48.800750
2025-07-30,67974,2025073004017762,API,Sewa Securities Pvt. Ltd.,Naasa Securities Co. Ltd.,2,310.0,620.0,2025-07-30 13:18:49.148391
2025-07-30,67617,2025073004017854,API,Midas Stock Broking Company Private Limited,South Asian Bulls Pvt. Ltd.,1000,313.0,313000.0,2025-07-30 13:19:25.491897
2025-07-30,67499,2025073004017890,API,Opal Securities Investment (PVT) Ltd.,South Asian Bulls Pvt. Ltd.,336,313.0,105168.0,2025-07-30 13:19:38.705819
2025-07-30,67461,2025073004017895,API,Oxford Securities Pvt. Ltd.,South Asian Bulls Pvt. Ltd.,1000,313.0,313000.0,2025-07-30 13:19:43.930638
2025-07-30,66974,2025073004018006,API,Vision Securities Pvt. Ltd,Linch Stock Market Ltd.,500,312.1,156050.0,2025-07-30 13:20:44.351400
2025-07-30,66919,2025073004018020,API,ABC Securities Private Limited,Primo Securities (PVT) Ltd.,100,312.1,31210.0,2025-07-30 13:20:51.004504
2025-07-30,66689,2025073004018082,API,Shree Krishna Securities Ltd.,Swarna Laxmi Securities Pvt. Ltd.,75,312.9,23467.5,2025-07-30 13:21:21.102846
2025-07-30,66646,2025073004018089,API,Bhrikuti Stock Broking Co. Pvt. Ltd.,Swarna Laxmi Securities Pvt. Ltd.,175,312.9,54757.5,2025-07-30 13:21:27.691995
2025-07-30,66645,2025073004018090,API,Bhrikuti Stock Broking Co. Pvt. Ltd.,Dipshikha Dhitopatra Karobar Co. Pvt Ltd.,115,312.9,35983.5,2025-07-30 13:21:27.692455
2025-07-30,66644,2025073004018091,API,Bhrikuti Stock Broking Co. Pvt. Ltd.,South Asian Bulls Pvt. Ltd.,17,313.0,5321.0,2025-07-30 13:21:27.692674
2025-07-30,66643,2025073004018092,API,Bhrikuti Stock Broking Co. Pvt. Ltd.,Dynamic Money Managers Securities Pvt. Ltd.,10,313.0,3130.0,2025-07-30 13:21:27.692882
2025-07-30,66590,2025073004018115,API,Bhrikuti Stock Broking Co. Pvt. Ltd.,Dipshikha Dhitopatra Karobar Co. Pvt Ltd.,120,313.0,37560.0,2025-07-30 13:21:34.509701
2025-07-30,66414,2025073004018163,API,Sri Hari Securities Pvt. Ltd.,Nepal Stock House (PVT) Ltd.,14,313.9,4394.6,2025-07-30 13:22:04.383176
2025-07-30,66338,2025073004018178,API,Bhrikuti Stock Broking Co. Pvt. Ltd.,Nepal Stock House (PVT) Ltd.,63,313.9,19775.7,2025-07-30 13:22:16.841788
2025-07-30,66247,2025073004018212,API,Aryatara Investment & Securities,Vision Securities Pvt. Ltd,1474,313.1,461509.4,2025-07-30 13:22:31.849230
2025-07-30,66220,2025073004018224,API,Shree Krishna Securities Ltd.,Kumari Securities Private Limited,1400,313.8,439320.0,2025-07-30 13:22:37.077598
2025-07-30,66174,2025073004018242,API,Sewa Securities Pvt. Ltd.,Opal Securities Investment (PVT) Ltd.,1,310.0,310.0,2025-07-30 13:22:45.296689
2025-07-30,65704,2025073004018425,API,Machhapuchchhre Securities Limited,Vision Securities Pvt. Ltd,300,313.1,93930.0,2025-07-30 13:23:39.755626
2025-07-30,65703,2025073004018426,API,Dipshikha Dhitopatra Karobar Co. Pvt Ltd.,Vision Securities Pvt. Ltd,123,313.0,38499.0,2025-07-30 13:23:39.756054
2025-07-30,65702,2025073004018427,API,Sri Hari Securities Pvt. Ltd.,Vision Securities Pvt. Ltd,10,313.0,3130.0,2025-07-30 13:23:39.756273
2025-07-30,65701,2025073004018428,API,Trisul Securities & Invt. Ltd.,Vision Securities Pvt. Ltd,500,313.0,156500.0,2025-07-30 13:23:39.756486
2025-07-30,65700,2025073004018429,API,Online Securities Pvt. Ltd.,Vision Securities Pvt. Ltd,20,313.0,6260.0,2025-07-30 13:23:39.756697
2025-07-30,65699,2025073004018430,API,Dipshikha Dhitopatra Karobar Co. Pvt Ltd.,Vision Securities Pvt. Ltd,159,313.0,49767.0,2025-07-30 13:23:39.756906
2025-07-30,65483,2025073004018523,API,Dipshikha Dhitopatra Karobar Co. Pvt Ltd.,Trishakti Securities Public Limited,210,312.6,65646.0,2025-07-30 13:24:07.687594
2025-07-30,65477,2025073004018528,API,Deevyaa Securities & Stock House Pvt. Ltd,Vision Securities Pvt. Ltd,3000,313.0,939000.0,2025-07-30 13:24:07.969175
2025-07-30,65476,2025073004018529,API,Sagarmatha Securities Private Limited,Vision Securities Pvt. Ltd,1000,313.0,313000.0,2025-07-30 13:24:08.009857
2025-07-30,65360,2025073004018565,API,Secured Securities Ltd.,Vision Securities Pvt. Ltd,500,313.0,156500.0,2025-07-30 13:24:21.238809
2025-07-30,64838,2025073004018696,API,Malla & Malla Stock Broking Company Pvt. Limited,Vision Securities Pvt. Ltd,100,313.0,31300.0,2025-07-30 13:25:24.492603
2025-07-30,64749,2025073004018720,API,Shree Krishna Securities Ltd.,Vision Securities Pvt. Ltd,288,313.0,90144.0,2025-07-30 13:25:40.662459
2025-07-30,64748,2025073004018721,API,Shree Krishna Securities Ltd.,Aryatara Investment & Securities,812,313.0,254156.0,2025-07-30 13:25:40.662908
2025-07-30,64253,2025073004018892,API,Sweta Securities Private Limited,Aryatara Investment & Securities,88,313.0,27544.0,2025-07-30 13:26:45.599405
2025-07-30,64252,2025073004018893,API,Sweta Securities Private Limited,South Asian Bulls Pvt. Ltd.,23,313.0,7199.0,2025-07-30 13:26:45.600356
2025-07-30,64183,2025073004018914,API,Vision Securities Pvt. Ltd,South Asian Bulls Pvt. Ltd.,77,313.0,24101.0,2025-07-30 13:26:53.919354
2025-07-30,64182,2025073004018915,API,Vision Securities Pvt. Ltd,Capital Max Securities Ltd,123,313.0,38499.0,2025-07-30 13:26:53.919805
2025-07-30,63906,2025073004019003,API,Asian Securities Private Ltd.,S.P.S.A. Securities Limited,429,312.9,134234.1,2025-07-30 13:27:26.300125
2025-07-30,63673,2025073004019039,API,Trisul Securities & Invt. Ltd.,Capital Max Securities Ltd,100,313.0,31300.0,2025-07-30 13:27:55.581805
2025-07-30,63279,2025073004019136,API,Bhrikuti Stock Broking Co. Pvt. Ltd.,Capital Max Securities Ltd,500,313.0,156500.0,2025-07-30 13:28:48.369454
2025-07-30,63225,2025073004019145,API,Vision Securities Pvt. Ltd,Capital Max Securities Ltd,200,313.0,62600.0,2025-07-30 13:28:58.196153
2025-07-30,63222,2025073004019146,API,SHUBHAKAMANA SECURITIES PVT. LTD,Capital Max Securities Ltd,77,313.0,24101.0,2025-07-30 13:28:59.228891
2025-07-30,62564,2025073004019310,API,Linch Stock Market Ltd.,Sumeru Securities Pvt. Ltd.,200,313.1,62620.0,2025-07-30 13:30:11.355077
2025-07-30,62563,2025073004019311,API,SHUBHAKAMANA SECURITIES PVT. LTD,Sumeru Securities Pvt. Ltd.,23,313.0,7199.0,2025-07-30 13:30:11.355674
2025-07-30,62562,2025073004019312,API,Premier Securities Company Ltd.,Sumeru Securities Pvt. Ltd.,250,313.0,78250.0,2025-07-30 13:30:11.355923
2025-07-30,62561,2025073004019313,API,Agrawal Securities (PVT) Ltd.,Sumeru Securities Pvt. Ltd.,500,313.0,156500.0,2025-07-30 13:30:11.356155
2025-07-30,62557,2025073004019315,API,Dynamic Money Managers Securities Pvt. Ltd.,Sumeru Securities Pvt. Ltd.,22,313.0,6886.0,2025-07-30 13:30:11.991524
2025-07-30,62357,2025073004019367,API,Asian Securities Private Ltd.,Sumeru Securities Pvt. Ltd.,181,313.0,56653.0,2025-07-30 13:30:42.493697
2025-07-30,62223,2025073004019404,API,Shree Krishna Securities Ltd.,Sumeru Securities Pvt. Ltd.,500,313.0,156500.0,2025-07-30 13:31:01.897923
2025-07-30,61983,2025073004019460,API,Dipshikha Dhitopatra Karobar Co. Pvt Ltd.,Capital Hub P. Ltd,290,312.6,90654.0,2025-07-30 13:31:32.360133
2025-07-30,61982,2025073004019461,API,Dipshikha Dhitopatra Karobar Co. Pvt Ltd.,Capital Hub P. Ltd,900,312.5,281250.0,2025-07-30 13:31:32.360178
