Date,S.N.,Contract ID,Symbol,Buyer Broker,Seller Broker,volume,rate,amount,transaction_time
2025-07-30,141435,2025073001000008,CZBIL,Vision Securities Pvt. Ltd,Bhrikuti Stock Broking Co. Pvt. Ltd.,10,240.1,2401.0,2025-07-30 10:46:00.074055
2025-07-30,141116,2025073001000155,CZBIL,Imperial Securities Company Pvt. Ltd.,Vision Securities Pvt. Ltd,250,237.5,59375.0,2025-07-30 11:01:24.298499
2025-07-30,141056,2025073001000179,CZBIL,Dipshikha Dhitopatra Karobar Co. Pvt Ltd.,Bhrikuti Stock Broking Co. Pvt. Ltd.,490,238.0,116620.0,2025-07-30 11:01:36.107656
2025-07-30,141055,2025073001000180,CZBIL,Dipshikha Dhitopatra Karobar Co. Pvt Ltd.,Nepal Stock House (PVT) Ltd.,510,238.0,121380.0,2025-07-30 11:01:36.107708
2025-07-30,141005,2025073001000193,CZBIL,Primo Securities (PVT) Ltd.,Nepal Stock House (PVT) Ltd.,1000,238.0,238000.0,2025-07-30 11:01:45.815739
2025-07-30,140962,2025073001000212,CZBIL,Linch Stock Market Ltd.,Nepal Stock House (PVT) Ltd.,490,238.0,116620.0,2025-07-30 11:01:53.109067
2025-07-30,140872,2025073001000241,CZBIL,Imperial Securities Company Pvt. Ltd.,Bhrikuti Stock Broking Co. Pvt. Ltd.,500,239.0,119500.0,2025-07-30 11:02:07.533224
2025-07-30,140640,2025073001000340,CZBIL,Trishakti Securities Public Limited,Bhrikuti Stock Broking Co. Pvt. Ltd.,500,239.0,119500.0,2025-07-30 11:02:42.268011
2025-07-30,140639,2025073001000341,CZBIL,Trishakti Securities Public Limited,Agrawal Securities (PVT) Ltd.,200,239.0,47800.0,2025-07-30 11:02:42.268078
2025-07-30,140546,2025073001000369,CZBIL,Trishakti Securities Public Limited,J.F. Securites (PVT) Ltd.,200,239.0,47800.0,2025-07-30 11:02:56.038446
2025-07-30,140148,2025073001000472,CZBIL,Midas Stock Broking Company Private Limited,Arun Securities (PVT) Ltd.,60,238.1,14286.0,2025-07-30 11:03:40.886773
2025-07-30,140147,2025073001000473,CZBIL,Naasa Securities Co. Ltd.,Arun Securities (PVT) Ltd.,440,238.1,104764.0,2025-07-30 11:03:40.886850
2025-07-30,140045,2025073001000503,CZBIL,Primo Securities (PVT) Ltd.,J.F. Securites (PVT) Ltd.,310,239.0,74090.0,2025-07-30 11:03:54.431334
2025-07-30,140044,2025073001000504,CZBIL,Primo Securities (PVT) Ltd.,Aryatara Investment & Securities,1500,239.0,358500.0,2025-07-30 11:03:54.431475
2025-07-30,140043,2025073001000505,CZBIL,Primo Securities (PVT) Ltd.,Deevyaa Securities & Stock House Pvt. Ltd,3190,239.0,762410.0,2025-07-30 11:03:54.431583
2025-07-30,139959,2025073001000525,CZBIL,Linch Stock Market Ltd.,Deevyaa Securities & Stock House Pvt. Ltd,500,239.0,119500.0,2025-07-30 11:04:05.755973
2025-07-30,139942,2025073001000530,CZBIL,Primo Securities (PVT) Ltd.,Deevyaa Securities & Stock House Pvt. Ltd,2310,239.0,552090.0,2025-07-30 11:04:08.818100
2025-07-30,139941,2025073001000531,CZBIL,Primo Securities (PVT) Ltd.,Agrawal Securities (PVT) Ltd.,20,239.0,4780.0,2025-07-30 11:04:08.818164
2025-07-30,139924,2025073001000539,CZBIL,Primo Securities (PVT) Ltd.,Market Securities & Exchange (PVT) Ltd.,100,239.0,23900.0,2025-07-30 11:04:10.043840
2025-07-30,139899,2025073001000550,CZBIL,Primo Securities (PVT) Ltd.,Linch Stock Market Ltd.,100,239.0,23900.0,2025-07-30 11:04:14.042758
2025-07-30,139886,2025073001000552,CZBIL,Naasa Securities Co. Ltd.,Deevyaa Securities & Stock House Pvt. Ltd,14,239.5,3353.0,2025-07-30 11:04:16.576013
2025-07-30,139811,2025073001000580,CZBIL,Primo Securities (PVT) Ltd.,Vision Securities Pvt. Ltd,250,239.0,59750.0,2025-07-30 11:04:27.330505
2025-07-30,139799,2025073001000585,CZBIL,Primo Securities (PVT) Ltd.,Magnet Securities and Investment Company Private Limited,100,239.0,23900.0,2025-07-30 11:04:28.945394
2025-07-30,139751,2025073001000612,CZBIL,Primo Securities (PVT) Ltd.,Naasa Securities Co. Ltd.,100,239.0,23900.0,2025-07-30 11:04:34.780712
2025-07-30,139578,2025073001000671,CZBIL,Sharepro Securities Private Limited,Deevyaa Securities & Stock House Pvt. Ltd,436,239.5,104422.0,2025-07-30 11:04:58.259122
2025-07-30,139577,2025073001000672,CZBIL,Sharepro Securities Private Limited,MILKY WAY SHARE BROKER COMPANY LTD ,4500,239.9,1079550.0,2025-07-30 11:04:58.259198
2025-07-30,139576,2025073001000673,CZBIL,Sharepro Securities Private Limited,Vision Securities Pvt. Ltd,1000,240.0,240000.0,2025-07-30 11:04:58.259239
2025-07-30,139575,2025073001000674,CZBIL,Sharepro Securities Private Limited,Online Securities Pvt. Ltd.,25,240.0,6000.0,2025-07-30 11:04:58.259281
2025-07-30,139574,2025073001000675,CZBIL,Sharepro Securities Private Limited,Aryatara Investment & Securities,1000,240.0,240000.0,2025-07-30 11:04:58.259314
2025-07-30,139573,2025073001000676,CZBIL,Sharepro Securities Private Limited,Nepal Stock House (PVT) Ltd.,100,240.0,24000.0,2025-07-30 11:04:58.259346
2025-07-30,139572,2025073001000677,CZBIL,Sharepro Securities Private Limited,Oxford Securities Pvt. Ltd.,200,240.0,48000.0,2025-07-30 11:04:58.259376
2025-07-30,139571,2025073001000678,CZBIL,Sharepro Securities Private Limited,Agrawal Securities (PVT) Ltd.,200,240.0,48000.0,2025-07-30 11:04:58.259407
2025-07-30,139570,2025073001000679,CZBIL,Sharepro Securities Private Limited,Imperial Securities Company Pvt. Ltd.,1000,240.0,240000.0,2025-07-30 11:04:58.259438
2025-07-30,139569,2025073001000680,CZBIL,Sharepro Securities Private Limited,Malla & Malla Stock Broking Company Pvt. Limited,236,240.0,56640.0,2025-07-30 11:04:58.259468
2025-07-30,139563,2025073001000684,CZBIL,Sharepro Securities Private Limited,Naasa Securities Co. Ltd.,382,240.0,91680.0,2025-07-30 11:04:59.698654
2025-07-30,139254,2025073001000789,CZBIL,Sharepro Securities Private Limited,Agrawal Securities (PVT) Ltd.,300,240.0,72000.0,2025-07-30 11:05:41.852296
2025-07-30,139194,2025073001000805,CZBIL,Naasa Securities Co. Ltd.,Bhrikuti Stock Broking Co. Pvt. Ltd.,1000,240.1,240100.0,2025-07-30 11:05:49.741655
2025-07-30,139193,2025073001000806,CZBIL,Naasa Securities Co. Ltd.,J.F. Securites (PVT) Ltd.,10,240.1,2401.0,2025-07-30 11:05:49.741712
2025-07-30,139192,2025073001000807,CZBIL,Naasa Securities Co. Ltd.,Dynamic Money Managers Securities Pvt. Ltd.,400,240.1,96040.0,2025-07-30 11:05:49.741743
2025-07-30,139191,2025073001000808,CZBIL,Naasa Securities Co. Ltd.,Imperial Securities Company Pvt. Ltd.,10,240.1,2401.0,2025-07-30 11:05:49.741773
2025-07-30,139190,2025073001000809,CZBIL,Naasa Securities Co. Ltd.,Creative Securities Pvt Ltd,250,240.1,60025.0,2025-07-30 11:05:49.741801
2025-07-30,139189,2025073001000810,CZBIL,Naasa Securities Co. Ltd.,Trisul Securities & Invt. Ltd.,200,240.1,48020.0,2025-07-30 11:05:49.741828
2025-07-30,139188,2025073001000811,CZBIL,Naasa Securities Co. Ltd.,Linch Stock Market Ltd.,500,240.1,120050.0,2025-07-30 11:05:49.741855
2025-07-30,139100,2025073001000842,CZBIL,Naasa Securities Co. Ltd.,Dynamic Money Managers Securities Pvt. Ltd.,130,240.1,31213.0,2025-07-30 11:05:59.830813
2025-07-30,139099,2025073001000843,CZBIL,Sharepro Securities Private Limited,Dynamic Money Managers Securities Pvt. Ltd.,70,240.0,16800.0,2025-07-30 11:05:59.830875
2025-07-30,138864,2025073001000921,CZBIL,Sharepro Securities Private Limited,J.F. Securites (PVT) Ltd.,530,240.0,127200.0,2025-07-30 11:06:30.390608
2025-07-30,138820,2025073001000929,CZBIL,Sharepro Securities Private Limited,Hatemalo Financial Services Private Limited,21,240.0,5040.0,2025-07-30 11:06:36.353437
2025-07-30,138636,2025073001000995,CZBIL,Capital Max Securities Ltd,Thrive Brokerage House Pvt. Ltd,100,239.9,23990.0,2025-07-30 11:06:55.771001
2025-07-30,138465,2025073001001043,CZBIL,Primo Securities (PVT) Ltd.,K.B.L. Securities Limited ,20,239.0,4780.0,2025-07-30 11:07:18.122612
2025-07-30,138464,2025073001001044,CZBIL,Imperial Securities Company Pvt. Ltd.,K.B.L. Securities Limited ,1000,239.0,239000.0,2025-07-30 11:07:18.122708
2025-07-30,138245,2025073001001115,CZBIL,Linch Stock Market Ltd.,Dakshinkali Investment & Securities Pvt. Ltd.,510,238.0,121380.0,2025-07-30 11:07:46.853651
2025-07-30,137475,2025073001001353,CZBIL,Swarna Laxmi Securities Pvt. Ltd.,Creative Securities Pvt Ltd,120,238.1,28572.0,2025-07-30 11:09:17.334074
2025-07-30,137139,2025073001001480,CZBIL,Swarna Laxmi Securities Pvt. Ltd.,Cristal Kanchanjanga Securites Pvt. Ltd.,120,238.1,28572.0,2025-07-30 11:09:52.267838
2025-07-30,136323,2025073001001756,CZBIL,Swarna Laxmi Securities Pvt. Ltd.,Opal Securities Investment (PVT) Ltd.,13,238.1,3095.3,2025-07-30 11:11:29.556004
2025-07-30,136238,2025073001001777,CZBIL,Imperial Securities Company Pvt. Ltd.,Sundhara Securities Limited,45,238.5,10732.5,2025-07-30 11:11:37.070433
2025-07-30,136116,2025073001001808,CZBIL,Swarna Laxmi Securities Pvt. Ltd.,Asian Securities Private Ltd.,200,238.1,47620.0,2025-07-30 11:11:50.007430
2025-07-30,136093,2025073001001819,CZBIL,Swarna Laxmi Securities Pvt. Ltd.,Sani Securities Company Ltd.,1000,238.1,238100.0,2025-07-30 11:11:53.673390
2025-07-30,135433,2025073001001995,CZBIL,Swarna Laxmi Securities Pvt. Ltd.,Creative Securities Pvt Ltd,200,238.1,47620.0,2025-07-30 11:12:54.836579
2025-07-30,134908,2025073001002127,CZBIL,Swarna Laxmi Securities Pvt. Ltd.,Nepal Stock House (PVT) Ltd.,1347,238.1,320720.7,2025-07-30 11:13:42.284221
2025-07-30,134775,2025073001002160,CZBIL,Naasa Securities Co. Ltd.,Sani Securities Company Ltd.,30,238.0,7140.0,2025-07-30 11:13:54.785149
2025-07-30,134488,2025073001002245,CZBIL,Naasa Securities Co. Ltd.,Cristal Kanchanjanga Securites Pvt. Ltd.,40,238.0,9520.0,2025-07-30 11:14:16.553236
2025-07-30,134451,2025073001002256,CZBIL,Naasa Securities Co. Ltd.,Global IME Securities Limited,230,238.0,54740.0,2025-07-30 11:14:19.950700
2025-07-30,134157,2025073001002349,CZBIL,Kalika Securities Pvt. Ltd.,Primo Securities (PVT) Ltd.,2000,236.3,472600.0,2025-07-30 11:14:48.308948
2025-07-30,133838,2025073001002461,CZBIL,Dakshinkali Investment & Securities Pvt. Ltd.,Neev Securities Pvt. Ltd.,10,236.0,2360.0,2025-07-30 11:15:15.368721
2025-07-30,133837,2025073001002462,CZBIL,Kalika Securities Pvt. Ltd.,Neev Securities Pvt. Ltd.,490,235.3,115297.0,2025-07-30 11:15:15.368812
2025-07-30,133554,2025073001002550,CZBIL,Kalika Securities Pvt. Ltd.,Dakshinkali Investment & Securities Pvt. Ltd.,500,235.3,117650.0,2025-07-30 11:15:39.834467
2025-07-30,133214,2025073001002649,CZBIL,Asian Securities Private Ltd.,Primo Securities (PVT) Ltd.,1000,236.3,236300.0,2025-07-30 11:16:09.477403
2025-07-30,131356,2025073001003193,CZBIL,Dynamic Money Managers Securities Pvt. Ltd.,Trisul Securities & Invt. Ltd.,300,236.0,70800.0,2025-07-30 11:19:00.683063
2025-07-30,130449,2025073001003476,CZBIL,Dynamic Money Managers Securities Pvt. Ltd.,Naasa Securities Co. Ltd.,20,236.0,4720.0,2025-07-30 11:20:49.113080
2025-07-30,129703,2025073001003663,CZBIL,Linch Stock Market Ltd.,Kumari Securities Private Limited,100,236.1,23610.0,2025-07-30 11:22:23.319471
2025-07-30,128263,2025073001004072,CZBIL,Linch Stock Market Ltd.,ABC Securities Private Limited,52,236.1,12277.2,2025-07-30 11:24:41.511019
2025-07-30,128233,2025073001004080,CZBIL,Sani Securities Company Ltd.,Imperial Securities Company Pvt. Ltd.,104,237.7,24720.8,2025-07-30 11:24:45.176648
2025-07-30,128232,2025073001004081,CZBIL,Sani Securities Company Ltd.,Dakshinkali Investment & Securities Pvt. Ltd.,319,237.7,75826.3,2025-07-30 11:24:45.176784
2025-07-30,126490,2025073001004580,CZBIL,Vision Securities Pvt. Ltd,ABC Securities Private Limited,24,236.2,5668.8,2025-07-30 11:27:51.513866
2025-07-30,126268,2025073001004643,CZBIL,Vision Securities Pvt. Ltd,INDEX SECURITIES LIMITED,976,236.2,230531.2,2025-07-30 11:28:18.549450
2025-07-30,126267,2025073001004644,CZBIL,Oxford Securities Pvt. Ltd.,INDEX SECURITIES LIMITED,1753,236.2,414058.6,2025-07-30 11:28:18.549599
2025-07-30,125962,2025073001004783,CZBIL,Oxford Securities Pvt. Ltd.,Dakshinkali Investment & Securities Pvt. Ltd.,500,236.2,118100.0,2025-07-30 11:28:49.222902
2025-07-30,125937,2025073001004787,CZBIL,Oxford Securities Pvt. Ltd.,ABC Securities Private Limited,13,236.2,3070.6,2025-07-30 11:28:53.078950
2025-07-30,125134,2025073001005038,CZBIL,Oxford Securities Pvt. Ltd.,R.B.B. Securities Company Ltd,734,236.2,173370.8,2025-07-30 11:30:25.503430
2025-07-30,125133,2025073001005039,CZBIL,Linch Stock Market Ltd.,R.B.B. Securities Company Ltd,766,236.1,180852.6,2025-07-30 11:30:25.503479
2025-07-30,124435,2025073001005302,CZBIL,Sri Hari Securities Pvt. Ltd.,Dakshinkali Investment & Securities Pvt. Ltd.,1,233.0,233.0,2025-07-30 11:31:50.491695
2025-07-30,124227,2025073001005360,CZBIL,Linch Stock Market Ltd.,Opal Securities Investment (PVT) Ltd.,82,236.1,19360.2,2025-07-30 11:32:13.524337
2025-07-30,124226,2025073001005361,CZBIL,Dynamic Money Managers Securities Pvt. Ltd.,Opal Securities Investment (PVT) Ltd.,418,236.0,98648.0,2025-07-30 11:32:13.524374
2025-07-30,124111,2025073001005386,CZBIL,Dynamic Money Managers Securities Pvt. Ltd.,Thrive Brokerage House Pvt. Ltd,102,236.0,24072.0,2025-07-30 11:32:25.479747
2025-07-30,123866,2025073001005463,CZBIL,Sri Hari Securities Pvt. Ltd.,Sewa Securities Pvt. Ltd.,4,233.0,932.0,2025-07-30 11:32:57.943118
2025-07-30,122685,2025073001005823,CZBIL,Dynamic Money Managers Securities Pvt. Ltd.,Secured Securities Ltd.,143,236.0,33748.0,2025-07-30 11:35:39.795432
2025-07-30,122435,2025073001005899,CZBIL,Dynamic Money Managers Securities Pvt. Ltd.,KALASH STOCK MARKET PVT. LTD.,2000,236.0,472000.0,2025-07-30 11:36:21.750886
2025-07-30,122379,2025073001005911,CZBIL,Dynamic Money Managers Securities Pvt. Ltd.,K.B.L. Securities Limited ,13,236.0,3068.0,2025-07-30 11:36:29.682196
2025-07-30,121531,2025073001006146,CZBIL,Dynamic Money Managers Securities Pvt. Ltd.,Naasa Securities Co. Ltd.,587,236.0,138532.0,2025-07-30 11:38:22.936765
2025-07-30,121403,2025073001006180,CZBIL,Dynamic Money Managers Securities Pvt. Ltd.,Dynamic Money Managers Securities Pvt. Ltd.,1417,236.0,334412.0,2025-07-30 11:38:40.554839
2025-07-30,121402,2025073001006181,CZBIL,Asian Securities Private Ltd.,Dynamic Money Managers Securities Pvt. Ltd.,1100,236.0,259600.0,2025-07-30 11:38:40.555062
2025-07-30,121401,2025073001006182,CZBIL,Creative Securities Pvt Ltd,Dynamic Money Managers Securities Pvt. Ltd.,80,236.0,18880.0,2025-07-30 11:38:40.555159
2025-07-30,121400,2025073001006183,CZBIL,Dynamic Money Managers Securities Pvt. Ltd.,Dynamic Money Managers Securities Pvt. Ltd.,2403,236.0,567108.0,2025-07-30 11:38:40.555258
2025-07-30,121267,2025073001006218,CZBIL,Dynamic Money Managers Securities Pvt. Ltd.,Property Wiard Limited,97,236.0,22892.0,2025-07-30 11:38:55.723760
2025-07-30,120233,2025073001006528,CZBIL,Kalika Securities Pvt. Ltd.,Aryatara Investment & Securities,100,235.3,23530.0,2025-07-30 11:41:12.801877
2025-07-30,120027,2025073001006576,CZBIL,Dynamic Money Managers Securities Pvt. Ltd.,Cristal Kanchanjanga Securites Pvt. Ltd.,13,235.5,3061.5,2025-07-30 11:41:32.510769
2025-07-30,119891,2025073001006624,CZBIL,Dynamic Money Managers Securities Pvt. Ltd.,Market Securities & Exchange (PVT) Ltd.,100,236.0,23600.0,2025-07-30 11:41:42.943261
2025-07-30,119415,2025073001006804,CZBIL,Dynamic Money Managers Securities Pvt. Ltd.,Aryatara Investment & Securities,12,236.0,2832.0,2025-07-30 11:42:39.937627
2025-07-30,119059,2025073001006943,CZBIL,Dynamic Money Managers Securities Pvt. Ltd.,Opal Securities Investment (PVT) Ltd.,50,236.0,11800.0,2025-07-30 11:43:28.813458
2025-07-30,118683,2025073001007071,CZBIL,Dynamic Money Managers Securities Pvt. Ltd.,Siprabi Securities Pvt. Ltd.,500,236.0,118000.0,2025-07-30 11:44:26.688663
2025-07-30,117050,2025073001007577,CZBIL,Midas Stock Broking Company Private Limited,Dipshikha Dhitopatra Karobar Co. Pvt Ltd.,124,236.1,29276.4,2025-07-30 11:47:57.635483
2025-07-30,116769,2025073001007673,CZBIL,Midas Stock Broking Company Private Limited,Agrawal Securities (PVT) Ltd.,63,236.1,14874.3,2025-07-30 11:48:33.772318
2025-07-30,116344,2025073001007791,CZBIL,Online Securities Pvt. Ltd.,Cristal Kanchanjanga Securites Pvt. Ltd.,10,236.2,2362.0,2025-07-30 11:49:36.521234
2025-07-30,116343,2025073001007792,CZBIL,Midas Stock Broking Company Private Limited,Cristal Kanchanjanga Securites Pvt. Ltd.,190,236.1,44859.0,2025-07-30 11:49:36.521446
2025-07-30,116231,2025073001007842,CZBIL,Midas Stock Broking Company Private Limited,Naasa Securities Co. Ltd.,23,236.1,5430.3,2025-07-30 11:49:51.333975
2025-07-30,116039,2025073001007911,CZBIL,Midas Stock Broking Company Private Limited,Vision Securities Pvt. Ltd,125,236.1,29512.5,2025-07-30 11:50:21.992891
2025-07-30,115893,2025073001007952,CZBIL,Sweta Securities Private Limited,ABC Securities Private Limited,1,232.0,232.0,2025-07-30 11:50:41.003559
2025-07-30,114777,2025073001008242,CZBIL,Midas Stock Broking Company Private Limited,Imperial Securities Company Pvt. Ltd.,475,236.1,112147.5,2025-07-30 11:53:24.207004
2025-07-30,114776,2025073001008243,CZBIL,Sani Securities Company Ltd.,Imperial Securities Company Pvt. Ltd.,525,236.1,123952.5,2025-07-30 11:53:24.207400
2025-07-30,114494,2025073001008331,CZBIL,Naasa Securities Co. Ltd.,Online Securities Pvt. Ltd.,1,232.0,232.0,2025-07-30 11:54:17.740770
2025-07-30,114321,2025073001008383,CZBIL,Secured Securities Ltd.,Kalika Securities Pvt. Ltd.,100,236.2,23620.0,2025-07-30 11:54:37.096772
2025-07-30,114320,2025073001008384,CZBIL,Sani Securities Company Ltd.,Kalika Securities Pvt. Ltd.,100,236.1,23610.0,2025-07-30 11:54:37.097178
2025-07-30,113956,2025073001008531,CZBIL,Sani Securities Company Ltd.,Kohinoor Investment & Securities Pvt. Ltd.,52,236.1,12277.2,2025-07-30 11:55:25.318907
2025-07-30,113307,2025073001008750,CZBIL,Sani Securities Company Ltd.,Asian Securities Private Ltd.,323,236.1,76260.3,2025-07-30 11:57:08.019450
2025-07-30,113306,2025073001008751,CZBIL,Dynamic Money Managers Securities Pvt. Ltd.,Asian Securities Private Ltd.,9677,236.0,2283772.0,2025-07-30 11:57:08.019568
2025-07-30,111803,2025073001009316,CZBIL,Dynamic Money Managers Securities Pvt. Ltd.,Neev Securities Pvt. Ltd.,48,236.0,11328.0,2025-07-30 12:00:38.597355
2025-07-30,111621,2025073001009381,CZBIL,Dynamic Money Managers Securities Pvt. Ltd.,Cristal Kanchanjanga Securites Pvt. Ltd.,1700,236.0,401200.0,2025-07-30 12:01:09.808818
2025-07-30,111379,2025073001009420,CZBIL,Dynamic Money Managers Securities Pvt. Ltd.,Nepal Stock House (PVT) Ltd.,90,236.0,21240.0,2025-07-30 12:01:41.752702
2025-07-30,110686,2025073001009699,CZBIL,Dynamic Money Managers Securities Pvt. Ltd.,SHUBHAKAMANA SECURITIES PVT. LTD,1001,236.0,236236.0,2025-07-30 12:03:35.721326
2025-07-30,108506,2025073001010357,CZBIL,Bhrikuti Stock Broking Co. Pvt. Ltd.,Market Securities & Exchange (PVT) Ltd.,72,236.1,16999.2,2025-07-30 12:08:06.078196
2025-07-30,107777,2025073001010619,CZBIL,Blue Chip Securities Ltd,Sani Securities Company Ltd.,10,236.5,2365.0,2025-07-30 12:09:12.367115
2025-07-30,107776,2025073001010620,CZBIL,Blue Chip Securities Ltd,Asian Securities Private Ltd.,70,236.5,16555.0,2025-07-30 12:09:12.367452
2025-07-30,107775,2025073001010621,CZBIL,Blue Chip Securities Ltd,Naasa Securities Co. Ltd.,55,236.5,13007.5,2025-07-30 12:09:12.367656
2025-07-30,107774,2025073001010622,CZBIL,Blue Chip Securities Ltd,Vision Securities Pvt. Ltd,125,236.9,29612.5,2025-07-30 12:09:12.367786
2025-07-30,107773,2025073001010623,CZBIL,Blue Chip Securities Ltd,Primo Securities (PVT) Ltd.,1040,237.0,246480.0,2025-07-30 12:09:12.367927
2025-07-30,107240,2025073001010717,CZBIL,Blue Chip Securities Ltd,Primo Securities (PVT) Ltd.,25,237.0,5925.0,2025-07-30 12:10:03.089199
2025-07-30,107045,2025073001010779,CZBIL,Bhrikuti Stock Broking Co. Pvt. Ltd.,Sumeru Securities Pvt. Ltd.,13,236.1,3069.3,2025-07-30 12:10:23.921640
2025-07-30,106315,2025073001010997,CZBIL,Sundhara Securities Limited,ABC Securities Private Limited,74,236.5,17501.0,2025-07-30 12:11:33.768435
2025-07-30,104571,2025073001011470,CZBIL,Trishakti Securities Public Limited,Dakshinkali Investment & Securities Pvt. Ltd.,300,236.6,70980.0,2025-07-30 12:14:20.323731
2025-07-30,103565,2025073001011800,CZBIL,Sundhara Securities Limited,Dakshinkali Investment & Securities Pvt. Ltd.,426,236.5,100749.0,2025-07-30 12:16:22.020085
2025-07-30,103229,2025073001011932,CZBIL,Market Securities & Exchange (PVT) Ltd.,Dakshinkali Investment & Securities Pvt. Ltd.,500,236.9,118450.0,2025-07-30 12:16:52.860981
2025-07-30,103228,2025073001011933,CZBIL,Market Securities & Exchange (PVT) Ltd.,Siprabi Securities Pvt. Ltd.,39,236.9,9239.1,2025-07-30 12:16:52.861265
2025-07-30,102606,2025073001012129,CZBIL,Primo Securities (PVT) Ltd.,Dakshinkali Investment & Securities Pvt. Ltd.,1612,236.9,381882.8,2025-07-30 12:18:09.429411
2025-07-30,102530,2025073001012167,CZBIL,Naasa Securities Co. Ltd.,Bhrikuti Stock Broking Co. Pvt. Ltd.,500,236.2,118100.0,2025-07-30 12:18:23.569933
2025-07-30,102048,2025073001012345,CZBIL,Imperial Securities Company Pvt. Ltd.,Dakshinkali Investment & Securities Pvt. Ltd.,38,236.9,9002.2,2025-07-30 12:19:29.088694
2025-07-30,102047,2025073001012346,CZBIL,Imperial Securities Company Pvt. Ltd.,Primo Securities (PVT) Ltd.,162,237.0,38394.0,2025-07-30 12:19:29.089149
2025-07-30,102015,2025073001012355,CZBIL,Bhrikuti Stock Broking Co. Pvt. Ltd.,Sharepro Securities Private Limited,300,236.1,70830.0,2025-07-30 12:19:32.611590
2025-07-30,101599,2025073001012480,CZBIL,Bhrikuti Stock Broking Co. Pvt. Ltd.,Dipshikha Dhitopatra Karobar Co. Pvt Ltd.,353,236.1,83343.3,2025-07-30 12:20:34.503325
2025-07-30,100778,2025073001012737,CZBIL,Naasa Securities Co. Ltd.,Primo Securities (PVT) Ltd.,104,236.2,24564.8,2025-07-30 12:22:35.627974
2025-07-30,100285,2025073001012886,CZBIL,Naasa Securities Co. Ltd.,Premier Securities Company Ltd.,300,236.2,70860.0,2025-07-30 12:23:44.956893
2025-07-30,99699,2025073001013053,CZBIL,Naasa Securities Co. Ltd.,Vision Securities Pvt. Ltd,75,236.9,17767.5,2025-07-30 12:24:53.395489
2025-07-30,99698,2025073001013054,CZBIL,Naasa Securities Co. Ltd.,Primo Securities (PVT) Ltd.,21,237.0,4977.0,2025-07-30 12:24:53.395754
2025-07-30,99421,2025073001013122,CZBIL,Oxford Securities Pvt. Ltd.,Trisul Securities & Invt. Ltd.,10,236.3,2363.0,2025-07-30 12:25:30.627031
2025-07-30,98886,2025073001013262,CZBIL,Oxford Securities Pvt. Ltd.,Dipshikha Dhitopatra Karobar Co. Pvt Ltd.,1000,236.3,236300.0,2025-07-30 12:26:38.072359
2025-07-30,98700,2025073001013301,CZBIL,Oxford Securities Pvt. Ltd.,Asian Securities Private Ltd.,2290,236.3,541127.0,2025-07-30 12:27:04.296562
2025-07-30,98699,2025073001013302,CZBIL,Midas Stock Broking Company Private Limited,Asian Securities Private Ltd.,1000,236.2,236200.0,2025-07-30 12:27:04.296849
2025-07-30,98698,2025073001013303,CZBIL,Bhrikuti Stock Broking Co. Pvt. Ltd.,Asian Securities Private Ltd.,262,236.1,61858.2,2025-07-30 12:27:04.296992
2025-07-30,98697,2025073001013304,CZBIL,Siprabi Securities Pvt. Ltd.,Asian Securities Private Ltd.,200,236.1,47220.0,2025-07-30 12:27:04.297115
2025-07-30,98696,2025073001013305,CZBIL,Primo Securities (PVT) Ltd.,Asian Securities Private Ltd.,2040,236.1,481644.0,2025-07-30 12:27:04.297219
2025-07-30,98695,2025073001013306,CZBIL,Linch Stock Market Ltd.,Asian Securities Private Ltd.,50,236.1,11805.0,2025-07-30 12:27:04.297319
2025-07-30,98694,2025073001013307,CZBIL,Dynamic Money Managers Securities Pvt. Ltd.,Asian Securities Private Ltd.,3569,236.0,842284.0,2025-07-30 12:27:04.297422
2025-07-30,97783,2025073001013584,CZBIL,Machhapuchchhre Securities Limited,Property Wiard Limited,10,236.9,2369.0,2025-07-30 12:29:17.621845
2025-07-30,95523,2025073001014105,CZBIL,Naasa Securities Co. Ltd.,Siprabi Securities Pvt. Ltd.,13,236.1,3069.3,2025-07-30 12:33:41.183300
2025-07-30,95115,2025073001014224,CZBIL,Trishakti Securities Public Limited,Vision Securities Pvt. Ltd,500,236.8,118400.0,2025-07-30 12:34:24.484636
2025-07-30,93499,2025073001014662,CZBIL,Naasa Securities Co. Ltd.,Trisul Securities & Invt. Ltd.,117,236.1,27623.7,2025-07-30 12:37:29.659401
2025-07-30,93498,2025073001014663,CZBIL,Sagarmatha Securities Private Limited,Trisul Securities & Invt. Ltd.,11,236.1,2597.1,2025-07-30 12:37:29.659855
2025-07-30,92168,2025073001014957,CZBIL,Sri Hari Securities Pvt. Ltd.,Sharepro Securities Private Limited,1,232.1,232.1,2025-07-30 12:39:54.301568
2025-07-30,91822,2025073001015020,CZBIL,Sagarmatha Securities Private Limited,Malla & Malla Stock Broking Company Pvt. Limited,37,236.1,8735.7,2025-07-30 12:40:33.095148
2025-07-30,91619,2025073001015080,CZBIL,Machhapuchchhre Securities Limited,Vision Securities Pvt. Ltd,10,236.8,2368.0,2025-07-30 12:40:54.455890
2025-07-30,90583,2025073001015337,CZBIL,Siprabi Securities Pvt. Ltd.,Imperial Securities Company Pvt. Ltd.,21,236.2,4960.2,2025-07-30 12:43:04.806657
2025-07-30,89751,2025073001015571,CZBIL,Siprabi Securities Pvt. Ltd.,Imperial Securities Company Pvt. Ltd.,140,236.2,33068.0,2025-07-30 12:44:57.339001
2025-07-30,88884,2025073001015791,CZBIL,Siprabi Securities Pvt. Ltd.,Dipshikha Dhitopatra Karobar Co. Pvt Ltd.,839,236.2,198171.8,2025-07-30 12:47:05.173329
2025-07-30,88573,2025073001015843,CZBIL,Sagarmatha Securities Private Limited,Naasa Securities Co. Ltd.,189,236.1,44622.9,2025-07-30 12:47:53.736418
2025-07-30,88427,2025073001015870,CZBIL,Sagarmatha Securities Private Limited,Sani Securities Company Ltd.,263,236.1,62094.3,2025-07-30 12:48:13.309645
2025-07-30,88426,2025073001015871,CZBIL,Dipshikha Dhitopatra Karobar Co. Pvt Ltd.,Sani Securities Company Ltd.,150,236.1,35415.0,2025-07-30 12:48:13.309911
2025-07-30,88148,2025073001015935,CZBIL,Dynamic Money Managers Securities Pvt. Ltd.,Sani Securities Company Ltd.,187,236.0,44132.0,2025-07-30 12:48:51.797232
2025-07-30,87956,2025073001015975,CZBIL,Dynamic Money Managers Securities Pvt. Ltd.,K.B.L. Securities Limited ,5053,236.0,1192508.0,2025-07-30 12:49:12.203163
2025-07-30,87955,2025073001015976,CZBIL,Vision Securities Pvt. Ltd,K.B.L. Securities Limited ,10,236.0,2360.0,2025-07-30 12:49:12.203671
2025-07-30,87954,2025073001015977,CZBIL,Nabil Stock Dealer Ltd.,K.B.L. Securities Limited ,200,236.0,47200.0,2025-07-30 12:49:12.203992
2025-07-30,87953,2025073001015978,CZBIL,Kohinoor Investment & Securities Pvt. Ltd.,K.B.L. Securities Limited ,20,236.0,4720.0,2025-07-30 12:49:12.204358
2025-07-30,87952,2025073001015979,CZBIL,Oxford Securities Pvt. Ltd.,K.B.L. Securities Limited ,414,236.0,97704.0,2025-07-30 12:49:12.204687
2025-07-30,86614,2025073001016347,CZBIL,Midas Stock Broking Company Private Limited,K.B.L. Securities Limited ,1000,235.5,235500.0,2025-07-30 12:52:06.764300
2025-07-30,86276,2025073001016406,CZBIL,Dakshinkali Investment & Securities Pvt. Ltd.,Primo Securities (PVT) Ltd.,207,235.4,48727.8,2025-07-30 12:52:48.898087
2025-07-30,86060,2025073001016460,CZBIL,Dakshinkali Investment & Securities Pvt. Ltd.,Sani Securities Company Ltd.,293,235.4,68972.2,2025-07-30 12:53:16.148317
2025-07-30,86059,2025073001016461,CZBIL,Market Securities & Exchange (PVT) Ltd.,Sani Securities Company Ltd.,107,235.4,25187.8,2025-07-30 12:53:16.148786
2025-07-30,86023,2025073001016465,CZBIL,Market Securities & Exchange (PVT) Ltd.,ABC Securities Private Limited,32,235.4,7532.8,2025-07-30 12:53:19.624689
2025-07-30,85891,2025073001016498,CZBIL,Market Securities & Exchange (PVT) Ltd.,Malla & Malla Stock Broking Company Pvt. Limited,31,235.4,7297.4,2025-07-30 12:53:35.232167
2025-07-30,85890,2025073001016499,CZBIL,Sani Securities Company Ltd.,Malla & Malla Stock Broking Company Pvt. Limited,119,235.4,28012.6,2025-07-30 12:53:35.232442
2025-07-30,85378,2025073001016609,CZBIL,Sani Securities Company Ltd.,Malla & Malla Stock Broking Company Pvt. Limited,13,235.4,3060.2,2025-07-30 12:54:43.871030
2025-07-30,85201,2025073001016661,CZBIL,Secured Securities Ltd.,Property Wiard Limited,40,235.8,9432.0,2025-07-30 12:55:03.264461
2025-07-30,85200,2025073001016662,CZBIL,Secured Securities Ltd.,K.B.L. Securities Limited ,283,236.0,66788.0,2025-07-30 12:55:03.264976
2025-07-30,85199,2025073001016663,CZBIL,Secured Securities Ltd.,Naasa Securities Co. Ltd.,420,236.0,99120.0,2025-07-30 12:55:03.265329
2025-07-30,85198,2025073001016664,CZBIL,Secured Securities Ltd.,K.B.L. Securities Limited ,530,236.0,125080.0,2025-07-30 12:55:03.265641
2025-07-30,85197,2025073001016665,CZBIL,Secured Securities Ltd.,Dipshikha Dhitopatra Karobar Co. Pvt Ltd.,2000,236.0,472000.0,2025-07-30 12:55:03.265946
2025-07-30,85168,2025073001016671,CZBIL,Secured Securities Ltd.,Nepal Stock House (PVT) Ltd.,202,236.0,47672.0,2025-07-30 12:55:06.627782
2025-07-30,84528,2025073001016853,CZBIL,Secured Securities Ltd.,Dipshikha Dhitopatra Karobar Co. Pvt Ltd.,2000,236.0,472000.0,2025-07-30 12:56:08.787336
2025-07-30,84321,2025073001016880,CZBIL,Secured Securities Ltd.,Trisul Securities & Invt. Ltd.,252,236.0,59472.0,2025-07-30 12:56:27.970939
2025-07-30,83425,2025073001017093,CZBIL,Secured Securities Ltd.,Dipshikha Dhitopatra Karobar Co. Pvt Ltd.,273,236.0,64428.0,2025-07-30 12:57:46.753352
2025-07-30,77741,2025073001018571,CZBIL,Sani Securities Company Ltd.,Kohinoor Investment & Securities Pvt. Ltd.,104,235.4,24481.6,2025-07-30 13:05:07.589723
2025-07-30,76792,2025073001018782,CZBIL,Sani Securities Company Ltd.,Linch Stock Market Ltd.,764,235.4,179845.6,2025-07-30 13:06:11.681661
2025-07-30,76791,2025073001018783,CZBIL,Kalika Securities Pvt. Ltd.,Linch Stock Market Ltd.,910,235.3,214123.0,2025-07-30 13:06:11.682159
2025-07-30,76790,2025073001018784,CZBIL,Premier Securities Company Ltd.,Linch Stock Market Ltd.,1000,235.2,235200.0,2025-07-30 13:06:11.682476
2025-07-30,76789,2025073001018785,CZBIL,Primo Securities (PVT) Ltd.,Linch Stock Market Ltd.,2326,235.1,546842.6,2025-07-30 13:06:11.682806
2025-07-30,76131,2025073001018959,CZBIL,Primo Securities (PVT) Ltd.,Neev Securities Pvt. Ltd.,100,235.1,23510.0,2025-07-30 13:06:59.167042
2025-07-30,75447,2025073001019197,CZBIL,Primo Securities (PVT) Ltd.,ABC Securities Private Limited,100,235.1,23510.0,2025-07-30 13:07:51.864913
2025-07-30,75282,2025073001019224,CZBIL,Primo Securities (PVT) Ltd.,Naasa Securities Co. Ltd.,100,235.1,23510.0,2025-07-30 13:08:04.449756
2025-07-30,75046,2025073001019289,CZBIL,Primo Securities (PVT) Ltd.,Siprabi Securities Pvt. Ltd.,253,235.1,59480.3,2025-07-30 13:08:19.341808
2025-07-30,74638,2025073001019422,CZBIL,Primo Securities (PVT) Ltd.,Midas Stock Broking Company Private Limited,2121,235.1,498647.1,2025-07-30 13:08:46.829574
2025-07-30,74637,2025073001019423,CZBIL,Imperial Securities Company Pvt. Ltd.,Midas Stock Broking Company Private Limited,1000,235.0,235000.0,2025-07-30 13:08:46.830111
2025-07-30,74636,2025073001019424,CZBIL,Midas Stock Broking Company Private Limited,Midas Stock Broking Company Private Limited,200,235.0,47000.0,2025-07-30 13:08:46.830444
2025-07-30,74635,2025073001019425,CZBIL,Kohinoor Investment & Securities Pvt. Ltd.,Midas Stock Broking Company Private Limited,10,235.0,2350.0,2025-07-30 13:08:46.830776
2025-07-30,74634,2025073001019426,CZBIL,Dakshinkali Investment & Securities Pvt. Ltd.,Midas Stock Broking Company Private Limited,500,235.0,117500.0,2025-07-30 13:08:46.831092
2025-07-30,74633,2025073001019427,CZBIL,Bhrikuti Stock Broking Co. Pvt. Ltd.,Midas Stock Broking Company Private Limited,183,235.0,43005.0,2025-07-30 13:08:46.831392
2025-07-30,73370,2025073001019665,CZBIL,Sweta Securities Private Limited,Premier Securities Company Ltd.,1,232.0,232.0,2025-07-30 13:10:26.114239
2025-07-30,73246,2025073001019723,CZBIL,Bhrikuti Stock Broking Co. Pvt. Ltd.,Imperial Securities Company Pvt. Ltd.,21,235.0,4935.0,2025-07-30 13:10:34.584193
2025-07-30,73166,2025073001019745,CZBIL,Bhrikuti Stock Broking Co. Pvt. Ltd.,Dynamic Money Managers Securities Pvt. Ltd.,20,235.0,4700.0,2025-07-30 13:10:39.566249
2025-07-30,73130,2025073001019752,CZBIL,Bhrikuti Stock Broking Co. Pvt. Ltd.,Deevyaa Securities & Stock House Pvt. Ltd,234,235.0,54990.0,2025-07-30 13:10:41.882429
2025-07-30,73029,2025073001019770,CZBIL,Bhrikuti Stock Broking Co. Pvt. Ltd.,Linch Stock Market Ltd.,1542,235.0,362370.0,2025-07-30 13:10:52.118545
2025-07-30,73028,2025073001019771,CZBIL,Nabil Stock Dealer Ltd.,Linch Stock Market Ltd.,100,235.0,23500.0,2025-07-30 13:10:52.119006
2025-07-30,73027,2025073001019772,CZBIL,Sani Securities Company Ltd.,Linch Stock Market Ltd.,670,235.0,157450.0,2025-07-30 13:10:52.119328
2025-07-30,73026,2025073001019773,CZBIL,Kalika Securities Pvt. Ltd.,Linch Stock Market Ltd.,20,235.0,4700.0,2025-07-30 13:10:52.119631
2025-07-30,72912,2025073001019811,CZBIL,Nabil Stock Dealer Ltd.,Aryatara Investment & Securities,108,234.5,25326.0,2025-07-30 13:11:05.694383
2025-07-30,72010,2025073001020056,CZBIL,Nabil Stock Dealer Ltd.,Naasa Securities Co. Ltd.,25,234.5,5862.5,2025-07-30 13:12:23.039966
2025-07-30,70591,2025073001020448,CZBIL,Nabil Stock Dealer Ltd.,Arun Securities (PVT) Ltd.,67,234.5,15711.5,2025-07-30 13:14:42.590713
2025-07-30,70590,2025073001020449,CZBIL,Sani Securities Company Ltd.,Arun Securities (PVT) Ltd.,34,234.5,7973.0,2025-07-30 13:14:42.590975
2025-07-30,70164,2025073001020554,CZBIL,Sani Securities Company Ltd.,Imperial Securities Company Pvt. Ltd.,140,234.5,32830.0,2025-07-30 13:15:24.459059
2025-07-30,68909,2025073001020821,CZBIL,Sri Hari Securities Pvt. Ltd.,Dynamic Money Managers Securities Pvt. Ltd.,9,230.0,2070.0,2025-07-30 13:17:16.759874
2025-07-30,68309,2025073001020939,CZBIL,Sri Hari Securities Pvt. Ltd.,Pragyan Securities (PVT) Ltd.,2,230.0,460.0,2025-07-30 13:18:10.422328
2025-07-30,67315,2025073001021235,CZBIL,Dipshikha Dhitopatra Karobar Co. Pvt Ltd.,Naasa Securities Co. Ltd.,200,234.6,46920.0,2025-07-30 13:19:57.775033
2025-07-30,67124,2025073001021275,CZBIL,S.P.S.A. Securities Limited,Linch Stock Market Ltd.,500,235.0,117500.0,2025-07-30 13:20:20.446307
2025-07-30,66548,2025073001021401,CZBIL,ABC Securities Private Limited,Linch Stock Market Ltd.,168,235.0,39480.0,2025-07-30 13:21:41.239783
2025-07-30,66547,2025073001021402,CZBIL,ABC Securities Private Limited,Aryatara Investment & Securities,1332,235.0,313020.0,2025-07-30 13:21:41.240069
2025-07-30,66269,2025073001021488,CZBIL,MILKY WAY SHARE BROKER COMPANY LTD ,Aryatara Investment & Securities,132,235.0,31020.0,2025-07-30 13:22:27.248921
2025-07-30,65736,2025073001021630,CZBIL,Online Securities Pvt. Ltd.,Aryatara Investment & Securities,300,235.0,70500.0,2025-07-30 13:23:37.014686
2025-07-30,64853,2025073001021835,CZBIL,Sweta Securities Private Limited,Neev Securities Pvt. Ltd.,3,230.3,690.9,2025-07-30 13:25:23.509473
2025-07-30,64620,2025073001021887,CZBIL,Sweta Securities Private Limited,Opal Securities Investment (PVT) Ltd.,1,230.5,230.5,2025-07-30 13:25:53.559739
2025-07-30,64593,2025073001021899,CZBIL,Premier Securities Company Ltd.,Cristal Kanchanjanga Securites Pvt. Ltd.,300,234.6,70380.0,2025-07-30 13:25:57.725848
2025-07-30,64592,2025073001021900,CZBIL,Sani Securities Company Ltd.,Cristal Kanchanjanga Securites Pvt. Ltd.,609,234.5,142810.5,2025-07-30 13:25:57.726101
2025-07-30,63844,2025073001022101,CZBIL,Sani Securities Company Ltd.,Vision Securities Pvt. Ltd,217,234.5,50886.5,2025-07-30 13:27:35.591597
2025-07-30,63843,2025073001022102,CZBIL,Aryatara Investment & Securities,Vision Securities Pvt. Ltd,430,234.3,100749.0,2025-07-30 13:27:35.592105
2025-07-30,63842,2025073001022103,CZBIL,Malla & Malla Stock Broking Company Pvt. Limited,Vision Securities Pvt. Ltd,100,234.0,23400.0,2025-07-30 13:27:35.592414
2025-07-30,63841,2025073001022104,CZBIL,Kumari Securities Private Limited,Vision Securities Pvt. Ltd,400,234.0,93600.0,2025-07-30 13:27:35.592715
2025-07-30,62758,2025073001022417,CZBIL,Dynamic Money Managers Securities Pvt. Ltd.,Nepal Stock House (PVT) Ltd.,100,233.3,23330.0,2025-07-30 13:29:49.634991
2025-07-30,62757,2025073001022418,CZBIL,Aryatara Investment & Securities,Nepal Stock House (PVT) Ltd.,1000,233.3,233300.0,2025-07-30 13:29:49.635055
2025-07-30,62756,2025073001022419,CZBIL,South Asian Bulls Pvt. Ltd.,Nepal Stock House (PVT) Ltd.,30,233.0,6990.0,2025-07-30 13:29:49.635084
2025-07-30,62755,2025073001022420,CZBIL,Thrive Brokerage House Pvt. Ltd,Nepal Stock House (PVT) Ltd.,100,233.0,23300.0,2025-07-30 13:29:49.635112
2025-07-30,62754,2025073001022421,CZBIL,Investment Management Nepal Pvt. Ltd.,Nepal Stock House (PVT) Ltd.,33,233.0,7689.0,2025-07-30 13:29:49.635140
2025-07-30,62753,2025073001022422,CZBIL,Asian Securities Private Ltd.,Nepal Stock House (PVT) Ltd.,50,232.0,11600.0,2025-07-30 13:29:49.635170
2025-07-30,62752,2025073001022423,CZBIL,Asian Securities Private Ltd.,Nepal Stock House (PVT) Ltd.,40,232.0,9280.0,2025-07-30 13:29:49.635203
2025-07-30,62154,2025073001022585,CZBIL,Midas Stock Broking Company Private Limited,Dipshikha Dhitopatra Karobar Co. Pvt Ltd.,500,232.1,116050.0,2025-07-30 13:31:12.917855
2025-07-30,61283,2025073001022790,CZBIL,Midas Stock Broking Company Private Limited,Sweta Securities Private Limited,500,232.1,116050.0,2025-07-30 13:32:41.205143
2025-07-30,61282,2025073001022791,CZBIL,Vision Securities Pvt. Ltd,Sweta Securities Private Limited,1000,232.1,232100.0,2025-07-30 13:32:41.205405
2025-07-30,61281,2025073001022792,CZBIL,Asian Securities Private Ltd.,Sweta Securities Private Limited,160,232.0,37120.0,2025-07-30 13:32:41.205510
2025-07-30,61280,2025073001022793,CZBIL,Premier Securities Company Ltd.,Sweta Securities Private Limited,20,232.0,4640.0,2025-07-30 13:32:41.205612
2025-07-30,61279,2025073001022794,CZBIL,Malla & Malla Stock Broking Company Pvt. Limited,Sweta Securities Private Limited,100,232.0,23200.0,2025-07-30 13:32:41.205710
2025-07-30,61278,2025073001022795,CZBIL,Online Securities Pvt. Ltd.,Sweta Securities Private Limited,190,232.0,44080.0,2025-07-30 13:32:41.205822
2025-07-30,61277,2025073001022796,CZBIL,Imperial Securities Company Pvt. Ltd.,Sweta Securities Private Limited,17,232.0,3944.0,2025-07-30 13:32:41.205928
2025-07-30,61276,2025073001022797,CZBIL,Premier Securities Company Ltd.,Sweta Securities Private Limited,1000,232.0,232000.0,2025-07-30 13:32:41.206037
2025-07-30,61275,2025073001022798,CZBIL,Imperial Securities Company Pvt. Ltd.,Sweta Securities Private Limited,2000,232.0,464000.0,2025-07-30 13:32:41.206151
2025-07-30,60735,2025073001022978,CZBIL,Dynamic Money Managers Securities Pvt. Ltd.,Miyo Securities Pvt Ltd,100,231.5,23150.0,2025-07-30 13:33:48.899693
2025-07-30,60734,2025073001022979,CZBIL,Dipshikha Dhitopatra Karobar Co. Pvt Ltd.,Miyo Securities Pvt Ltd,50,231.5,11575.0,2025-07-30 13:33:48.899932
2025-07-30,60733,2025073001022980,CZBIL,Arun Securities (PVT) Ltd.,Miyo Securities Pvt Ltd,500,231.5,115750.0,2025-07-30 13:33:48.900042
2025-07-30,60732,2025073001022981,CZBIL,Thrive Brokerage House Pvt. Ltd,Miyo Securities Pvt Ltd,100,231.4,23140.0,2025-07-30 13:33:48.900145
2025-07-30,60730,2025073001022982,CZBIL,Midas Stock Broking Company Private Limited,Miyo Securities Pvt Ltd,2000,231.4,462800.0,2025-07-30 13:33:48.900244
2025-07-30,60729,2025073001022983,CZBIL,Neev Securities Pvt. Ltd.,Miyo Securities Pvt Ltd,100,231.3,23130.0,2025-07-30 13:33:48.900344
2025-07-30,60728,2025073001022984,CZBIL,Thrive Brokerage House Pvt. Ltd,Miyo Securities Pvt Ltd,1000,231.3,231300.0,2025-07-30 13:33:48.900438
2025-07-30,60727,2025073001022985,CZBIL,Shree Krishna Securities Ltd.,Miyo Securities Pvt Ltd,150,231.0,34650.0,2025-07-30 13:33:48.900556
2025-07-30,60213,2025073001023158,CZBIL,Ashutosh Brokerage & Securities (PVT) Ltd.,Oxford Securities Pvt. Ltd.,500,232.0,116000.0,2025-07-30 13:34:43.326283
2025-07-30,57822,2025073001023878,CZBIL,Aryatara Investment & Securities,Asian Securities Private Ltd.,220,231.1,50842.0,2025-07-30 13:38:52.484809
2025-07-30,56894,2025073001024134,CZBIL,Aryatara Investment & Securities,Sani Securities Company Ltd.,780,231.1,180258.0,2025-07-30 13:40:23.367070
2025-07-30,56893,2025073001024135,CZBIL,Thrive Brokerage House Pvt. Ltd,Sani Securities Company Ltd.,704,231.1,162694.4,2025-07-30 13:40:23.367307
2025-07-30,55319,2025073001024527,CZBIL,Aryatara Investment & Securities,Sani Securities Company Ltd.,500,231.2,115600.0,2025-07-30 13:43:02.758567
2025-07-30,55318,2025073001024528,CZBIL,ABC Securities Private Limited,Sani Securities Company Ltd.,100,231.2,23120.0,2025-07-30 13:43:02.758846
2025-07-30,55317,2025073001024529,CZBIL,Thrive Brokerage House Pvt. Ltd,Sani Securities Company Ltd.,191,231.1,44140.1,2025-07-30 13:43:02.758967
2025-07-30,54700,2025073001024692,CZBIL,Ashutosh Brokerage & Securities (PVT) Ltd.,Miyo Securities Pvt Ltd,400,231.2,92480.0,2025-07-30 13:44:02.278178
2025-07-30,54699,2025073001024693,CZBIL,Premier Securities Company Ltd.,Miyo Securities Pvt Ltd,300,231.2,69360.0,2025-07-30 13:44:02.278654
2025-07-30,54208,2025073001024797,CZBIL,Malla & Malla Stock Broking Company Pvt. Limited,Miyo Securities Pvt Ltd,100,231.2,23120.0,2025-07-30 13:44:59.923943
2025-07-30,53298,2025073001024966,CZBIL,Ashutosh Brokerage & Securities (PVT) Ltd.,MILKY WAY SHARE BROKER COMPANY LTD ,200,232.0,46400.0,2025-07-30 13:46:25.651247
2025-07-30,52026,2025073001025311,CZBIL,Sharepro Securities Private Limited,Sweta Securities Private Limited,5000,233.0,1165000.0,2025-07-30 13:48:55.633208
2025-07-30,50626,2025073001025609,CZBIL,Siprabi Securities Pvt. Ltd.,Sweta Securities Private Limited,13,232.6,3023.8,2025-07-30 13:52:38.578544
2025-07-30,50624,2025073001025611,CZBIL,Siprabi Securities Pvt. Ltd.,Imperial Securities Company Pvt. Ltd.,20,232.6,4652.0,2025-07-30 13:52:38.653733
2025-07-30,50614,2025073001025615,CZBIL,Siprabi Securities Pvt. Ltd.,Linch Stock Market Ltd.,267,232.6,62104.2,2025-07-30 13:52:40.253135
2025-07-30,50587,2025073001025619,CZBIL,Nepal Stock House (PVT) Ltd.,Linch Stock Market Ltd.,334,232.6,77688.4,2025-07-30 13:52:45.490318
2025-07-30,50046,2025073001025794,CZBIL,Nepal Stock House (PVT) Ltd.,Naasa Securities Co. Ltd.,1000,233.0,233000.0,2025-07-30 13:54:00.925983
2025-07-30,49851,2025073001025853,CZBIL,Nepal Stock House (PVT) Ltd.,Asian Securities Private Ltd.,13,233.0,3029.0,2025-07-30 13:54:32.121271
2025-07-30,49492,2025073001025954,CZBIL,Nepal Stock House (PVT) Ltd.,Primo Securities (PVT) Ltd.,11,233.0,2563.0,2025-07-30 13:55:18.972580
2025-07-30,49121,2025073001026077,CZBIL,Nepal Stock House (PVT) Ltd.,Nepal Investment And Securities Trading Private Limited,11,233.0,2563.0,2025-07-30 13:55:57.417841
2025-07-30,48805,2025073001026162,CZBIL,Nepal Stock House (PVT) Ltd.,ABC Securities Private Limited,300,233.0,69900.0,2025-07-30 13:56:39.864099
2025-07-30,48640,2025073001026228,CZBIL,Nepal Stock House (PVT) Ltd.,Oxford Securities Pvt. Ltd.,500,233.0,116500.0,2025-07-30 13:57:06.255080
2025-07-30,48228,2025073001026356,CZBIL,Nepal Stock House (PVT) Ltd.,SHUBHAKAMANA SECURITIES PVT. LTD,102,233.0,23766.0,2025-07-30 13:57:55.045207
2025-07-30,47314,2025073001026602,CZBIL,Nepal Stock House (PVT) Ltd.,KALASH STOCK MARKET PVT. LTD.,63,233.0,14679.0,2025-07-30 14:00:09.194104
2025-07-30,47313,2025073001026603,CZBIL,Premier Securities Company Ltd.,KALASH STOCK MARKET PVT. LTD.,300,232.9,69870.0,2025-07-30 14:00:09.194367
2025-07-30,47312,2025073001026604,CZBIL,Primo Securities (PVT) Ltd.,KALASH STOCK MARKET PVT. LTD.,1457,232.8,339189.6,2025-07-30 14:00:09.194474
2025-07-30,46880,2025073001026698,CZBIL,Sri Hari Securities Pvt. Ltd.,Trisul Securities & Invt. Ltd.,1,229.0,229.0,2025-07-30 14:01:12.131327
2025-07-30,45324,2025073001027104,CZBIL,J.F. Securites (PVT) Ltd.,Market Securities & Exchange (PVT) Ltd.,100,233.0,23300.0,2025-07-30 14:05:12.553558
2025-07-30,44638,2025073001027266,CZBIL,J.F. Securites (PVT) Ltd.,Siprabi Securities Pvt. Ltd.,242,233.0,56386.0,2025-07-30 14:06:43.489869
2025-07-30,44431,2025073001027316,CZBIL,J.F. Securites (PVT) Ltd.,J.F. Securites (PVT) Ltd.,10,233.0,2330.0,2025-07-30 14:07:17.286250
2025-07-30,43179,2025073001027620,CZBIL,Dakshinkali Investment & Securities Pvt. Ltd.,Dynamic Money Managers Securities Pvt. Ltd.,200,233.8,46760.0,2025-07-30 14:10:13.422698
2025-07-30,42972,2025073001027667,CZBIL,J.F. Securites (PVT) Ltd.,Trisul Securities & Invt. Ltd.,13,233.0,3029.0,2025-07-30 14:10:45.888368
2025-07-30,41216,2025073001028101,CZBIL,Deevyaa Securities & Stock House Pvt. Ltd,Siprabi Securities Pvt. Ltd.,100,233.9,23390.0,2025-07-30 14:14:43.448261
2025-07-30,41119,2025073001028141,CZBIL,Sri Hari Securities Pvt. Ltd.,Sani Securities Company Ltd.,6,230.0,1380.0,2025-07-30 14:14:55.714845
2025-07-30,40933,2025073001028204,CZBIL,Vision Securities Pvt. Ltd,Siprabi Securities Pvt. Ltd.,10,233.9,2339.0,2025-07-30 14:15:26.539148
2025-07-30,39556,2025073001028556,CZBIL,Agrawal Securities (PVT) Ltd.,Premier Securities Company Ltd.,100,233.2,23320.0,2025-07-30 14:18:51.939768
2025-07-30,37854,2025073001029004,CZBIL,Thrive Brokerage House Pvt. Ltd,Dakshinkali Investment & Securities Pvt. Ltd.,160,233.1,37296.0,2025-07-30 14:22:27.282238
2025-07-30,37154,2025073001029256,CZBIL,Thrive Brokerage House Pvt. Ltd,Premier Securities Company Ltd.,40,233.1,9324.0,2025-07-30 14:23:18.136664
2025-07-30,37153,2025073001029257,CZBIL,Sani Securities Company Ltd.,Premier Securities Company Ltd.,261,233.1,60839.1,2025-07-30 14:23:18.137257
2025-07-30,37152,2025073001029258,CZBIL,Sani Securities Company Ltd.,Dakshinkali Investment & Securities Pvt. Ltd.,84,233.1,19580.4,2025-07-30 14:23:18.339220
2025-07-30,36932,2025073001029335,CZBIL,Sani Securities Company Ltd.,Dakshinkali Investment & Securities Pvt. Ltd.,500,233.1,116550.0,2025-07-30 14:23:42.879287
2025-07-30,36781,2025073001029361,CZBIL,Sani Securities Company Ltd.,Creative Securities Pvt Ltd,155,233.1,36130.5,2025-07-30 14:23:58.278576
2025-07-30,36780,2025073001029362,CZBIL,Aryatara Investment & Securities,Creative Securities Pvt Ltd,781,233.1,182051.1,2025-07-30 14:23:58.279127
2025-07-30,35762,2025073001029592,CZBIL,Aryatara Investment & Securities,Dynamic Money Managers Securities Pvt. Ltd.,13,233.1,3030.3,2025-07-30 14:25:57.323918
2025-07-30,35462,2025073001029659,CZBIL,Aryatara Investment & Securities,Kumari Securities Private Limited,39,233.2,9094.8,2025-07-30 14:26:41.251837
2025-07-30,35319,2025073001029706,CZBIL,KALASH STOCK MARKET PVT. LTD.,Sani Securities Company Ltd.,10,233.5,2335.0,2025-07-30 14:27:04.577354
2025-07-30,35271,2025073001029722,CZBIL,Aryatara Investment & Securities,Vision Securities Pvt. Ltd,149,233.2,34746.8,2025-07-30 14:27:11.358548
2025-07-30,35270,2025073001029723,CZBIL,Aryatara Investment & Securities,Vision Securities Pvt. Ltd,184,233.1,42890.4,2025-07-30 14:27:11.358848
2025-07-30,33104,2025073001030258,CZBIL,Aryatara Investment & Securities,Dakshinkali Investment & Securities Pvt. Ltd.,22,233.1,5128.2,2025-07-30 14:31:41.595621
2025-07-30,33103,2025073001030259,CZBIL,Trishakti Securities Public Limited,Dakshinkali Investment & Securities Pvt. Ltd.,1622,233.1,378088.2,2025-07-30 14:31:41.595908
2025-07-30,32357,2025073001030472,CZBIL,Sweta Securities Private Limited,Dynamic Money Managers Securities Pvt. Ltd.,1,229.0,229.0,2025-07-30 14:32:54.005775
2025-07-30,32244,2025073001030508,CZBIL,Sani Securities Company Ltd.,South Asian Bulls Pvt. Ltd.,103,233.2,24019.6,2025-07-30 14:33:11.061987
2025-07-30,32093,2025073001030545,CZBIL,Sani Securities Company Ltd.,Kumari Securities Private Limited,142,233.2,33114.4,2025-07-30 14:33:33.625704
2025-07-30,31170,2025073001030804,CZBIL,Sani Securities Company Ltd.,Premier Securities Company Ltd.,100,233.2,23320.0,2025-07-30 14:34:58.477951
2025-07-30,31014,2025073001030848,CZBIL,Premier Securities Company Ltd.,Property Wiard Limited,50,233.4,11670.0,2025-07-30 14:35:15.862568
2025-07-30,31013,2025073001030849,CZBIL,Premier Securities Company Ltd.,Secured Securities Ltd.,50,233.4,11670.0,2025-07-30 14:35:15.862873
2025-07-30,31012,2025073001030850,CZBIL,Premier Securities Company Ltd.,Sani Securities Company Ltd.,400,233.5,93400.0,2025-07-30 14:35:15.863013
2025-07-30,30611,2025073001030948,CZBIL,Sani Securities Company Ltd.,Vision Securities Pvt. Ltd,500,233.2,116600.0,2025-07-30 14:35:53.905706
2025-07-30,29209,2025073001031298,CZBIL,Sani Securities Company Ltd.,Opal Securities Investment (PVT) Ltd.,200,233.2,46640.0,2025-07-30 14:37:54.090813
2025-07-30,29005,2025073001031350,CZBIL,Linch Stock Market Ltd.,Agrawal Securities (PVT) Ltd.,100,233.3,23330.0,2025-07-30 14:38:04.393179
2025-07-30,28873,2025073001031408,CZBIL,Linch Stock Market Ltd.,Kohinoor Investment & Securities Pvt. Ltd.,400,233.4,93360.0,2025-07-30 14:38:14.478871
2025-07-30,28818,2025073001031419,CZBIL,Dipshikha Dhitopatra Karobar Co. Pvt Ltd.,Sani Securities Company Ltd.,11,233.3,2566.3,2025-07-30 14:38:19.624016
2025-07-30,28697,2025073001031449,CZBIL,Sani Securities Company Ltd.,Oxford Securities Pvt. Ltd.,455,233.2,106106.0,2025-07-30 14:38:29.547359
2025-07-30,28659,2025073001031461,CZBIL,Premier Securities Company Ltd.,Oxford Securities Pvt. Ltd.,45,233.2,10494.0,2025-07-30 14:38:33.825441
2025-07-30,28658,2025073001031462,CZBIL,Premier Securities Company Ltd.,Sani Securities Company Ltd.,33,233.2,7695.6,2025-07-30 14:38:33.825750
2025-07-30,28239,2025073001031575,CZBIL,Trishakti Securities Public Limited,Linch Stock Market Ltd.,1378,233.1,321211.8,2025-07-30 14:38:59.016050
2025-07-30,28238,2025073001031576,CZBIL,J.F. Securites (PVT) Ltd.,Linch Stock Market Ltd.,35,233.0,8155.0,2025-07-30 14:38:59.016592
2025-07-30,28237,2025073001031577,CZBIL,Trisul Securities & Invt. Ltd.,Linch Stock Market Ltd.,3500,233.0,815500.0,2025-07-30 14:38:59.016967
2025-07-30,28236,2025073001031578,CZBIL,Siprabi Securities Pvt. Ltd.,Linch Stock Market Ltd.,27,233.0,6291.0,2025-07-30 14:38:59.017339
2025-07-30,28235,2025073001031579,CZBIL,Thrive Brokerage House Pvt. Ltd,Linch Stock Market Ltd.,60,233.0,13980.0,2025-07-30 14:38:59.017699
2025-07-30,27979,2025073001031631,CZBIL,Thrive Brokerage House Pvt. Ltd,Sani Securities Company Ltd.,46,233.0,10718.0,2025-07-30 14:39:15.119383
2025-07-30,27372,2025073001031733,CZBIL,Thrive Brokerage House Pvt. Ltd,Kumari Securities Private Limited,39,233.0,9087.0,2025-07-30 14:39:50.699585
2025-07-30,26485,2025073001031920,CZBIL,Oxford Securities Pvt. Ltd.,Kohinoor Investment & Securities Pvt. Ltd.,60,233.4,14004.0,2025-07-30 14:40:43.599827
2025-07-30,26155,2025073001032018,CZBIL,Sani Securities Company Ltd.,Dakshinkali Investment & Securities Pvt. Ltd.,1000,233.1,233100.0,2025-07-30 14:41:03.776043
2025-07-30,25162,2025073001032193,CZBIL,Thrive Brokerage House Pvt. Ltd,Thrive Brokerage House Pvt. Ltd,100,233.3,23330.0,2025-07-30 14:41:56.736442
2025-07-30,25161,2025073001032194,CZBIL,Thrive Brokerage House Pvt. Ltd,Kohinoor Investment & Securities Pvt. Ltd.,60,233.4,14004.0,2025-07-30 14:41:56.736730
2025-07-30,25160,2025073001032195,CZBIL,Thrive Brokerage House Pvt. Ltd,SUN SECURITIES PVT LTD,195,233.4,45513.0,2025-07-30 14:41:56.736869
2025-07-30,24921,2025073001032241,CZBIL,Nepal Investment And Securities Trading Private Limited,Kumari Securities Private Limited,39,233.0,9087.0,2025-07-30 14:42:10.438213
2025-07-30,24051,2025073001032432,CZBIL,Nepal Investment And Securities Trading Private Limited,Premier Securities Company Ltd.,61,233.0,14213.0,2025-07-30 14:42:59.367982
2025-07-30,24050,2025073001032433,CZBIL,Property Wiard Limited,Premier Securities Company Ltd.,55,232.9,12809.5,2025-07-30 14:42:59.368317
2025-07-30,21434,2025073001033272,CZBIL,Property Wiard Limited,Opal Securities Investment (PVT) Ltd.,45,232.9,10480.5,2025-07-30 14:45:23.712313
2025-07-30,21433,2025073001033273,CZBIL,Primo Securities (PVT) Ltd.,Opal Securities Investment (PVT) Ltd.,55,232.8,12804.0,2025-07-30 14:45:23.712362
2025-07-30,21023,2025073001033416,CZBIL,Primo Securities (PVT) Ltd.,Capital Max Securities Ltd,108,232.8,25142.4,2025-07-30 14:45:57.420735
2025-07-30,20840,2025073001033474,CZBIL,Premier Securities Company Ltd.,Dipshikha Dhitopatra Karobar Co. Pvt Ltd.,20,232.9,4658.0,2025-07-30 14:46:11.203700
2025-07-30,20839,2025073001033475,CZBIL,Primo Securities (PVT) Ltd.,Dipshikha Dhitopatra Karobar Co. Pvt Ltd.,430,232.8,100104.0,2025-07-30 14:46:11.203983
2025-07-30,20081,2025073001033723,CZBIL,Primo Securities (PVT) Ltd.,Sundhara Securities Limited,500,232.8,116400.0,2025-07-30 14:47:06.969930
2025-07-30,18880,2025073001034041,CZBIL,Sani Securities Company Ltd.,Aryatara Investment & Securities,200,232.9,46580.0,2025-07-30 14:48:29.590131
2025-07-30,18588,2025073001034112,CZBIL,Primo Securities (PVT) Ltd.,SUN SECURITIES PVT LTD,549,232.8,127807.2,2025-07-30 14:48:55.012415
2025-07-30,18093,2025073001034264,CZBIL,Primo Securities (PVT) Ltd.,Global IME Securities Limited,1500,232.8,349200.0,2025-07-30 14:49:22.814173
2025-07-30,17759,2025073001034336,CZBIL,Primo Securities (PVT) Ltd.,Global IME Securities Limited,401,232.8,93352.8,2025-07-30 14:49:38.473571
2025-07-30,17758,2025073001034337,CZBIL,Nepal Stock House (PVT) Ltd.,Global IME Securities Limited,1099,232.7,255737.3,2025-07-30 14:49:38.473855
2025-07-30,17730,2025073001034341,CZBIL,Nepal Stock House (PVT) Ltd.,Shree Krishna Securities Ltd.,2500,232.7,581750.0,2025-07-30 14:49:40.079858
2025-07-30,17496,2025073001034401,CZBIL,Nepal Stock House (PVT) Ltd.,Global IME Securities Limited,1067,232.7,248290.9,2025-07-30 14:49:52.675651
2025-07-30,17495,2025073001034402,CZBIL,Sharepro Securities Private Limited,Global IME Securities Limited,203,232.7,47238.1,2025-07-30 14:49:52.675949
2025-07-30,16601,2025073001034605,CZBIL,Sharepro Securities Private Limited,J.F. Securites (PVT) Ltd.,100,232.7,23270.0,2025-07-30 14:50:45.067379
2025-07-30,16166,2025073001034753,CZBIL,Sharepro Securities Private Limited,Hatemalo Financial Services Private Limited,500,232.7,116350.0,2025-07-30 14:51:03.350044
2025-07-30,15824,2025073001034843,CZBIL,Sharepro Securities Private Limited,Dipshikha Dhitopatra Karobar Co. Pvt Ltd.,1197,232.7,278541.9,2025-07-30 14:51:18.144882
2025-07-30,15516,2025073001034943,CZBIL,Bhrikuti Stock Broking Co. Pvt. Ltd.,Hatemalo Financial Services Private Limited,529,232.5,122992.5,2025-07-30 14:51:34.753778
2025-07-30,15099,2025073001035042,CZBIL,Bhrikuti Stock Broking Co. Pvt. Ltd.,Neev Securities Pvt. Ltd.,656,232.5,152520.0,2025-07-30 14:51:53.053341
2025-07-30,14871,2025073001035077,CZBIL,Bhrikuti Stock Broking Co. Pvt. Ltd.,Dakshinkali Investment & Securities Pvt. Ltd.,815,232.5,189487.5,2025-07-30 14:52:01.424724
2025-07-30,14618,2025073001035153,CZBIL,Imperial Securities Company Pvt. Ltd.,Nagarik Stock Dealer ,100,232.2,23220.0,2025-07-30 14:52:11.437168
2025-07-30,14617,2025073001035154,CZBIL,Kumari Securities Private Limited,Nagarik Stock Dealer ,314,232.2,72910.8,2025-07-30 14:52:11.437220
2025-07-30,12681,2025073001035649,CZBIL,Kumari Securities Private Limited,Dipshikha Dhitopatra Karobar Co. Pvt Ltd.,186,232.2,43189.2,2025-07-30 14:53:32.955409
2025-07-30,12680,2025073001035650,CZBIL,Sundhara Securities Limited,Dipshikha Dhitopatra Karobar Co. Pvt Ltd.,200,232.0,46400.0,2025-07-30 14:53:32.955482
2025-07-30,12679,2025073001035651,CZBIL,Dynamic Money Managers Securities Pvt. Ltd.,Dipshikha Dhitopatra Karobar Co. Pvt Ltd.,1000,232.0,232000.0,2025-07-30 14:53:32.955523
2025-07-30,12678,2025073001035652,CZBIL,Siprabi Securities Pvt. Ltd.,Dipshikha Dhitopatra Karobar Co. Pvt Ltd.,30,232.0,6960.0,2025-07-30 14:53:32.955578
2025-07-30,12677,2025073001035653,CZBIL,Premier Securities Company Ltd.,Dipshikha Dhitopatra Karobar Co. Pvt Ltd.,500,232.0,116000.0,2025-07-30 14:53:32.955600
2025-07-30,12676,2025073001035654,CZBIL,Imperial Securities Company Pvt. Ltd.,Dipshikha Dhitopatra Karobar Co. Pvt Ltd.,50,232.0,11600.0,2025-07-30 14:53:32.955639
2025-07-30,12675,2025073001035655,CZBIL,Sweta Securities Private Limited,Dipshikha Dhitopatra Karobar Co. Pvt Ltd.,15,232.0,3480.0,2025-07-30 14:53:32.955662
2025-07-30,12674,2025073001035656,CZBIL,Kumari Securities Private Limited,Dipshikha Dhitopatra Karobar Co. Pvt Ltd.,500,231.5,115750.0,2025-07-30 14:53:32.955687
2025-07-30,12673,2025073001035657,CZBIL,Malla & Malla Stock Broking Company Pvt. Limited,Dipshikha Dhitopatra Karobar Co. Pvt Ltd.,200,231.5,46300.0,2025-07-30 14:53:32.955713
2025-07-30,12672,2025073001035658,CZBIL,Sani Securities Company Ltd.,Dipshikha Dhitopatra Karobar Co. Pvt Ltd.,232,231.2,53638.4,2025-07-30 14:53:32.955737
2025-07-30,12181,2025073001035808,CZBIL,Sagarmatha Securities Private Limited,Sagarmatha Securities Private Limited,4,235.0,940.0,2025-07-30 14:53:49.050414
2025-07-30,12008,2025073001035854,CZBIL,Sani Securities Company Ltd.,Dipshikha Dhitopatra Karobar Co. Pvt Ltd.,300,231.2,69360.0,2025-07-30 14:53:55.006804
2025-07-30,10417,2025073001036241,CZBIL,Sani Securities Company Ltd.,Trishakti Securities Public Limited,468,231.2,108201.6,2025-07-30 14:54:52.284285
2025-07-30,10416,2025073001036242,CZBIL,Cristal Kanchanjanga Securites Pvt. Ltd.,Trishakti Securities Public Limited,130,231.2,30056.0,2025-07-30 14:54:52.284522
2025-07-30,10415,2025073001036243,CZBIL,Thrive Brokerage House Pvt. Ltd,Trishakti Securities Public Limited,402,231.1,92902.2,2025-07-30 14:54:52.284634
2025-07-30,8390,2025073001036739,CZBIL,ABC Securities Private Limited,Naasa Securities Co. Ltd.,10,231.8,2318.0,2025-07-30 14:56:16.888623
2025-07-30,8389,2025073001036740,CZBIL,ABC Securities Private Limited,Oxford Securities Pvt. Ltd.,24,231.9,5565.6,2025-07-30 14:56:16.888912
2025-07-30,7616,2025073001036941,CZBIL,Thrive Brokerage House Pvt. Ltd,Dipshikha Dhitopatra Karobar Co. Pvt Ltd.,357,231.1,82502.7,2025-07-30 14:56:44.462985
2025-07-30,7213,2025073001037030,CZBIL,Nepal Stock House (PVT) Ltd.,Trishakti Securities Public Limited,500,231.8,115900.0,2025-07-30 14:56:57.709411
2025-07-30,7212,2025073001037031,CZBIL,Nepal Stock House (PVT) Ltd.,Oxford Securities Pvt. Ltd.,406,231.9,94151.4,2025-07-30 14:56:57.709931
2025-07-30,7211,2025073001037032,CZBIL,Nepal Stock House (PVT) Ltd.,Global IME Securities Limited,800,232.0,185600.0,2025-07-30 14:56:57.710532
2025-07-30,7210,2025073001037033,CZBIL,Nepal Stock House (PVT) Ltd.,Dipshikha Dhitopatra Karobar Co. Pvt Ltd.,104,232.0,24128.0,2025-07-30 14:56:57.711087
2025-07-30,7209,2025073001037034,CZBIL,Nepal Stock House (PVT) Ltd.,Dipshikha Dhitopatra Karobar Co. Pvt Ltd.,186,232.2,43189.2,2025-07-30 14:56:57.711643
2025-07-30,7208,2025073001037035,CZBIL,Nepal Stock House (PVT) Ltd.,Aryatara Investment & Securities,500,232.2,116100.0,2025-07-30 14:56:57.712209
2025-07-30,7207,2025073001037036,CZBIL,Nepal Stock House (PVT) Ltd.,Dakshinkali Investment & Securities Pvt. Ltd.,185,232.5,43012.5,2025-07-30 14:56:57.712741
2025-07-30,7206,2025073001037037,CZBIL,Nepal Stock House (PVT) Ltd.,Asian Securities Private Ltd.,17,233.0,3961.0,2025-07-30 14:56:57.713309
2025-07-30,7055,2025073001037071,CZBIL,Nepal Stock House (PVT) Ltd.,Thrive Brokerage House Pvt. Ltd,100,233.0,23300.0,2025-07-30 14:57:03.559035
2025-07-30,6530,2025073001037187,CZBIL,Nepal Stock House (PVT) Ltd.,Kohinoor Investment & Securities Pvt. Ltd.,250,233.0,58250.0,2025-07-30 14:57:20.892193
2025-07-30,6187,2025073001037260,CZBIL,Nepal Stock House (PVT) Ltd.,Online Securities Pvt. Ltd.,952,233.0,221816.0,2025-07-30 14:57:29.661514
2025-07-30,5285,2025073001037525,CZBIL,Infinity Securities Limited,Oxford Securities Pvt. Ltd.,500,232.8,116400.0,2025-07-30 14:57:57.756400
2025-07-30,2579,2025073001038257,CZBIL,Thrive Brokerage House Pvt. Ltd,Oxford Securities Pvt. Ltd.,100,231.1,23110.0,2025-07-30 14:59:09.891794
2025-07-30,2554,2025073001038259,CZBIL,Thrive Brokerage House Pvt. Ltd,Swarna Laxmi Securities Pvt. Ltd.,13,231.1,3004.3,2025-07-30 14:59:10.276433
2025-07-30,1628,2025073001038488,CZBIL,Sani Securities Company Ltd.,Aryatara Investment & Securities,500,232.5,116250.0,2025-07-30 14:59:30.086019
2025-07-30,1627,2025073001038489,CZBIL,Sani Securities Company Ltd.,Dipshikha Dhitopatra Karobar Co. Pvt Ltd.,500,232.5,116250.0,2025-07-30 14:59:30.086078
2025-07-30,1214,2025073001038589,CZBIL,Sani Securities Company Ltd.,Dipshikha Dhitopatra Karobar Co. Pvt Ltd.,20,232.5,4650.0,2025-07-30 14:59:38.758334
2025-07-30,1213,2025073001038590,CZBIL,Sani Securities Company Ltd.,Online Securities Pvt. Ltd.,980,232.8,228144.0,2025-07-30 14:59:38.758382
2025-07-30,1120,2025073001038614,CZBIL,Asian Securities Private Ltd.,Linch Stock Market Ltd.,200,231.1,46220.0,2025-07-30 14:59:40.411306
2025-07-30,1119,2025073001038615,CZBIL,Primo Securities (PVT) Ltd.,Linch Stock Market Ltd.,1000,231.1,231100.0,2025-07-30 14:59:40.411554
2025-07-30,1118,2025073001038616,CZBIL,Trisul Securities & Invt. Ltd.,Linch Stock Market Ltd.,200,231.1,46220.0,2025-07-30 14:59:40.411667
2025-07-30,1117,2025073001038617,CZBIL,Shree Krishna Securities Ltd.,Linch Stock Market Ltd.,50,231.0,11550.0,2025-07-30 14:59:40.411775
2025-07-30,1116,2025073001038618,CZBIL,Dynamic Money Managers Securities Pvt. Ltd.,Linch Stock Market Ltd.,450,231.0,103950.0,2025-07-30 14:59:40.411882
