Date,S.N.,Contract ID,Symbol,Buyer Broker,Seller Broker,volume,rate,amount,transaction_time
2025-07-30,141445,2025073004000019,GLH,Midas Stock Broking Company Private Limited,Bhrikuti Stock Broking Co. Pvt. Ltd.,10,301.9,3019.0,2025-07-30 10:46:00.065442
2025-07-30,140936,2025073004000091,GLH,Online Securities Pvt. Ltd.,Online Securities Pvt. Ltd.,20,295.9,5918.0,2025-07-30 11:01:56.726530
2025-07-30,140913,2025073004000097,GLH,Naasa Securities Co. Ltd.,Online Securities Pvt. Ltd.,80,295.9,23672.0,2025-07-30 11:02:01.453364
2025-07-30,140912,2025073004000098,GLH,Naasa Securities Co. Ltd.,Imperial Securities Company Pvt. Ltd.,100,296.0,29600.0,2025-07-30 11:02:01.453418
2025-07-30,140911,2025073004000099,GLH,Naasa Securities Co. Ltd.,Dynamic Money Managers Securities Pvt. Ltd.,170,298.0,50660.0,2025-07-30 11:02:01.453442
2025-07-30,140638,2025073004000150,GLH,Naasa Securities Co. Ltd.,Dynamic Money Managers Securities Pvt. Ltd.,330,298.0,98340.0,2025-07-30 11:02:42.374152
2025-07-30,140174,2025073004000241,GLH,Naasa Securities Co. Ltd.,Online Securities Pvt. Ltd.,20,298.0,5960.0,2025-07-30 11:03:37.994294
2025-07-30,139682,2025073004000358,GLH,Sweta Securities Private Limited,Online Securities Pvt. Ltd.,80,294.2,23536.0,2025-07-30 11:04:45.225756
2025-07-30,139467,2025073004000388,GLH,Secured Securities Ltd.,Bhrikuti Stock Broking Co. Pvt. Ltd.,290,299.0,86710.0,2025-07-30 11:05:14.000738
2025-07-30,139466,2025073004000389,GLH,Secured Securities Ltd.,Imperial Securities Company Pvt. Ltd.,40,299.0,11960.0,2025-07-30 11:05:14.000950
2025-07-30,139465,2025073004000390,GLH,Secured Securities Ltd.,Primo Securities (PVT) Ltd.,250,299.0,74750.0,2025-07-30 11:05:14.001066
2025-07-30,139464,2025073004000391,GLH,Secured Securities Ltd.,Stoxkarts Securities Limited,120,299.0,35880.0,2025-07-30 11:05:14.001204
2025-07-30,139400,2025073004000401,GLH,Secured Securities Ltd.,Sharepro Securities Private Limited,1300,299.0,388700.0,2025-07-30 11:05:24.139620
2025-07-30,139374,2025073004000406,GLH,Vision Securities Pvt. Ltd,Deevyaa Securities & Stock House Pvt. Ltd,10,295.0,2950.0,2025-07-30 11:05:29.327401
2025-07-30,139371,2025073004000408,GLH,Siprabi Securities Pvt. Ltd.,Kohinoor Investment & Securities Pvt. Ltd.,15,299.0,4485.0,2025-07-30 11:05:30.165821
2025-07-30,137862,2025073004000710,GLH,Nepal Stock House (PVT) Ltd.,Kohinoor Investment & Securities Pvt. Ltd.,323,299.0,96577.0,2025-07-30 11:08:34.710048
2025-07-30,137861,2025073004000711,GLH,Nepal Stock House (PVT) Ltd.,Dipshikha Dhitopatra Karobar Co. Pvt Ltd.,30,299.0,8970.0,2025-07-30 11:08:34.710156
2025-07-30,137693,2025073004000739,GLH,Sweta Securities Private Limited,Trisul Securities & Invt. Ltd.,10,296.2,2962.0,2025-07-30 11:08:47.322472
2025-07-30,137593,2025073004000755,GLH,Sweta Securities Private Limited,Imperial Securities Company Pvt. Ltd.,10,296.2,2962.0,2025-07-30 11:09:00.906640
2025-07-30,137578,2025073004000757,GLH,Sweta Securities Private Limited,Nepal Stock House (PVT) Ltd.,20,299.0,5980.0,2025-07-30 11:09:02.498126
2025-07-30,137345,2025073004000791,GLH,Sweta Securities Private Limited,Online Securities Pvt. Ltd.,80,296.2,23696.0,2025-07-30 11:09:30.396032
2025-07-30,137009,2025073004000847,GLH,Trisul Securities & Invt. Ltd.,Imperial Securities Company Pvt. Ltd.,20,296.1,5922.0,2025-07-30 11:10:07.918471
2025-07-30,136947,2025073004000861,GLH,Trisul Securities & Invt. Ltd.,Online Securities Pvt. Ltd.,20,296.2,5924.0,2025-07-30 11:10:13.400543
2025-07-30,136152,2025073004001074,GLH,Sweta Securities Private Limited,Naasa Securities Co. Ltd.,100,296.2,29620.0,2025-07-30 11:11:45.645631
2025-07-30,136151,2025073004001075,GLH,Trisul Securities & Invt. Ltd.,Naasa Securities Co. Ltd.,28,296.1,8290.8,2025-07-30 11:11:45.645786
2025-07-30,134417,2025073004001498,GLH,Sweta Securities Private Limited,Nepal Stock House (PVT) Ltd.,10,299.0,2990.0,2025-07-30 11:14:24.921577
2025-07-30,133778,2025073004001633,GLH,Nepal Stock House (PVT) Ltd.,Imperial Securities Company Pvt. Ltd.,100,296.5,29650.0,2025-07-30 11:15:21.823643
2025-07-30,133246,2025073004001747,GLH,Nepal Stock House (PVT) Ltd.,Sumeru Securities Pvt. Ltd.,1000,296.5,296500.0,2025-07-30 11:16:07.190995
2025-07-30,132939,2025073004001814,GLH,Nepal Stock House (PVT) Ltd.,Sweta Securities Private Limited,600,296.5,177900.0,2025-07-30 11:16:29.402697
2025-07-30,132638,2025073004001891,GLH,Trisul Securities & Invt. Ltd.,Nepal Stock House (PVT) Ltd.,152,296.1,45007.2,2025-07-30 11:16:56.600105
2025-07-30,132637,2025073004001892,GLH,Vision Securities Pvt. Ltd,Nepal Stock House (PVT) Ltd.,18,296.0,5328.0,2025-07-30 11:16:56.600257
2025-07-30,132485,2025073004001936,GLH,Vision Securities Pvt. Ltd,Naasa Securities Co. Ltd.,10,296.0,2960.0,2025-07-30 11:17:09.719822
2025-07-30,132318,2025073004001974,GLH,Vision Securities Pvt. Ltd,Sewa Securities Pvt. Ltd.,300,296.0,88800.0,2025-07-30 11:17:24.537525
2025-07-30,131868,2025073004002134,GLH,Nepal Stock House (PVT) Ltd.,Imperial Securities Company Pvt. Ltd.,200,296.0,59200.0,2025-07-30 11:18:07.088626
2025-07-30,131867,2025073004002135,GLH,Imperial Securities Company Pvt. Ltd.,Sani Securities Company Ltd.,110,295.1,32461.0,2025-07-30 11:18:07.261102
2025-07-30,131866,2025073004002136,GLH,Sani Securities Company Ltd.,Sani Securities Company Ltd.,50,295.1,14755.0,2025-07-30 11:18:07.261247
2025-07-30,131865,2025073004002137,GLH,Premier Securities Company Ltd.,Sani Securities Company Ltd.,40,295.1,11804.0,2025-07-30 11:18:07.311581
2025-07-30,131452,2025073004002240,GLH,Linch Stock Market Ltd.,Midas Stock Broking Company Private Limited,10,294.3,2943.0,2025-07-30 11:18:51.565891
2025-07-30,131197,2025073004002304,GLH,Linch Stock Market Ltd.,Sani Securities Company Ltd.,190,294.3,55917.0,2025-07-30 11:19:17.400824
2025-07-30,131105,2025073004002322,GLH,Naasa Securities Co. Ltd.,Sani Securities Company Ltd.,110,294.3,32373.0,2025-07-30 11:19:28.995366
2025-07-30,131104,2025073004002323,GLH,Naasa Securities Co. Ltd.,South Asian Bulls Pvt. Ltd.,300,296.0,88800.0,2025-07-30 11:19:28.995644
2025-07-30,131079,2025073004002328,GLH,Naasa Securities Co. Ltd.,Naasa Securities Co. Ltd.,60,296.0,17760.0,2025-07-30 11:19:31.943966
2025-07-30,130934,2025073004002371,GLH,Naasa Securities Co. Ltd.,Naasa Securities Co. Ltd.,30,296.0,8880.0,2025-07-30 11:19:45.738866
2025-07-30,130933,2025073004002372,GLH,Linch Stock Market Ltd.,Naasa Securities Co. Ltd.,20,294.1,5882.0,2025-07-30 11:19:45.739035
2025-07-30,130703,2025073004002426,GLH,Linch Stock Market Ltd.,Imperial Securities Company Pvt. Ltd.,10,294.1,2941.0,2025-07-30 11:20:14.302725
2025-07-30,130477,2025073004002467,GLH,Linch Stock Market Ltd.,Vision Securities Pvt. Ltd,470,294.1,138227.0,2025-07-30 11:20:43.388722
2025-07-30,130345,2025073004002498,GLH,Naasa Securities Co. Ltd.,Sweta Securities Private Limited,10,295.0,2950.0,2025-07-30 11:21:03.520428
2025-07-30,130344,2025073004002499,GLH,Naasa Securities Co. Ltd.,Agrawal Securities (PVT) Ltd.,100,296.0,29600.0,2025-07-30 11:21:03.520590
2025-07-30,130000,2025073004002580,GLH,Naasa Securities Co. Ltd.,Sweta Securities Private Limited,390,296.0,115440.0,2025-07-30 11:21:50.020960
2025-07-30,128670,2025073004002904,GLH,Vision Securities Pvt. Ltd,Naasa Securities Co. Ltd.,2,296.0,592.0,2025-07-30 11:23:57.201386
2025-07-30,128516,2025073004002930,GLH,Sundhara Securities Limited,Sweta Securities Private Limited,200,296.0,59200.0,2025-07-30 11:24:13.988114
2025-07-30,128494,2025073004002939,GLH,Kalika Securities Pvt. Ltd.,Sweta Securities Private Limited,900,296.0,266400.0,2025-07-30 11:24:17.069154
2025-07-30,127696,2025073004003131,GLH,Nepal Stock House (PVT) Ltd.,Sweta Securities Private Limited,910,296.0,269360.0,2025-07-30 11:25:41.185883
2025-07-30,126238,2025073004003483,GLH,Sani Securities Company Ltd.,Cristal Kanchanjanga Securites Pvt. Ltd.,10,298.0,2980.0,2025-07-30 11:28:22.303713
2025-07-30,124014,2025073004003993,GLH,Market Securities & Exchange (PVT) Ltd.,Vision Securities Pvt. Ltd,455,296.0,134680.0,2025-07-30 11:32:36.803793
2025-07-30,123895,2025073004004023,GLH,Primo Securities (PVT) Ltd.,Kumari Securities Private Limited,50,295.5,14775.0,2025-07-30 11:32:52.584377
2025-07-30,123580,2025073004004084,GLH,Primo Securities (PVT) Ltd.,Citizens Share Broker Limited,50,295.5,14775.0,2025-07-30 11:33:29.362835
2025-07-30,123579,2025073004004085,GLH,Sweta Securities Private Limited,Citizens Share Broker Limited,100,295.4,29540.0,2025-07-30 11:33:29.362937
2025-07-30,123578,2025073004004086,GLH,Dipshikha Dhitopatra Karobar Co. Pvt Ltd.,Citizens Share Broker Limited,350,295.4,103390.0,2025-07-30 11:33:29.363020
2025-07-30,123499,2025073004004111,GLH,Dipshikha Dhitopatra Karobar Co. Pvt Ltd.,Deevyaa Securities & Stock House Pvt. Ltd,10,295.4,2954.0,2025-07-30 11:33:40.750431
2025-07-30,122996,2025073004004233,GLH,Sundhara Securities Limited,Nepal Stock House (PVT) Ltd.,196,297.6,58329.6,2025-07-30 11:34:51.463556
2025-07-30,122710,2025073004004308,GLH,Imperial Securities Company Pvt. Ltd.,Aryatara Investment & Securities,10,297.9,2979.0,2025-07-30 11:35:32.391263
2025-07-30,122623,2025073004004329,GLH,Dipshikha Dhitopatra Karobar Co. Pvt Ltd.,ABC Securities Private Limited,500,295.3,147650.0,2025-07-30 11:35:51.480730
2025-07-30,122391,2025073004004378,GLH,Dipshikha Dhitopatra Karobar Co. Pvt Ltd.,Dipshikha Dhitopatra Karobar Co. Pvt Ltd.,10,295.3,2953.0,2025-07-30 11:36:28.076187
2025-07-30,122032,2025073004004455,GLH,Dipshikha Dhitopatra Karobar Co. Pvt Ltd.,Naasa Securities Co. Ltd.,50,295.3,14765.0,2025-07-30 11:37:22.339062
2025-07-30,120919,2025073004004744,GLH,Siprabi Securities Pvt. Ltd.,K.B.L. Securities Limited ,10,296.0,2960.0,2025-07-30 11:39:38.278581
2025-07-30,120899,2025073004004746,GLH,Siprabi Securities Pvt. Ltd.,Deevyaa Securities & Stock House Pvt. Ltd,10,296.0,2960.0,2025-07-30 11:39:40.216143
2025-07-30,120878,2025073004004749,GLH,Siprabi Securities Pvt. Ltd.,Primo Securities (PVT) Ltd.,10,296.0,2960.0,2025-07-30 11:39:42.525855
2025-07-30,120608,2025073004004806,GLH,Siprabi Securities Pvt. Ltd.,Asian Securities Private Ltd.,10,296.0,2960.0,2025-07-30 11:40:19.426735
2025-07-30,120287,2025073004004876,GLH,Siprabi Securities Pvt. Ltd.,Aryatara Investment & Securities,500,296.0,148000.0,2025-07-30 11:41:05.207615
2025-07-30,120160,2025073004004908,GLH,Siprabi Securities Pvt. Ltd.,Linch Stock Market Ltd.,10,296.0,2960.0,2025-07-30 11:41:18.470682
2025-07-30,120154,2025073004004911,GLH,Siprabi Securities Pvt. Ltd.,Cristal Kanchanjanga Securites Pvt. Ltd.,1000,296.0,296000.0,2025-07-30 11:41:18.793968
2025-07-30,120151,2025073004004914,GLH,Naasa Securities Co. Ltd.,Aryatara Investment & Securities,395,296.7,117196.5,2025-07-30 11:41:19.013441
2025-07-30,119867,2025073004004975,GLH,Siprabi Securities Pvt. Ltd.,Premier Securities Company Ltd.,130,296.0,38480.0,2025-07-30 11:41:44.717645
2025-07-30,119590,2025073004005071,GLH,BHOLE GANESH SECURITIES LTD,Sumeru Securities Pvt. Ltd.,10,295.2,2952.0,2025-07-30 11:42:21.116155
2025-07-30,119399,2025073004005106,GLH,BHOLE GANESH SECURITIES LTD,Sumeru Securities Pvt. Ltd.,10,295.2,2952.0,2025-07-30 11:42:42.450449
2025-07-30,119121,2025073004005161,GLH,Deevyaa Securities & Stock House Pvt. Ltd,Aryatara Investment & Securities,95,295.9,28110.5,2025-07-30 11:43:21.338474
2025-07-30,119120,2025073004005162,GLH,Deevyaa Securities & Stock House Pvt. Ltd,Premier Securities Company Ltd.,150,296.0,44400.0,2025-07-30 11:43:21.338709
2025-07-30,119119,2025073004005163,GLH,Deevyaa Securities & Stock House Pvt. Ltd,Dynamic Money Managers Securities Pvt. Ltd.,100,296.0,29600.0,2025-07-30 11:43:21.338801
2025-07-30,119118,2025073004005164,GLH,Deevyaa Securities & Stock House Pvt. Ltd,ABC Securities Private Limited,155,296.8,46004.0,2025-07-30 11:43:21.338888
2025-07-30,118934,2025073004005197,GLH,BHOLE GANESH SECURITIES LTD,Dipshikha Dhitopatra Karobar Co. Pvt Ltd.,300,295.2,88560.0,2025-07-30 11:43:46.924450
2025-07-30,118630,2025073004005254,GLH,BHOLE GANESH SECURITIES LTD,Sumeru Securities Pvt. Ltd.,10,295.2,2952.0,2025-07-30 11:44:33.760139
2025-07-30,118494,2025073004005292,GLH,BHOLE GANESH SECURITIES LTD,Sweta Securities Private Limited,1500,295.2,442800.0,2025-07-30 11:44:50.605642
2025-07-30,118418,2025073004005307,GLH,BHOLE GANESH SECURITIES LTD,Sumeru Securities Pvt. Ltd.,10,295.2,2952.0,2025-07-30 11:44:58.483997
2025-07-30,118081,2025073004005406,GLH,BHOLE GANESH SECURITIES LTD,Sumeru Securities Pvt. Ltd.,10,295.2,2952.0,2025-07-30 11:45:48.269276
2025-07-30,117336,2025073004005636,GLH,BHOLE GANESH SECURITIES LTD,Secured Securities Ltd.,10,295.2,2952.0,2025-07-30 11:47:15.230292
2025-07-30,116681,2025073004005811,GLH,Dipshikha Dhitopatra Karobar Co. Pvt Ltd.,Deevyaa Securities & Stock House Pvt. Ltd,40,295.3,11812.0,2025-07-30 11:48:45.015817
2025-07-30,116680,2025073004005812,GLH,Online Securities Pvt. Ltd.,Deevyaa Securities & Stock House Pvt. Ltd,200,295.3,59060.0,2025-07-30 11:48:45.016031
2025-07-30,116679,2025073004005813,GLH,BHOLE GANESH SECURITIES LTD,Deevyaa Securities & Stock House Pvt. Ltd,140,295.2,41328.0,2025-07-30 11:48:45.016129
2025-07-30,116678,2025073004005814,GLH,Deevyaa Securities & Stock House Pvt. Ltd,Deevyaa Securities & Stock House Pvt. Ltd,50,295.2,14760.0,2025-07-30 11:48:45.016217
2025-07-30,116677,2025073004005815,GLH,ABC Securities Private Limited,Deevyaa Securities & Stock House Pvt. Ltd,399,295.2,117784.8,2025-07-30 11:48:45.016308
2025-07-30,116676,2025073004005816,GLH,Sweta Securities Private Limited,Deevyaa Securities & Stock House Pvt. Ltd,40,295.1,11804.0,2025-07-30 11:48:45.016426
2025-07-30,116675,2025073004005817,GLH,Trisul Securities & Invt. Ltd.,Deevyaa Securities & Stock House Pvt. Ltd,20,295.1,5902.0,2025-07-30 11:48:45.016515
2025-07-30,116674,2025073004005818,GLH,Aryatara Investment & Securities,Deevyaa Securities & Stock House Pvt. Ltd,100,295.1,29510.0,2025-07-30 11:48:45.016602
2025-07-30,116673,2025073004005819,GLH,Secured Securities Ltd.,Deevyaa Securities & Stock House Pvt. Ltd,1511,295.0,445745.0,2025-07-30 11:48:45.016695
2025-07-30,116442,2025073004005894,GLH,Secured Securities Ltd.,Sweta Securities Private Limited,200,295.0,59000.0,2025-07-30 11:49:19.328519
2025-07-30,116369,2025073004005913,GLH,Secured Securities Ltd.,Dakshinkali Investment & Securities Pvt. Ltd.,10,295.0,2950.0,2025-07-30 11:49:33.124536
2025-07-30,116062,2025073004005974,GLH,Online Securities Pvt. Ltd.,Opal Securities Investment (PVT) Ltd.,10,296.0,2960.0,2025-07-30 11:50:20.402401
2025-07-30,116061,2025073004005975,GLH,Online Securities Pvt. Ltd.,Trisul Securities & Invt. Ltd.,10,296.0,2960.0,2025-07-30 11:50:20.402643
2025-07-30,116060,2025073004005976,GLH,Online Securities Pvt. Ltd.,Aryatara Investment & Securities,10,296.0,2960.0,2025-07-30 11:50:20.402739
2025-07-30,116059,2025073004005977,GLH,Online Securities Pvt. Ltd.,Dipshikha Dhitopatra Karobar Co. Pvt Ltd.,10,296.0,2960.0,2025-07-30 11:50:20.402833
2025-07-30,115791,2025073004006050,GLH,Secured Securities Ltd.,Naasa Securities Co. Ltd.,279,295.0,82305.0,2025-07-30 11:50:53.346046
2025-07-30,115790,2025073004006051,GLH,Vision Securities Pvt. Ltd,Naasa Securities Co. Ltd.,911,295.0,268745.0,2025-07-30 11:50:53.346327
2025-07-30,115789,2025073004006052,GLH,Vision Securities Pvt. Ltd,Deevyaa Securities & Stock House Pvt. Ltd,89,295.0,26255.0,2025-07-30 11:50:53.375192
2025-07-30,115494,2025073004006134,GLH,Online Securities Pvt. Ltd.,Deevyaa Securities & Stock House Pvt. Ltd,45,295.0,13275.0,2025-07-30 11:51:27.685971
2025-07-30,115156,2025073004006237,GLH,Trisul Securities & Invt. Ltd.,Deevyaa Securities & Stock House Pvt. Ltd,20,295.0,5900.0,2025-07-30 11:52:27.813902
2025-07-30,115155,2025073004006238,GLH,Trisul Securities & Invt. Ltd.,Linch Stock Market Ltd.,10,295.0,2950.0,2025-07-30 11:52:27.814158
2025-07-30,114730,2025073004006344,GLH,Sweta Securities Private Limited,Trishakti Securities Public Limited,10,294.3,2943.0,2025-07-30 11:53:36.558984
2025-07-30,114345,2025073004006430,GLH,Sweta Securities Private Limited,Kumari Securities Private Limited,10,294.3,2943.0,2025-07-30 11:54:33.616820
2025-07-30,114038,2025073004006501,GLH,Nepal Stock House (PVT) Ltd.,Oxford Securities Pvt. Ltd.,50,295.5,14775.0,2025-07-30 11:55:14.750701
2025-07-30,113966,2025073004006505,GLH,Nepal Stock House (PVT) Ltd.,Kalika Securities Pvt. Ltd.,22,295.5,6501.0,2025-07-30 11:55:23.089099
2025-07-30,113538,2025073004006609,GLH,Nepal Stock House (PVT) Ltd.,Oxford Securities Pvt. Ltd.,15,295.5,4432.5,2025-07-30 11:56:34.478213
2025-07-30,113033,2025073004006758,GLH,Naasa Securities Co. Ltd.,Vision Securities Pvt. Ltd,50,296.0,14800.0,2025-07-30 11:57:50.975300
2025-07-30,113032,2025073004006759,GLH,Naasa Securities Co. Ltd.,Siprabi Securities Pvt. Ltd.,10,296.5,2965.0,2025-07-30 11:57:50.975354
2025-07-30,113031,2025073004006760,GLH,Naasa Securities Co. Ltd.,Malla & Malla Stock Broking Company Pvt. Limited,50,296.5,14825.0,2025-07-30 11:57:50.975383
2025-07-30,113030,2025073004006761,GLH,Naasa Securities Co. Ltd.,ABC Securities Private Limited,75,296.8,22260.0,2025-07-30 11:57:50.975412
2025-07-30,112828,2025073004006813,GLH,Siprabi Securities Pvt. Ltd.,Malla & Malla Stock Broking Company Pvt. Limited,5,294.0,1470.0,2025-07-30 11:58:22.923355
2025-07-30,111795,2025073004007119,GLH,Sumeru Securities Pvt. Ltd.,Thrive Brokerage House Pvt. Ltd,10,295.6,2956.0,2025-07-30 12:00:40.082601
2025-07-30,111666,2025073004007149,GLH,Sumeru Securities Pvt. Ltd.,Naasa Securities Co. Ltd.,10,295.6,2956.0,2025-07-30 12:01:00.710134
2025-07-30,111127,2025073004007253,GLH,Sumeru Securities Pvt. Ltd.,Opal Securities Investment (PVT) Ltd.,50,295.6,14780.0,2025-07-30 12:02:20.022135
2025-07-30,110673,2025073004007338,GLH,Sumeru Securities Pvt. Ltd.,Naasa Securities Co. Ltd.,10,295.6,2956.0,2025-07-30 12:03:39.693625
2025-07-30,110593,2025073004007352,GLH,Sumeru Securities Pvt. Ltd.,Asian Securities Private Ltd.,500,295.6,147800.0,2025-07-30 12:03:47.056390
2025-07-30,108855,2025073004007722,GLH,Midas Stock Broking Company Private Limited,Capital Max Securities Ltd,100,295.7,29570.0,2025-07-30 12:07:19.725071
2025-07-30,108200,2025073004007834,GLH,Trisul Securities & Invt. Ltd.,Shree Krishna Securities Ltd.,94,296.0,27824.0,2025-07-30 12:08:31.833364
2025-07-30,107878,2025073004007895,GLH,Trisul Securities & Invt. Ltd.,Shree Krishna Securities Ltd.,15,296.0,4440.0,2025-07-30 12:09:01.025838
2025-07-30,107715,2025073004007934,GLH,Aryatara Investment & Securities,Shree Krishna Securities Ltd.,161,296.0,47656.0,2025-07-30 12:09:20.564896
2025-07-30,106996,2025073004008158,GLH,Oxford Securities Pvt. Ltd.,ABC Securities Private Limited,750,295.8,221850.0,2025-07-30 12:10:30.899283
2025-07-30,106974,2025073004008160,GLH,Asian Securities Private Ltd.,Shree Krishna Securities Ltd.,240,296.0,71040.0,2025-07-30 12:10:32.392856
2025-07-30,106973,2025073004008161,GLH,Asian Securities Private Ltd.,Agrawal Securities (PVT) Ltd.,10,296.0,2960.0,2025-07-30 12:10:32.393192
2025-07-30,106872,2025073004008195,GLH,Oxford Securities Pvt. Ltd.,ABC Securities Private Limited,10,295.8,2958.0,2025-07-30 12:10:42.237333
2025-07-30,106790,2025073004008205,GLH,Midas Stock Broking Company Private Limited,Sri Hari Securities Pvt. Ltd.,10,295.7,2957.0,2025-07-30 12:10:50.468298
2025-07-30,106766,2025073004008213,GLH,Thrive Brokerage House Pvt. Ltd,Premier Securities Company Ltd.,100,296.3,29630.0,2025-07-30 12:10:53.646340
2025-07-30,106765,2025073004008214,GLH,Thrive Brokerage House Pvt. Ltd,Secured Securities Ltd.,10,296.3,2963.0,2025-07-30 12:10:53.646618
2025-07-30,106764,2025073004008215,GLH,Thrive Brokerage House Pvt. Ltd,Aryatara Investment & Securities,100,296.4,29640.0,2025-07-30 12:10:53.646740
2025-07-30,106763,2025073004008216,GLH,Thrive Brokerage House Pvt. Ltd,Premier Securities Company Ltd.,100,296.7,29670.0,2025-07-30 12:10:53.646846
2025-07-30,106762,2025073004008217,GLH,Thrive Brokerage House Pvt. Ltd,Asian Securities Private Ltd.,500,296.7,148350.0,2025-07-30 12:10:53.646953
2025-07-30,106761,2025073004008218,GLH,Thrive Brokerage House Pvt. Ltd,Kalika Securities Pvt. Ltd.,90,296.7,26703.0,2025-07-30 12:10:53.647098
2025-07-30,104747,2025073004008584,GLH,Asian Securities Private Ltd.,ABC Securities Private Limited,270,296.8,80136.0,2025-07-30 12:14:00.126775
2025-07-30,103866,2025073004008775,GLH,Thrive Brokerage House Pvt. Ltd,Sweta Securities Private Limited,50,296.7,14835.0,2025-07-30 12:15:49.079638
2025-07-30,102410,2025073004009122,GLH,Thrive Brokerage House Pvt. Ltd,Agrawal Securities (PVT) Ltd.,10,296.7,2967.0,2025-07-30 12:18:41.573220
2025-07-30,102257,2025073004009161,GLH,Linch Stock Market Ltd.,Dynamic Money Managers Securities Pvt. Ltd.,100,296.9,29690.0,2025-07-30 12:18:58.500271
2025-07-30,101998,2025073004009219,GLH,Linch Stock Market Ltd.,Sewa Securities Pvt. Ltd.,100,297.0,29700.0,2025-07-30 12:19:36.194195
2025-07-30,101997,2025073004009220,GLH,Linch Stock Market Ltd.,Vision Securities Pvt. Ltd,10,297.0,2970.0,2025-07-30 12:19:36.194491
2025-07-30,101996,2025073004009221,GLH,Linch Stock Market Ltd.,Siprabi Securities Pvt. Ltd.,10,297.0,2970.0,2025-07-30 12:19:36.194601
2025-07-30,101817,2025073004009272,GLH,Sumeru Securities Pvt. Ltd.,ABC Securities Private Limited,400,297.5,119000.0,2025-07-30 12:19:58.704903
2025-07-30,101816,2025073004009273,GLH,Sumeru Securities Pvt. Ltd.,Swarna Laxmi Securities Pvt. Ltd.,330,298.0,98340.0,2025-07-30 12:19:58.705145
2025-07-30,101815,2025073004009274,GLH,Sumeru Securities Pvt. Ltd.,Naasa Securities Co. Ltd.,33,298.0,9834.0,2025-07-30 12:19:58.705252
2025-07-30,101814,2025073004009275,GLH,Sumeru Securities Pvt. Ltd.,Sweta Securities Private Limited,10,298.0,2980.0,2025-07-30 12:19:58.705362
2025-07-30,101813,2025073004009276,GLH,Sumeru Securities Pvt. Ltd.,Aryatara Investment & Securities,10,298.0,2980.0,2025-07-30 12:19:58.705465
2025-07-30,101812,2025073004009277,GLH,Sumeru Securities Pvt. Ltd.,Elite Stock House Limited,10,298.0,2980.0,2025-07-30 12:19:58.705566
2025-07-30,101811,2025073004009278,GLH,Sumeru Securities Pvt. Ltd.,Neev Securities Pvt. Ltd.,707,298.0,210686.0,2025-07-30 12:19:58.705667
2025-07-30,101497,2025073004009340,GLH,Linch Stock Market Ltd.,Imperial Securities Company Pvt. Ltd.,500,297.0,148500.0,2025-07-30 12:20:46.736217
2025-07-30,101374,2025073004009386,GLH,Linch Stock Market Ltd.,Sri Hari Securities Pvt. Ltd.,280,297.0,83160.0,2025-07-30 12:21:05.886122
2025-07-30,100484,2025073004009603,GLH,Thrive Brokerage House Pvt. Ltd,Kohinoor Investment & Securities Pvt. Ltd.,10,296.7,2967.0,2025-07-30 12:23:09.176478
2025-07-30,100140,2025073004009689,GLH,Thrive Brokerage House Pvt. Ltd,Primo Securities (PVT) Ltd.,20,296.7,5934.0,2025-07-30 12:24:03.208149
2025-07-30,99844,2025073004009776,GLH,Thrive Brokerage House Pvt. Ltd,Thrive Brokerage House Pvt. Ltd,10,296.7,2967.0,2025-07-30 12:24:34.201960
2025-07-30,99843,2025073004009777,GLH,Sagarmatha Securities Private Limited,Thrive Brokerage House Pvt. Ltd,300,296.1,88830.0,2025-07-30 12:24:34.202250
2025-07-30,99842,2025073004009778,GLH,Malla & Malla Stock Broking Company Pvt. Limited,Thrive Brokerage House Pvt. Ltd,390,296.0,115440.0,2025-07-30 12:24:34.202373
2025-07-30,99756,2025073004009797,GLH,Malla & Malla Stock Broking Company Pvt. Limited,Naasa Securities Co. Ltd.,10,296.0,2960.0,2025-07-30 12:24:46.715170
2025-07-30,98887,2025073004010015,GLH,Malla & Malla Stock Broking Company Pvt. Limited,Vision Securities Pvt. Ltd,20,296.0,5920.0,2025-07-30 12:26:37.536771
2025-07-30,98876,2025073004010017,GLH,Sumeru Securities Pvt. Ltd.,Thrive Brokerage House Pvt. Ltd,170,296.1,50337.0,2025-07-30 12:26:40.666730
2025-07-30,98875,2025073004010018,GLH,Malla & Malla Stock Broking Company Pvt. Limited,Thrive Brokerage House Pvt. Ltd,30,296.0,8880.0,2025-07-30 12:26:40.667029
2025-07-30,98874,2025073004010019,GLH,Midas Stock Broking Company Private Limited,Thrive Brokerage House Pvt. Ltd,90,295.7,26613.0,2025-07-30 12:26:40.667159
2025-07-30,98873,2025073004010020,GLH,Nepal Stock House (PVT) Ltd.,Thrive Brokerage House Pvt. Ltd,10,295.5,2955.0,2025-07-30 12:26:40.667269
2025-07-30,98720,2025073004010052,GLH,Nepal Stock House (PVT) Ltd.,Thrive Brokerage House Pvt. Ltd,403,295.5,119086.5,2025-07-30 12:27:01.646263
2025-07-30,98719,2025073004010053,GLH,Linch Stock Market Ltd.,Thrive Brokerage House Pvt. Ltd,500,295.1,147550.0,2025-07-30 12:27:01.646813
2025-07-30,98718,2025073004010054,GLH,Sani Securities Company Ltd.,Thrive Brokerage House Pvt. Ltd,97,295.0,28615.0,2025-07-30 12:27:01.647141
2025-07-30,98403,2025073004010136,GLH,Sani Securities Company Ltd.,Sri Hari Securities Pvt. Ltd.,23,295.0,6785.0,2025-07-30 12:27:43.491052
2025-07-30,98402,2025073004010137,GLH,Naasa Securities Co. Ltd.,Sri Hari Securities Pvt. Ltd.,11,295.0,3245.0,2025-07-30 12:27:43.491572
2025-07-30,98401,2025073004010138,GLH,Trishakti Securities Public Limited,Sri Hari Securities Pvt. Ltd.,500,295.0,147500.0,2025-07-30 12:27:43.491902
2025-07-30,98400,2025073004010139,GLH,Sani Securities Company Ltd.,Sri Hari Securities Pvt. Ltd.,150,295.0,44250.0,2025-07-30 12:27:43.492217
2025-07-30,98399,2025073004010140,GLH,Nabil Stock Dealer Ltd.,Sri Hari Securities Pvt. Ltd.,116,295.0,34220.0,2025-07-30 12:27:43.492542
2025-07-30,98293,2025073004010165,GLH,Nabil Stock Dealer Ltd.,Naasa Securities Co. Ltd.,10,295.0,2950.0,2025-07-30 12:28:02.347084
2025-07-30,96916,2025073004010479,GLH,Nabil Stock Dealer Ltd.,Vision Securities Pvt. Ltd,10,294.5,2945.0,2025-07-30 12:30:54.519257
2025-07-30,95355,2025073004010767,GLH,Nabil Stock Dealer Ltd.,Naasa Securities Co. Ltd.,19,294.5,5595.5,2025-07-30 12:33:57.701333
2025-07-30,95354,2025073004010768,GLH,Sumeru Securities Pvt. Ltd.,Naasa Securities Co. Ltd.,200,294.5,58900.0,2025-07-30 12:33:57.701619
2025-07-30,95353,2025073004010769,GLH,Trisul Securities & Invt. Ltd.,Naasa Securities Co. Ltd.,50,294.4,14720.0,2025-07-30 12:33:57.701733
2025-07-30,95352,2025073004010770,GLH,Sweta Securities Private Limited,Naasa Securities Co. Ltd.,30,294.3,8829.0,2025-07-30 12:33:57.701845
2025-07-30,95351,2025073004010771,GLH,Midas Stock Broking Company Private Limited,Naasa Securities Co. Ltd.,170,294.2,50014.0,2025-07-30 12:33:57.701953
2025-07-30,95350,2025073004010772,GLH,Aryatara Investment & Securities,Naasa Securities Co. Ltd.,30,294.2,8826.0,2025-07-30 12:33:57.702080
2025-07-30,95349,2025073004010773,GLH,Naasa Securities Co. Ltd.,Naasa Securities Co. Ltd.,230,294.1,67643.0,2025-07-30 12:33:57.702188
2025-07-30,95348,2025073004010774,GLH,Sani Securities Company Ltd.,Naasa Securities Co. Ltd.,160,294.1,47056.0,2025-07-30 12:33:57.702289
2025-07-30,95347,2025073004010775,GLH,BHOLE GANESH SECURITIES LTD,Naasa Securities Co. Ltd.,111,294.1,32645.1,2025-07-30 12:33:57.702402
2025-07-30,94925,2025073004010827,GLH,BHOLE GANESH SECURITIES LTD,Sani Securities Company Ltd.,10,294.1,2941.0,2025-07-30 12:34:34.092822
2025-07-30,94654,2025073004010862,GLH,BHOLE GANESH SECURITIES LTD,Sundhara Securities Limited,600,294.1,176460.0,2025-07-30 12:34:57.221430
2025-07-30,94650,2025073004010865,GLH,BHOLE GANESH SECURITIES LTD,Imperial Securities Company Pvt. Ltd.,1000,294.1,294100.0,2025-07-30 12:34:57.359285
2025-07-30,94484,2025073004010897,GLH,Trisul Securities & Invt. Ltd.,Thrive Brokerage House Pvt. Ltd,100,295.0,29500.0,2025-07-30 12:35:17.324177
2025-07-30,94483,2025073004010898,GLH,Trisul Securities & Invt. Ltd.,Thrive Brokerage House Pvt. Ltd,50,295.0,14750.0,2025-07-30 12:35:17.324434
2025-07-30,92130,2025073004011274,GLH,Oxford Securities Pvt. Ltd.,Sri Hari Securities Pvt. Ltd.,10,294.5,2945.0,2025-07-30 12:39:58.788959
2025-07-30,91996,2025073004011293,GLH,Vision Securities Pvt. Ltd,Online Securities Pvt. Ltd.,10,295.0,2950.0,2025-07-30 12:40:16.103490
2025-07-30,89831,2025073004011746,GLH,Vision Securities Pvt. Ltd,Sharepro Securities Private Limited,10,295.0,2950.0,2025-07-30 12:44:42.740825
2025-07-30,89830,2025073004011747,GLH,Creative Securities Pvt Ltd,Sharepro Securities Private Limited,1454,295.0,428930.0,2025-07-30 12:44:42.741385
2025-07-30,89829,2025073004011748,GLH,Sani Securities Company Ltd.,Sharepro Securities Private Limited,36,295.0,10620.0,2025-07-30 12:44:42.741772
2025-07-30,89806,2025073004011751,GLH,Sani Securities Company Ltd.,Premier Securities Company Ltd.,10,295.0,2950.0,2025-07-30 12:44:45.923372
2025-07-30,89349,2025073004011854,GLH,Trisul Securities & Invt. Ltd.,Linch Stock Market Ltd.,10,294.6,2946.0,2025-07-30 12:45:55.242858
2025-07-30,88670,2025073004012000,GLH,Trisul Securities & Invt. Ltd.,Sharepro Securities Private Limited,190,294.6,55974.0,2025-07-30 12:47:38.952495
2025-07-30,88669,2025073004012001,GLH,Oxford Securities Pvt. Ltd.,Sharepro Securities Private Limited,490,294.5,144305.0,2025-07-30 12:47:38.952808
2025-07-30,88668,2025073004012002,GLH,Nagarik Stock Dealer ,Sharepro Securities Private Limited,200,294.3,58860.0,2025-07-30 12:47:38.952979
2025-07-30,88667,2025073004012003,GLH,Nagarik Stock Dealer ,Sharepro Securities Private Limited,400,294.2,117680.0,2025-07-30 12:47:38.953151
2025-07-30,88666,2025073004012004,GLH,Dipshikha Dhitopatra Karobar Co. Pvt Ltd.,Sharepro Securities Private Limited,1000,294.2,294200.0,2025-07-30 12:47:38.953335
2025-07-30,88665,2025073004012005,GLH,Linch Stock Market Ltd.,Sharepro Securities Private Limited,720,294.2,211824.0,2025-07-30 12:47:38.953479
2025-07-30,88565,2025073004012036,GLH,Linch Stock Market Ltd.,Sharepro Securities Private Limited,280,294.2,82376.0,2025-07-30 12:47:55.899054
2025-07-30,88564,2025073004012037,GLH,BHOLE GANESH SECURITIES LTD,Sharepro Securities Private Limited,279,294.1,82053.9,2025-07-30 12:47:55.899367
2025-07-30,88563,2025073004012038,GLH,Sani Securities Company Ltd.,Sharepro Securities Private Limited,50,294.1,14705.0,2025-07-30 12:47:55.899490
2025-07-30,88562,2025073004012039,GLH,South Asian Bulls Pvt. Ltd.,Sharepro Securities Private Limited,200,294.0,58800.0,2025-07-30 12:47:55.899612
2025-07-30,88561,2025073004012040,GLH,Sri Hari Securities Pvt. Ltd.,Sharepro Securities Private Limited,1500,294.0,441000.0,2025-07-30 12:47:55.899732
2025-07-30,88560,2025073004012041,GLH,Sri Hari Securities Pvt. Ltd.,Sharepro Securities Private Limited,1000,294.0,294000.0,2025-07-30 12:47:55.899855
2025-07-30,88559,2025073004012042,GLH,Investment Management Nepal Pvt. Ltd.,Sharepro Securities Private Limited,250,294.0,73500.0,2025-07-30 12:47:55.899982
2025-07-30,88558,2025073004012043,GLH,Malla & Malla Stock Broking Company Pvt. Limited,Sharepro Securities Private Limited,50,294.0,14700.0,2025-07-30 12:47:55.900105
2025-07-30,88557,2025073004012044,GLH,Kalika Securities Pvt. Ltd.,Sharepro Securities Private Limited,35,294.0,10290.0,2025-07-30 12:47:55.900229
2025-07-30,88556,2025073004012045,GLH,Primo Securities (PVT) Ltd.,Sharepro Securities Private Limited,50,294.0,14700.0,2025-07-30 12:47:55.900368
2025-07-30,88555,2025073004012046,GLH,Kumari Securities Private Limited,Sharepro Securities Private Limited,306,294.0,89964.0,2025-07-30 12:47:55.900493
2025-07-30,88014,2025073004012177,GLH,Naasa Securities Co. Ltd.,Sharepro Securities Private Limited,100,294.3,29430.0,2025-07-30 12:49:03.553556
2025-07-30,88013,2025073004012178,GLH,Kumari Securities Private Limited,Sharepro Securities Private Limited,360,294.0,105840.0,2025-07-30 12:49:03.553831
2025-07-30,88012,2025073004012179,GLH,Sharepro Securities Private Limited,Sharepro Securities Private Limited,2000,294.0,588000.0,2025-07-30 12:49:03.553953
2025-07-30,87962,2025073004012187,GLH,Naasa Securities Co. Ltd.,Sharepro Securities Private Limited,40,294.0,11760.0,2025-07-30 12:49:10.119209
2025-07-30,87739,2025073004012239,GLH,Siprabi Securities Pvt. Ltd.,Ashutosh Brokerage & Securities (PVT) Ltd.,20,295.0,5900.0,2025-07-30 12:49:35.285998
2025-07-30,87738,2025073004012240,GLH,Siprabi Securities Pvt. Ltd.,Naasa Securities Co. Ltd.,10,295.0,2950.0,2025-07-30 12:49:35.286285
2025-07-30,87068,2025073004012427,GLH,Naasa Securities Co. Ltd.,Dynamic Money Managers Securities Pvt. Ltd.,60,294.1,17646.0,2025-07-30 12:51:07.618161
2025-07-30,87067,2025073004012428,GLH,Linch Stock Market Ltd.,Dynamic Money Managers Securities Pvt. Ltd.,1000,294.0,294000.0,2025-07-30 12:51:07.618490
2025-07-30,86827,2025073004012502,GLH,Global IME Securities Limited,Sharepro Securities Private Limited,200,293.6,58720.0,2025-07-30 12:51:43.274507
2025-07-30,86826,2025073004012503,GLH,Sumeru Securities Pvt. Ltd.,Sharepro Securities Private Limited,50,293.5,14675.0,2025-07-30 12:51:43.274826
2025-07-30,86825,2025073004012504,GLH,Nagarik Stock Dealer ,Sharepro Securities Private Limited,200,293.4,58680.0,2025-07-30 12:51:43.274950
2025-07-30,86824,2025073004012505,GLH,Nagarik Stock Dealer ,Sharepro Securities Private Limited,200,293.3,58660.0,2025-07-30 12:51:43.275070
2025-07-30,86823,2025073004012506,GLH,Kumari Securities Private Limited,Sharepro Securities Private Limited,100,293.3,29330.0,2025-07-30 12:51:43.275190
2025-07-30,86822,2025073004012507,GLH,Market Securities & Exchange (PVT) Ltd.,Sharepro Securities Private Limited,290,293.0,84970.0,2025-07-30 12:51:43.275340
2025-07-30,86821,2025073004012508,GLH,Sri Hari Securities Pvt. Ltd.,Sharepro Securities Private Limited,1500,293.0,439500.0,2025-07-30 12:51:43.275500
2025-07-30,86820,2025073004012509,GLH,Sri Hari Securities Pvt. Ltd.,Sharepro Securities Private Limited,1000,293.0,293000.0,2025-07-30 12:51:43.275627
2025-07-30,86819,2025073004012510,GLH,Secured Securities Ltd.,Sharepro Securities Private Limited,460,293.0,134780.0,2025-07-30 12:51:43.275749
2025-07-30,86025,2025073004012712,GLH,Trisul Securities & Invt. Ltd.,K.B.L. Securities Limited ,10,293.1,2931.0,2025-07-30 12:53:19.411043
2025-07-30,85223,2025073004012877,GLH,Trisul Securities & Invt. Ltd.,Naasa Securities Co. Ltd.,10,293.1,2931.0,2025-07-30 12:55:01.101824
2025-07-30,85018,2025073004012922,GLH,Trisul Securities & Invt. Ltd.,Sweta Securities Private Limited,20,293.1,5862.0,2025-07-30 12:55:20.906283
2025-07-30,85017,2025073004012923,GLH,Secured Securities Ltd.,Sweta Securities Private Limited,180,293.0,52740.0,2025-07-30 12:55:20.906867
2025-07-30,84562,2025073004013045,GLH,Secured Securities Ltd.,Kohinoor Investment & Securities Pvt. Ltd.,10,293.0,2930.0,2025-07-30 12:56:04.046821
2025-07-30,84290,2025073004013139,GLH,ABC Securities Private Limited,Imperial Securities Company Pvt. Ltd.,174,293.4,51051.6,2025-07-30 12:56:29.887976
2025-07-30,83346,2025073004013389,GLH,Siprabi Securities Pvt. Ltd.,Sani Securities Company Ltd.,10,293.1,2931.0,2025-07-30 12:57:57.563109
2025-07-30,83249,2025073004013408,GLH,Siprabi Securities Pvt. Ltd.,Kohinoor Investment & Securities Pvt. Ltd.,190,293.1,55689.0,2025-07-30 12:58:08.148763
2025-07-30,83248,2025073004013409,GLH,Secured Securities Ltd.,Kohinoor Investment & Securities Pvt. Ltd.,350,293.0,102550.0,2025-07-30 12:58:08.149065
2025-07-30,83247,2025073004013410,GLH,ABC Securities Private Limited,Kohinoor Investment & Securities Pvt. Ltd.,25,293.0,7325.0,2025-07-30 12:58:08.149190
2025-07-30,83246,2025073004013411,GLH,BHOLE GANESH SECURITIES LTD,Kohinoor Investment & Securities Pvt. Ltd.,236,293.0,69148.0,2025-07-30 12:58:08.149309
2025-07-30,83245,2025073004013412,GLH,Online Securities Pvt. Ltd.,Kohinoor Investment & Securities Pvt. Ltd.,300,293.0,87900.0,2025-07-30 12:58:08.149443
2025-07-30,83023,2025073004013486,GLH,Sundhara Securities Limited,Kohinoor Investment & Securities Pvt. Ltd.,100,293.0,29300.0,2025-07-30 12:58:28.600115
2025-07-30,82894,2025073004013519,GLH,Siprabi Securities Pvt. Ltd.,Premier Securities Company Ltd.,200,292.1,58420.0,2025-07-30 12:58:38.408138
2025-07-30,82893,2025073004013520,GLH,Dynamic Money Managers Securities Pvt. Ltd.,Premier Securities Company Ltd.,500,292.1,146050.0,2025-07-30 12:58:38.408495
2025-07-30,82892,2025073004013521,GLH,Sri Hari Securities Pvt. Ltd.,Premier Securities Company Ltd.,1300,292.0,379600.0,2025-07-30 12:58:38.408622
2025-07-30,82366,2025073004013684,GLH,Sri Hari Securities Pvt. Ltd.,Vision Securities Pvt. Ltd,100,292.0,29200.0,2025-07-30 12:59:35.622289
2025-07-30,81327,2025073004013936,GLH,Sri Hari Securities Pvt. Ltd.,Dynamic Money Managers Securities Pvt. Ltd.,100,292.0,29200.0,2025-07-30 13:00:51.945040
2025-07-30,81326,2025073004013937,GLH,Online Securities Pvt. Ltd.,Dynamic Money Managers Securities Pvt. Ltd.,207,292.0,60444.0,2025-07-30 13:00:51.945328
2025-07-30,80522,2025073004014160,GLH,Online Securities Pvt. Ltd.,Dynamic Money Managers Securities Pvt. Ltd.,293,292.0,85556.0,2025-07-30 13:01:59.670190
2025-07-30,80521,2025073004014161,GLH,Naasa Securities Co. Ltd.,Dynamic Money Managers Securities Pvt. Ltd.,107,292.0,31244.0,2025-07-30 13:01:59.670537
2025-07-30,80435,2025073004014180,GLH,Naasa Securities Co. Ltd.,Thrive Brokerage House Pvt. Ltd,893,292.0,260756.0,2025-07-30 13:02:05.628645
2025-07-30,80434,2025073004014181,GLH,Capital Hub P. Ltd,Thrive Brokerage House Pvt. Ltd,107,292.0,31244.0,2025-07-30 13:02:05.628936
2025-07-30,80407,2025073004014196,GLH,Capital Hub P. Ltd,Kohinoor Investment & Securities Pvt. Ltd.,200,292.0,58400.0,2025-07-30 13:02:06.619052
2025-07-30,80291,2025073004014239,GLH,Capital Hub P. Ltd,Secured Securities Ltd.,693,292.0,202356.0,2025-07-30 13:02:16.546833
2025-07-30,80290,2025073004014240,GLH,Malla & Malla Stock Broking Company Pvt. Limited,Secured Securities Ltd.,50,292.0,14600.0,2025-07-30 13:02:16.547118
2025-07-30,80289,2025073004014241,GLH,Sundhara Securities Limited,Secured Securities Ltd.,10,292.0,2920.0,2025-07-30 13:02:16.547239
2025-07-30,79014,2025073004014643,GLH,Trisul Securities & Invt. Ltd.,Secured Securities Ltd.,100,292.0,29200.0,2025-07-30 13:03:33.161905
2025-07-30,78773,2025073004014747,GLH,Kalika Securities Pvt. Ltd.,Secured Securities Ltd.,147,292.0,42924.0,2025-07-30 13:03:44.506869
2025-07-30,78772,2025073004014748,GLH,Kalika Securities Pvt. Ltd.,Sharepro Securities Private Limited,53,292.0,15476.0,2025-07-30 13:03:44.507134
2025-07-30,78192,2025073004014935,GLH,Nepal Stock House (PVT) Ltd.,Sharepro Securities Private Limited,337,292.0,98404.0,2025-07-30 13:04:27.937533
2025-07-30,77267,2025073004015174,GLH,Cristal Kanchanjanga Securites Pvt. Ltd.,Vision Securities Pvt. Ltd,10,291.2,2912.0,2025-07-30 13:05:42.857248
2025-07-30,76760,2025073004015333,GLH,Cristal Kanchanjanga Securites Pvt. Ltd.,Deevyaa Securities & Stock House Pvt. Ltd,10,291.2,2912.0,2025-07-30 13:06:13.663154
2025-07-30,76395,2025073004015442,GLH,Cristal Kanchanjanga Securites Pvt. Ltd.,Shree Krishna Securities Ltd.,180,291.2,52416.0,2025-07-30 13:06:37.555901
2025-07-30,76394,2025073004015443,GLH,Sri Hari Securities Pvt. Ltd.,Shree Krishna Securities Ltd.,200,291.0,58200.0,2025-07-30 13:06:37.556222
2025-07-30,76393,2025073004015444,GLH,Sri Hari Securities Pvt. Ltd.,Shree Krishna Securities Ltd.,1500,291.0,436500.0,2025-07-30 13:06:37.556447
2025-07-30,76392,2025073004015445,GLH,Linch Stock Market Ltd.,Shree Krishna Securities Ltd.,120,291.0,34920.0,2025-07-30 13:06:37.556639
2025-07-30,76062,2025073004015530,GLH,Linch Stock Market Ltd.,Sri Hari Securities Pvt. Ltd.,80,291.0,23280.0,2025-07-30 13:07:05.638463
2025-07-30,76061,2025073004015531,GLH,Stoxkarts Securities Limited,Sri Hari Securities Pvt. Ltd.,220,291.0,64020.0,2025-07-30 13:07:05.638802
2025-07-30,73737,2025073004016255,GLH,Stoxkarts Securities Limited,Sri Hari Securities Pvt. Ltd.,10,291.0,2910.0,2025-07-30 13:09:57.206017
2025-07-30,73700,2025073004016265,GLH,Stoxkarts Securities Limited,Bhrikuti Stock Broking Co. Pvt. Ltd.,54,291.0,15714.0,2025-07-30 13:10:00.365245
2025-07-30,72914,2025073004016498,GLH,Midas Stock Broking Company Private Limited,Online Securities Pvt. Ltd.,10,292.0,2920.0,2025-07-30 13:11:05.077038
2025-07-30,71511,2025073004016815,GLH,Linch Stock Market Ltd.,Sundhara Securities Limited,100,291.1,29110.0,2025-07-30 13:13:06.908139
2025-07-30,71510,2025073004016816,GLH,Stoxkarts Securities Limited,Sundhara Securities Limited,216,291.0,62856.0,2025-07-30 13:13:06.908718
2025-07-30,71509,2025073004016817,GLH,Sri Hari Securities Pvt. Ltd.,Sundhara Securities Limited,684,291.0,199044.0,2025-07-30 13:13:06.909151
2025-07-30,71425,2025073004016841,GLH,Sri Hari Securities Pvt. Ltd.,Vision Securities Pvt. Ltd,316,291.0,91956.0,2025-07-30 13:13:15.649899
2025-07-30,71424,2025073004016842,GLH,Swarna Laxmi Securities Pvt. Ltd.,Vision Securities Pvt. Ltd,15,291.0,4365.0,2025-07-30 13:13:15.650180
2025-07-30,71423,2025073004016843,GLH,Naasa Securities Co. Ltd.,Vision Securities Pvt. Ltd,50,291.0,14550.0,2025-07-30 13:13:15.650306
2025-07-30,71422,2025073004016844,GLH,Linch Stock Market Ltd.,Vision Securities Pvt. Ltd,400,291.0,116400.0,2025-07-30 13:13:15.650430
2025-07-30,71409,2025073004016848,GLH,Thrive Brokerage House Pvt. Ltd,Vision Securities Pvt. Ltd,19,291.0,5529.0,2025-07-30 13:13:17.122283
2025-07-30,71027,2025073004016957,GLH,Thrive Brokerage House Pvt. Ltd,Deevyaa Securities & Stock House Pvt. Ltd,10,291.0,2910.0,2025-07-30 13:13:58.896094
2025-07-30,70928,2025073004016981,GLH,Thrive Brokerage House Pvt. Ltd,Vision Securities Pvt. Ltd,21,291.0,6111.0,2025-07-30 13:14:11.753513
2025-07-30,70759,2025073004017027,GLH,Siprabi Securities Pvt. Ltd.,Vision Securities Pvt. Ltd,100,291.0,29100.0,2025-07-30 13:14:27.632995
2025-07-30,70621,2025073004017068,GLH,Online Securities Pvt. Ltd.,Naasa Securities Co. Ltd.,110,290.8,31988.0,2025-07-30 13:14:40.166667
2025-07-30,70620,2025073004017069,GLH,Midas Stock Broking Company Private Limited,Naasa Securities Co. Ltd.,200,290.4,58080.0,2025-07-30 13:14:40.167306
2025-07-30,70619,2025073004017070,GLH,Sani Securities Company Ltd.,Naasa Securities Co. Ltd.,190,290.3,55157.0,2025-07-30 13:14:40.167833
2025-07-30,70478,2025073004017102,GLH,Sani Securities Company Ltd.,Vision Securities Pvt. Ltd,10,290.3,2903.0,2025-07-30 13:14:55.033562
2025-07-30,70477,2025073004017103,GLH,Sani Securities Company Ltd.,Vision Securities Pvt. Ltd,40,290.2,11608.0,2025-07-30 13:14:55.034104
2025-07-30,70476,2025073004017104,GLH,Dipshikha Dhitopatra Karobar Co. Pvt Ltd.,Vision Securities Pvt. Ltd,100,290.2,29020.0,2025-07-30 13:14:55.034489
2025-07-30,70475,2025073004017105,GLH,KALASH STOCK MARKET PVT. LTD.,Vision Securities Pvt. Ltd,500,290.2,145100.0,2025-07-30 13:14:55.034878
2025-07-30,70266,2025073004017163,GLH,Trisul Securities & Invt. Ltd.,Vision Securities Pvt. Ltd,100,290.1,29010.0,2025-07-30 13:15:15.740958
2025-07-30,70265,2025073004017164,GLH,Bhrikuti Stock Broking Co. Pvt. Ltd.,Vision Securities Pvt. Ltd,50,290.1,14505.0,2025-07-30 13:15:15.741262
2025-07-30,70264,2025073004017165,GLH,Sundhara Securities Limited,Vision Securities Pvt. Ltd,79,290.1,22917.9,2025-07-30 13:15:15.741401
2025-07-30,70152,2025073004017198,GLH,Sundhara Securities Limited,Agrawal Securities (PVT) Ltd.,10,290.1,2901.0,2025-07-30 13:15:26.136914
2025-07-30,70142,2025073004017199,GLH,Cristal Kanchanjanga Securites Pvt. Ltd.,Sri Hari Securities Pvt. Ltd.,10,290.3,2903.0,2025-07-30 13:15:27.986733
2025-07-30,70061,2025073004017214,GLH,Cristal Kanchanjanga Securites Pvt. Ltd.,Linch Stock Market Ltd.,100,291.0,29100.0,2025-07-30 13:15:36.335549
2025-07-30,69079,2025073004017479,GLH,Naasa Securities Co. Ltd.,Aryatara Investment & Securities,500,292.0,146000.0,2025-07-30 13:17:01.733827
2025-07-30,68960,2025073004017494,GLH,Naasa Securities Co. Ltd.,Aryatara Investment & Securities,500,292.0,146000.0,2025-07-30 13:17:13.272502
2025-07-30,68602,2025073004017576,GLH,Sundhara Securities Limited,Thrive Brokerage House Pvt. Ltd,1000,290.5,290500.0,2025-07-30 13:17:43.051657
2025-07-30,68601,2025073004017577,GLH,Siprabi Securities Pvt. Ltd.,Thrive Brokerage House Pvt. Ltd,30,290.3,8709.0,2025-07-30 13:17:43.051951
2025-07-30,68600,2025073004017578,GLH,Cristal Kanchanjanga Securites Pvt. Ltd.,Thrive Brokerage House Pvt. Ltd,50,290.2,14510.0,2025-07-30 13:17:43.052076
2025-07-30,68599,2025073004017579,GLH,Sundhara Securities Limited,Thrive Brokerage House Pvt. Ltd,100,290.2,29020.0,2025-07-30 13:17:43.052198
2025-07-30,68598,2025073004017580,GLH,Sundhara Securities Limited,Thrive Brokerage House Pvt. Ltd,161,290.1,46706.1,2025-07-30 13:17:43.052329
2025-07-30,68597,2025073004017581,GLH,Vision Securities Pvt. Ltd,Thrive Brokerage House Pvt. Ltd,700,290.1,203070.0,2025-07-30 13:17:43.052447
2025-07-30,68596,2025073004017582,GLH,Sewa Securities Pvt. Ltd.,Thrive Brokerage House Pvt. Ltd,100,290.0,29000.0,2025-07-30 13:17:43.052563
2025-07-30,68595,2025073004017583,GLH,Sharepro Securities Private Limited,Thrive Brokerage House Pvt. Ltd,330,290.0,95700.0,2025-07-30 13:17:43.052689
2025-07-30,68594,2025073004017584,GLH,Naasa Securities Co. Ltd.,Thrive Brokerage House Pvt. Ltd,1000,290.0,290000.0,2025-07-30 13:17:43.052805
2025-07-30,68593,2025073004017585,GLH,Online Securities Pvt. Ltd.,Thrive Brokerage House Pvt. Ltd,40,290.0,11600.0,2025-07-30 13:17:43.052923
2025-07-30,68592,2025073004017586,GLH,Trisul Securities & Invt. Ltd.,Thrive Brokerage House Pvt. Ltd,150,290.0,43500.0,2025-07-30 13:17:43.053038
2025-07-30,68591,2025073004017587,GLH,Malla & Malla Stock Broking Company Pvt. Limited,Thrive Brokerage House Pvt. Ltd,50,290.0,14500.0,2025-07-30 13:17:43.053152
2025-07-30,68590,2025073004017588,GLH,Malla & Malla Stock Broking Company Pvt. Limited,Thrive Brokerage House Pvt. Ltd,130,290.0,37700.0,2025-07-30 13:17:43.053263
2025-07-30,68589,2025073004017589,GLH,Naasa Securities Co. Ltd.,Thrive Brokerage House Pvt. Ltd,10,290.0,2900.0,2025-07-30 13:17:43.053381
2025-07-30,68588,2025073004017590,GLH,Dipshikha Dhitopatra Karobar Co. Pvt Ltd.,Thrive Brokerage House Pvt. Ltd,50,290.0,14500.0,2025-07-30 13:17:43.053496
2025-07-30,68587,2025073004017591,GLH,Vision Securities Pvt. Ltd,Thrive Brokerage House Pvt. Ltd,200,290.0,58000.0,2025-07-30 13:17:43.053609
2025-07-30,68586,2025073004017592,GLH,Aryatara Investment & Securities,Thrive Brokerage House Pvt. Ltd,500,290.0,145000.0,2025-07-30 13:17:43.053723
2025-07-30,68585,2025073004017593,GLH,Sani Securities Company Ltd.,Thrive Brokerage House Pvt. Ltd,100,290.0,29000.0,2025-07-30 13:17:43.053858
2025-07-30,68584,2025073004017594,GLH,Kohinoor Investment & Securities Pvt. Ltd.,Thrive Brokerage House Pvt. Ltd,10,290.0,2900.0,2025-07-30 13:17:43.053969
2025-07-30,68583,2025073004017595,GLH,Online Securities Pvt. Ltd.,Thrive Brokerage House Pvt. Ltd,300,289.5,86850.0,2025-07-30 13:17:43.054080
2025-07-30,68582,2025073004017596,GLH,Ashutosh Brokerage & Securities (PVT) Ltd.,Thrive Brokerage House Pvt. Ltd,100,289.4,28940.0,2025-07-30 13:17:43.054193
2025-07-30,68581,2025073004017597,GLH,Primo Securities (PVT) Ltd.,Thrive Brokerage House Pvt. Ltd,20,289.3,5786.0,2025-07-30 13:17:43.054306
2025-07-30,68580,2025073004017598,GLH,Aakashbhairab Securities Ltd.,Thrive Brokerage House Pvt. Ltd,500,289.3,144650.0,2025-07-30 13:17:43.054425
2025-07-30,68579,2025073004017599,GLH,Dipshikha Dhitopatra Karobar Co. Pvt Ltd.,Thrive Brokerage House Pvt. Ltd,500,289.0,144500.0,2025-07-30 13:17:43.054536
2025-07-30,68578,2025073004017600,GLH,Sweta Securities Private Limited,Thrive Brokerage House Pvt. Ltd,100,289.0,28900.0,2025-07-30 13:17:43.054647
2025-07-30,68577,2025073004017601,GLH,Asian Securities Private Ltd.,Thrive Brokerage House Pvt. Ltd,50,289.0,14450.0,2025-07-30 13:17:43.054758
2025-07-30,68576,2025073004017602,GLH,Secured Securities Ltd.,Thrive Brokerage House Pvt. Ltd,3719,289.0,1074791.0,2025-07-30 13:17:43.054871
2025-07-30,68140,2025073004017733,GLH,Cristal Kanchanjanga Securites Pvt. Ltd.,Online Securities Pvt. Ltd.,120,291.0,34920.0,2025-07-30 13:18:30.900582
2025-07-30,67739,2025073004017812,GLH,Cristal Kanchanjanga Securites Pvt. Ltd.,Dynamic Money Managers Securities Pvt. Ltd.,40,292.9,11716.0,2025-07-30 13:19:13.252681
2025-07-30,66591,2025073004018114,GLH,Nepal Investment And Securities Trading Private Limited,Premier Securities Company Ltd.,1000,291.0,291000.0,2025-07-30 13:21:33.915914
2025-07-30,66384,2025073004018164,GLH,Vision Securities Pvt. Ltd,ABC Securities Private Limited,10,291.0,2910.0,2025-07-30 13:22:08.807791
2025-07-30,65355,2025073004018566,GLH,Nepal Stock House (PVT) Ltd.,SHUBHAKAMANA SECURITIES PVT. LTD,100,292.0,29200.0,2025-07-30 13:24:21.961645
2025-07-30,64999,2025073004018653,GLH,Primo Securities (PVT) Ltd.,Linch Stock Market Ltd.,10,291.2,2912.0,2025-07-30 13:25:07.971234
2025-07-30,64032,2025073004018980,GLH,Vision Securities Pvt. Ltd,Primo Securities (PVT) Ltd.,40,291.2,11648.0,2025-07-30 13:27:11.387336
2025-07-30,64031,2025073004018981,GLH,Primo Securities (PVT) Ltd.,Primo Securities (PVT) Ltd.,160,291.2,46592.0,2025-07-30 13:27:11.387949
2025-07-30,64030,2025073004018982,GLH,Dipshikha Dhitopatra Karobar Co. Pvt Ltd.,Primo Securities (PVT) Ltd.,1000,291.1,291100.0,2025-07-30 13:27:11.388361
2025-07-30,64029,2025073004018983,GLH,Linch Stock Market Ltd.,Primo Securities (PVT) Ltd.,100,291.1,29110.0,2025-07-30 13:27:11.388733
2025-07-30,64028,2025073004018984,GLH,Cristal Kanchanjanga Securites Pvt. Ltd.,Primo Securities (PVT) Ltd.,50,290.2,14510.0,2025-07-30 13:27:11.389082
2025-07-30,64027,2025073004018985,GLH,Trisul Securities & Invt. Ltd.,Primo Securities (PVT) Ltd.,10,290.2,2902.0,2025-07-30 13:27:11.389474
2025-07-30,64026,2025073004018986,GLH,Online Securities Pvt. Ltd.,Primo Securities (PVT) Ltd.,20,290.0,5800.0,2025-07-30 13:27:11.389851
2025-07-30,64025,2025073004018987,GLH,Premier Securities Company Ltd.,Primo Securities (PVT) Ltd.,100,290.0,29000.0,2025-07-30 13:27:11.390247
2025-07-30,64024,2025073004018988,GLH,Primo Securities (PVT) Ltd.,Primo Securities (PVT) Ltd.,20,290.0,5800.0,2025-07-30 13:27:11.390385
2025-07-30,63884,2025073004019004,GLH,Primo Securities (PVT) Ltd.,Primo Securities (PVT) Ltd.,180,290.0,52200.0,2025-07-30 13:27:27.697014
2025-07-30,63883,2025073004019005,GLH,Cristal Kanchanjanga Securites Pvt. Ltd.,Primo Securities (PVT) Ltd.,100,290.0,29000.0,2025-07-30 13:27:27.697336
2025-07-30,63882,2025073004019006,GLH,Asian Securities Private Ltd.,Primo Securities (PVT) Ltd.,330,290.0,95700.0,2025-07-30 13:27:27.697502
2025-07-30,63881,2025073004019007,GLH,Naasa Securities Co. Ltd.,Primo Securities (PVT) Ltd.,315,290.0,91350.0,2025-07-30 13:27:27.697662
2025-07-30,63416,2025073004019102,GLH,Cristal Kanchanjanga Securites Pvt. Ltd.,Primo Securities (PVT) Ltd.,10,289.1,2891.0,2025-07-30 13:28:27.520928
2025-07-30,62520,2025073004019329,GLH,Cristal Kanchanjanga Securites Pvt. Ltd.,Linch Stock Market Ltd.,10,289.1,2891.0,2025-07-30 13:30:18.414614
2025-07-30,61891,2025073004019467,GLH,Cristal Kanchanjanga Securites Pvt. Ltd.,Deevyaa Securities & Stock House Pvt. Ltd,30,289.1,8673.0,2025-07-30 13:31:39.207036
2025-07-30,61890,2025073004019468,GLH,Trisul Securities & Invt. Ltd.,Deevyaa Securities & Stock House Pvt. Ltd,10,289.1,2891.0,2025-07-30 13:31:39.207595
2025-07-30,61889,2025073004019469,GLH,J.F. Securites (PVT) Ltd.,Deevyaa Securities & Stock House Pvt. Ltd,50,289.1,14455.0,2025-07-30 13:31:39.207956
2025-07-30,61716,2025073004019533,GLH,Secured Securities Ltd.,Deevyaa Securities & Stock House Pvt. Ltd,281,289.0,81209.0,2025-07-30 13:31:56.573033
2025-07-30,61715,2025073004019534,GLH,Aryatara Investment & Securities,Deevyaa Securities & Stock House Pvt. Ltd,500,289.0,144500.0,2025-07-30 13:31:56.573310
2025-07-30,61607,2025073004019565,GLH,Arun Securities (PVT) Ltd.,Deevyaa Securities & Stock House Pvt. Ltd,10,289.0,2890.0,2025-07-30 13:32:07.514805
2025-07-30,61604,2025073004019566,GLH,Dipshikha Dhitopatra Karobar Co. Pvt Ltd.,Vision Securities Pvt. Ltd,126,288.2,36313.2,2025-07-30 13:32:08.376274
2025-07-30,61383,2025073004019626,GLH,Dipshikha Dhitopatra Karobar Co. Pvt Ltd.,Midas Stock Broking Company Private Limited,20,288.2,5764.0,2025-07-30 13:32:31.823254
2025-07-30,61371,2025073004019628,GLH,Dipshikha Dhitopatra Karobar Co. Pvt Ltd.,Primo Securities (PVT) Ltd.,34,288.2,9798.8,2025-07-30 13:32:33.680391
2025-07-30,61370,2025073004019629,GLH,Aryatara Investment & Securities,Primo Securities (PVT) Ltd.,30,288.1,8643.0,2025-07-30 13:32:33.680486
2025-07-30,61369,2025073004019630,GLH,Sewa Securities Pvt. Ltd.,Primo Securities (PVT) Ltd.,690,288.0,198720.0,2025-07-30 13:32:33.680560
2025-07-30,61368,2025073004019631,GLH,Online Securities Pvt. Ltd.,Primo Securities (PVT) Ltd.,50,288.0,14400.0,2025-07-30 13:32:33.680634
2025-07-30,61367,2025073004019632,GLH,Capital Max Securities Ltd,Primo Securities (PVT) Ltd.,54,288.0,15552.0,2025-07-30 13:32:33.680700
2025-07-30,61366,2025073004019633,GLH,Vision Securities Pvt. Ltd,Primo Securities (PVT) Ltd.,134,288.0,38592.0,2025-07-30 13:32:33.680763
2025-07-30,61274,2025073004019654,GLH,Linch Stock Market Ltd.,Naasa Securities Co. Ltd.,100,289.0,28900.0,2025-07-30 13:32:41.215362
2025-07-30,61033,2025073004019715,GLH,Vision Securities Pvt. Ltd,Deevyaa Securities & Stock House Pvt. Ltd,66,288.0,19008.0,2025-07-30 13:33:16.153608
2025-07-30,61032,2025073004019716,GLH,Kumari Securities Private Limited,Deevyaa Securities & Stock House Pvt. Ltd,453,288.0,130464.0,2025-07-30 13:33:16.154168
2025-07-30,61005,2025073004019726,GLH,Kumari Securities Private Limited,Dynamic Money Managers Securities Pvt. Ltd.,10,288.0,2880.0,2025-07-30 13:33:20.793395
2025-07-30,60937,2025073004019744,GLH,Trisul Securities & Invt. Ltd.,Siprabi Securities Pvt. Ltd.,10,288.1,2881.0,2025-07-30 13:33:26.696275
2025-07-30,60936,2025073004019745,GLH,Trisul Securities & Invt. Ltd.,Naasa Securities Co. Ltd.,90,289.0,26010.0,2025-07-30 13:33:26.696651
2025-07-30,60815,2025073004019769,GLH,Kumari Securities Private Limited,Nepal Stock House (PVT) Ltd.,10,288.0,2880.0,2025-07-30 13:33:40.734078
2025-07-30,60448,2025073004019835,GLH,Sundhara Securities Limited,Primo Securities (PVT) Ltd.,500,288.1,144050.0,2025-07-30 13:34:22.596537
2025-07-30,60447,2025073004019836,GLH,Kumari Securities Private Limited,Primo Securities (PVT) Ltd.,27,288.0,7776.0,2025-07-30 13:34:22.596638
2025-07-30,60446,2025073004019837,GLH,Online Securities Pvt. Ltd.,Primo Securities (PVT) Ltd.,173,288.0,49824.0,2025-07-30 13:34:22.596668
2025-07-30,60148,2025073004019933,GLH,Online Securities Pvt. Ltd.,SHUBHAKAMANA SECURITIES PVT. LTD,100,288.0,28800.0,2025-07-30 13:34:45.937406
2025-07-30,59954,2025073004019968,GLH,Infinity Securities Limited,Naasa Securities Co. Ltd.,100,289.0,28900.0,2025-07-30 13:35:04.750166
2025-07-30,59808,2025073004020011,GLH,Infinity Securities Limited,Naasa Securities Co. Ltd.,80,289.0,23120.0,2025-07-30 13:35:17.638219
2025-07-30,59676,2025073004020068,GLH,Infinity Securities Limited,Trisul Securities & Invt. Ltd.,10,290.0,2900.0,2025-07-30 13:35:30.805062
2025-07-30,56628,2025073004020913,GLH,Nepal Stock House (PVT) Ltd.,Secured Securities Ltd.,500,290.0,145000.0,2025-07-30 13:40:46.572959
2025-07-30,56047,2025073004021053,GLH,Siprabi Securities Pvt. Ltd.,INDEX SECURITIES LIMITED,10,291.0,2910.0,2025-07-30 13:41:52.438970
2025-07-30,55861,2025073004021099,GLH,Siprabi Securities Pvt. Ltd.,Vision Securities Pvt. Ltd,40,289.4,11576.0,2025-07-30 13:42:09.521289
2025-07-30,55860,2025073004021100,GLH,Pragyan Securities (PVT) Ltd.,Vision Securities Pvt. Ltd,160,289.3,46288.0,2025-07-30 13:42:09.521957
2025-07-30,55096,2025073004021308,GLH,Naasa Securities Co. Ltd.,SHUBHAKAMANA SECURITIES PVT. LTD,10,290.0,2900.0,2025-07-30 13:43:27.783297
2025-07-30,54059,2025073004021621,GLH,Naasa Securities Co. Ltd.,Aryatara Investment & Securities,110,290.0,31900.0,2025-07-30 13:45:11.850742
2025-07-30,53892,2025073004021698,GLH,Midas Stock Broking Company Private Limited,Naasa Securities Co. Ltd.,2,289.0,578.0,2025-07-30 13:45:29.381543
2025-07-30,53382,2025073004021844,GLH,Vision Securities Pvt. Ltd,ABC Securities Private Limited,100,291.2,29120.0,2025-07-30 13:46:17.935385
2025-07-30,53347,2025073004021849,GLH,Online Securities Pvt. Ltd.,Primo Securities (PVT) Ltd.,10,290.0,2900.0,2025-07-30 13:46:21.600047
2025-07-30,52949,2025073004021935,GLH,Cristal Kanchanjanga Securites Pvt. Ltd.,Imperial Securities Company Pvt. Ltd.,600,291.3,174780.0,2025-07-30 13:47:05.953626
2025-07-30,52182,2025073004022109,GLH,Siprabi Securities Pvt. Ltd.,Dipshikha Dhitopatra Karobar Co. Pvt Ltd.,10,291.0,2910.0,2025-07-30 13:48:28.195291
2025-07-30,52036,2025073004022145,GLH,Siprabi Securities Pvt. Ltd.,Nepal Stock House (PVT) Ltd.,10,290.5,2905.0,2025-07-30 13:48:53.448153
2025-07-30,52035,2025073004022146,GLH,Linch Stock Market Ltd.,Nepal Stock House (PVT) Ltd.,50,290.5,14525.0,2025-07-30 13:48:53.448482
2025-07-30,52014,2025073004022149,GLH,Online Securities Pvt. Ltd.,Primo Securities (PVT) Ltd.,90,290.0,26100.0,2025-07-30 13:48:56.147474
2025-07-30,52013,2025073004022150,GLH,Naasa Securities Co. Ltd.,Primo Securities (PVT) Ltd.,100,290.0,29000.0,2025-07-30 13:48:56.147776
2025-07-30,52012,2025073004022151,GLH,Siprabi Securities Pvt. Ltd.,Primo Securities (PVT) Ltd.,85,290.0,24650.0,2025-07-30 13:48:56.147903
2025-07-30,51876,2025073004022185,GLH,Cristal Kanchanjanga Securites Pvt. Ltd.,Nepal Stock House (PVT) Ltd.,40,290.5,11620.0,2025-07-30 13:49:18.919857
2025-07-30,51875,2025073004022186,GLH,Cristal Kanchanjanga Securites Pvt. Ltd.,Midas Stock Broking Company Private Limited,10,291.0,2910.0,2025-07-30 13:49:18.919970
2025-07-30,50601,2025073004022536,GLH,Capital Max Securities Ltd,Naasa Securities Co. Ltd.,58,292.0,16936.0,2025-07-30 13:52:41.107365
2025-07-30,50009,2025073004022694,GLH,Siprabi Securities Pvt. Ltd.,Aakashbhairab Securities Ltd.,15,290.0,4350.0,2025-07-30 13:54:06.475201
2025-07-30,49776,2025073004022739,GLH,Swarna Laxmi Securities Pvt. Ltd.,Imperial Securities Company Pvt. Ltd.,500,290.0,145000.0,2025-07-30 13:54:44.398279
2025-07-30,49651,2025073004022773,GLH,Sri Hari Securities Pvt. Ltd.,Deevyaa Securities & Stock House Pvt. Ltd,200,289.6,57920.0,2025-07-30 13:55:01.622093
2025-07-30,49650,2025073004022774,GLH,Cristal Kanchanjanga Securites Pvt. Ltd.,Deevyaa Securities & Stock House Pvt. Ltd,50,289.5,14475.0,2025-07-30 13:55:01.622459
2025-07-30,49649,2025073004022775,GLH,Trisul Securities & Invt. Ltd.,Deevyaa Securities & Stock House Pvt. Ltd,50,289.5,14475.0,2025-07-30 13:55:01.622647
2025-07-30,49648,2025073004022776,GLH,Pragyan Securities (PVT) Ltd.,Deevyaa Securities & Stock House Pvt. Ltd,340,289.3,98362.0,2025-07-30 13:55:01.622999
2025-07-30,49647,2025073004022777,GLH,Sani Securities Company Ltd.,Deevyaa Securities & Stock House Pvt. Ltd,170,289.2,49164.0,2025-07-30 13:55:01.623533
2025-07-30,49646,2025073004022778,GLH,Bhrikuti Stock Broking Co. Pvt. Ltd.,Deevyaa Securities & Stock House Pvt. Ltd,290,289.0,83810.0,2025-07-30 13:55:01.624064
2025-07-30,48133,2025073004023130,GLH,Nagarik Stock Dealer ,Sundhara Securities Limited,10,289.1,2891.0,2025-07-30 13:58:10.399851
2025-07-30,48124,2025073004023132,GLH,Nagarik Stock Dealer ,Sani Securities Company Ltd.,140,289.1,40474.0,2025-07-30 13:58:10.875237
2025-07-30,48123,2025073004023133,GLH,J.F. Securites (PVT) Ltd.,Sani Securities Company Ltd.,500,289.1,144550.0,2025-07-30 13:58:10.875562
2025-07-30,48122,2025073004023134,GLH,Bhrikuti Stock Broking Co. Pvt. Ltd.,Sani Securities Company Ltd.,682,289.0,197098.0,2025-07-30 13:58:10.875711
2025-07-30,46566,2025073004023626,GLH,Imperial Securities Company Pvt. Ltd.,Imperial Securities Company Pvt. Ltd.,10,289.1,2891.0,2025-07-30 14:01:54.065104
2025-07-30,45728,2025073004023886,GLH,Infinity Securities Limited,Dipshikha Dhitopatra Karobar Co. Pvt Ltd.,100,290.0,29000.0,2025-07-30 14:04:05.691569
2025-07-30,45287,2025073004023991,GLH,Sri Hari Securities Pvt. Ltd.,Dynamic Money Managers Securities Pvt. Ltd.,10,289.2,2892.0,2025-07-30 14:05:18.224727
2025-07-30,45282,2025073004023996,GLH,Imperial Securities Company Pvt. Ltd.,Dipshikha Dhitopatra Karobar Co. Pvt Ltd.,240,290.0,69600.0,2025-07-30 14:05:18.702458
2025-07-30,44979,2025073004024110,GLH,Infinity Securities Limited,Naasa Securities Co. Ltd.,70,289.3,20251.0,2025-07-30 14:05:57.123342
2025-07-30,44844,2025073004024138,GLH,Sri Hari Securities Pvt. Ltd.,Siprabi Securities Pvt. Ltd.,40,289.2,11568.0,2025-07-30 14:06:11.612302
2025-07-30,44843,2025073004024139,GLH,Bhrikuti Stock Broking Co. Pvt. Ltd.,Siprabi Securities Pvt. Ltd.,28,289.0,8092.0,2025-07-30 14:06:11.612585
2025-07-30,44842,2025073004024140,GLH,Sagarmatha Securities Private Limited,Siprabi Securities Pvt. Ltd.,715,289.0,206635.0,2025-07-30 14:06:11.612715
2025-07-30,44841,2025073004024141,GLH,Deevyaa Securities & Stock House Pvt. Ltd,Siprabi Securities Pvt. Ltd.,100,288.6,28860.0,2025-07-30 14:06:11.612839
2025-07-30,44840,2025073004024142,GLH,Sharepro Securities Private Limited,Siprabi Securities Pvt. Ltd.,1000,288.5,288500.0,2025-07-30 14:06:11.612967
2025-07-30,44839,2025073004024143,GLH,Sundhara Securities Limited,Siprabi Securities Pvt. Ltd.,117,288.4,33742.8,2025-07-30 14:06:11.613092
2025-07-30,44617,2025073004024193,GLH,Imperial Securities Company Pvt. Ltd.,Naasa Securities Co. Ltd.,45,289.3,13018.5,2025-07-30 14:06:48.182783
2025-07-30,44595,2025073004024208,GLH,Sundhara Securities Limited,Siprabi Securities Pvt. Ltd.,383,288.4,110457.2,2025-07-30 14:06:53.258010
2025-07-30,44594,2025073004024209,GLH,Market Securities & Exchange (PVT) Ltd.,Siprabi Securities Pvt. Ltd.,139,288.4,40087.6,2025-07-30 14:06:53.258349
2025-07-30,41995,2025073004024777,GLH,Siprabi Securities Pvt. Ltd.,Naasa Securities Co. Ltd.,10,289.0,2890.0,2025-07-30 14:12:53.124777
2025-07-30,41634,2025073004024850,GLH,Nepal Investment And Securities Trading Private Limited,Sharepro Securities Private Limited,10,289.9,2899.0,2025-07-30 14:13:41.471818
2025-07-30,41519,2025073004024869,GLH,Market Securities & Exchange (PVT) Ltd.,Sharepro Securities Private Limited,61,289.9,17683.9,2025-07-30 14:13:53.829199
2025-07-30,41503,2025073004024871,GLH,J.F. Securites (PVT) Ltd.,Sharepro Securities Private Limited,200,289.9,57980.0,2025-07-30 14:13:56.975608
2025-07-30,41435,2025073004024895,GLH,Siprabi Securities Pvt. Ltd.,Sharepro Securities Private Limited,500,289.9,144950.0,2025-07-30 14:14:09.473067
2025-07-30,40783,2025073004025086,GLH,Imperial Securities Company Pvt. Ltd.,Sharepro Securities Private Limited,30,289.9,8697.0,2025-07-30 14:15:52.779733
2025-07-30,40652,2025073004025114,GLH,Aryatara Investment & Securities,Sharepro Securities Private Limited,199,289.9,57690.1,2025-07-30 14:16:19.218548
2025-07-30,40651,2025073004025115,GLH,Aryatara Investment & Securities,Dipshikha Dhitopatra Karobar Co. Pvt Ltd.,660,290.0,191400.0,2025-07-30 14:16:19.219199
2025-07-30,40650,2025073004025116,GLH,Aryatara Investment & Securities,Dipshikha Dhitopatra Karobar Co. Pvt Ltd.,160,290.0,46400.0,2025-07-30 14:16:19.219772
2025-07-30,40649,2025073004025117,GLH,Aryatara Investment & Securities,Siprabi Securities Pvt. Ltd.,460,290.0,133400.0,2025-07-30 14:16:19.220167
2025-07-30,40648,2025073004025118,GLH,Aryatara Investment & Securities,Sundhara Securities Limited,21,290.0,6090.0,2025-07-30 14:16:19.220580
2025-07-30,40196,2025073004025203,GLH,Sri Hari Securities Pvt. Ltd.,Sundhara Securities Limited,29,290.0,8410.0,2025-07-30 14:17:27.479026
2025-07-30,40195,2025073004025204,GLH,Sri Hari Securities Pvt. Ltd.,Siprabi Securities Pvt. Ltd.,150,290.0,43500.0,2025-07-30 14:17:27.479719
2025-07-30,40194,2025073004025205,GLH,Sri Hari Securities Pvt. Ltd.,Sani Securities Company Ltd.,10,290.0,2900.0,2025-07-30 14:17:27.480146
2025-07-30,39896,2025073004025294,GLH,Nepal Investment And Securities Trading Private Limited,Kohinoor Investment & Securities Pvt. Ltd.,10,291.9,2919.0,2025-07-30 14:18:13.889667
2025-07-30,39319,2025073004025439,GLH,Pragyan Securities (PVT) Ltd.,Aakashbhairab Securities Ltd.,1000,290.1,290100.0,2025-07-30 14:19:32.601515
2025-07-30,37860,2025073004025887,GLH,Sri Hari Securities Pvt. Ltd.,Dakshinkali Investment & Securities Pvt. Ltd.,111,290.0,32190.0,2025-07-30 14:22:26.787540
2025-07-30,37859,2025073004025888,GLH,Online Securities Pvt. Ltd.,Dakshinkali Investment & Securities Pvt. Ltd.,72,290.0,20880.0,2025-07-30 14:22:26.787856
2025-07-30,37132,2025073004026056,GLH,Siprabi Securities Pvt. Ltd.,Linch Stock Market Ltd.,200,289.3,57860.0,2025-07-30 14:23:21.370758
2025-07-30,37131,2025073004026057,GLH,Linch Stock Market Ltd.,Linch Stock Market Ltd.,300,289.3,86790.0,2025-07-30 14:23:21.371182
2025-07-30,37130,2025073004026058,GLH,Sani Securities Company Ltd.,Linch Stock Market Ltd.,50,289.1,14455.0,2025-07-30 14:23:21.371596
2025-07-30,37129,2025073004026059,GLH,Nagarik Stock Dealer ,Linch Stock Market Ltd.,1000,289.1,289100.0,2025-07-30 14:23:21.371972
2025-07-30,37128,2025073004026060,GLH,Siprabi Securities Pvt. Ltd.,Linch Stock Market Ltd.,290,289.0,83810.0,2025-07-30 14:23:21.372376
2025-07-30,37127,2025073004026061,GLH,Nagarik Stock Dealer ,Linch Stock Market Ltd.,665,289.0,192185.0,2025-07-30 14:23:21.372761
2025-07-30,37126,2025073004026062,GLH,Vision Securities Pvt. Ltd,Linch Stock Market Ltd.,500,289.0,144500.0,2025-07-30 14:23:21.373143
2025-07-30,37125,2025073004026063,GLH,Sri Hari Securities Pvt. Ltd.,Linch Stock Market Ltd.,995,289.0,287555.0,2025-07-30 14:23:21.373539
2025-07-30,37119,2025073004026064,GLH,Nepal Stock House (PVT) Ltd.,Dakshinkali Investment & Securities Pvt. Ltd.,10,290.0,2900.0,2025-07-30 14:23:23.092946
2025-07-30,37089,2025073004026076,GLH,Naasa Securities Co. Ltd.,Dakshinkali Investment & Securities Pvt. Ltd.,50,289.0,14450.0,2025-07-30 14:23:26.197109
2025-07-30,35778,2025073004026386,GLH,Cristal Kanchanjanga Securites Pvt. Ltd.,Naasa Securities Co. Ltd.,10,289.3,2893.0,2025-07-30 14:25:56.182793
2025-07-30,34668,2025073004026695,GLH,Agrawal Securities (PVT) Ltd.,SHUBHAKAMANA SECURITIES PVT. LTD,200,289.2,57840.0,2025-07-30 14:28:22.674774
2025-07-30,34667,2025073004026696,GLH,Cristal Kanchanjanga Securites Pvt. Ltd.,SHUBHAKAMANA SECURITIES PVT. LTD,10,289.1,2891.0,2025-07-30 14:28:22.675131
2025-07-30,34666,2025073004026697,GLH,Naasa Securities Co. Ltd.,SHUBHAKAMANA SECURITIES PVT. LTD,20,289.0,5780.0,2025-07-30 14:28:22.675272
2025-07-30,34665,2025073004026698,GLH,Dakshinkali Investment & Securities Pvt. Ltd.,SHUBHAKAMANA SECURITIES PVT. LTD,200,289.0,57800.0,2025-07-30 14:28:22.675452
2025-07-30,34664,2025073004026699,GLH,Online Securities Pvt. Ltd.,SHUBHAKAMANA SECURITIES PVT. LTD,70,289.0,20230.0,2025-07-30 14:28:22.675595
2025-07-30,34194,2025073004026820,GLH,Online Securities Pvt. Ltd.,Sani Securities Company Ltd.,23,289.0,6647.0,2025-07-30 14:29:27.304208
2025-07-30,33575,2025073004026963,GLH,Online Securities Pvt. Ltd.,Midas Stock Broking Company Private Limited,10,289.0,2890.0,2025-07-30 14:30:35.879217
2025-07-30,33160,2025073004027073,GLH,Online Securities Pvt. Ltd.,Kohinoor Investment & Securities Pvt. Ltd.,97,289.0,28033.0,2025-07-30 14:31:29.969843
2025-07-30,32886,2025073004027133,GLH,Vision Securities Pvt. Ltd,Naasa Securities Co. Ltd.,10,290.0,2900.0,2025-07-30 14:32:04.499122
2025-07-30,32438,2025073004027245,GLH,Vision Securities Pvt. Ltd,Dakshinkali Investment & Securities Pvt. Ltd.,190,290.0,55100.0,2025-07-30 14:32:45.900966
2025-07-30,31822,2025073004027355,GLH,Nepal Investment And Securities Trading Private Limited,Aryatara Investment & Securities,10,291.0,2910.0,2025-07-30 14:34:01.820693
2025-07-30,31522,2025073004027425,GLH,Nepal Stock House (PVT) Ltd.,Vision Securities Pvt. Ltd,300,289.0,86700.0,2025-07-30 14:34:24.826203
2025-07-30,31507,2025073004027427,GLH,Cristal Kanchanjanga Securites Pvt. Ltd.,Dakshinkali Investment & Securities Pvt. Ltd.,150,289.0,43350.0,2025-07-30 14:34:26.952808
2025-07-30,31101,2025073004027521,GLH,Cristal Kanchanjanga Securites Pvt. Ltd.,Opal Securities Investment (PVT) Ltd.,4000,289.0,1156000.0,2025-07-30 14:35:06.110153
2025-07-30,31047,2025073004027532,GLH,Cristal Kanchanjanga Securites Pvt. Ltd.,Premier Securities Company Ltd.,1350,289.0,390150.0,2025-07-30 14:35:11.357936
2025-07-30,31046,2025073004027533,GLH,Naasa Securities Co. Ltd.,Premier Securities Company Ltd.,485,289.0,140165.0,2025-07-30 14:35:11.358291
2025-07-30,30822,2025073004027618,GLH,Linch Stock Market Ltd.,Siprabi Securities Pvt. Ltd.,10,288.7,2887.0,2025-07-30 14:35:31.174687
2025-07-30,30704,2025073004027643,GLH,Linch Stock Market Ltd.,Sumeru Securities Pvt. Ltd.,290,288.7,83723.0,2025-07-30 14:35:42.905631
2025-07-30,30703,2025073004027644,GLH,Sipla Securities Private Limited,Sumeru Securities Pvt. Ltd.,250,288.6,72150.0,2025-07-30 14:35:42.905979
2025-07-30,30702,2025073004027645,GLH,Linch Stock Market Ltd.,Sumeru Securities Pvt. Ltd.,200,288.5,57700.0,2025-07-30 14:35:42.906117
2025-07-30,30701,2025073004027646,GLH,Asian Securities Private Ltd.,Sumeru Securities Pvt. Ltd.,260,288.5,75010.0,2025-07-30 14:35:42.906253
2025-07-30,30410,2025073004027723,GLH,Asian Securities Private Ltd.,Capital Max Securities Ltd,140,288.5,40390.0,2025-07-30 14:36:13.525393
2025-07-30,30409,2025073004027724,GLH,Primo Securities (PVT) Ltd.,Capital Max Securities Ltd,110,288.5,31735.0,2025-07-30 14:36:13.525716
2025-07-30,29799,2025073004027886,GLH,Primo Securities (PVT) Ltd.,Sani Securities Company Ltd.,890,288.5,256765.0,2025-07-30 14:37:03.738764
2025-07-30,29798,2025073004027887,GLH,Naasa Securities Co. Ltd.,Sani Securities Company Ltd.,50,288.4,14420.0,2025-07-30 14:37:03.738831
2025-07-30,29797,2025073004027888,GLH,Premier Securities Company Ltd.,Sani Securities Company Ltd.,20,288.4,5768.0,2025-07-30 14:37:03.738859
2025-07-30,29796,2025073004027889,GLH,Oxford Securities Pvt. Ltd.,Sani Securities Company Ltd.,50,288.2,14410.0,2025-07-30 14:37:03.738880
2025-07-30,29795,2025073004027890,GLH,Naasa Securities Co. Ltd.,Sani Securities Company Ltd.,300,288.2,86460.0,2025-07-30 14:37:03.738905
2025-07-30,29794,2025073004027891,GLH,Nepal Stock House (PVT) Ltd.,Sani Securities Company Ltd.,50,288.1,14405.0,2025-07-30 14:37:03.738927
2025-07-30,29068,2025073004028072,GLH,Ashutosh Brokerage & Securities (PVT) Ltd.,Premier Securities Company Ltd.,165,289.0,47685.0,2025-07-30 14:38:02.156470
2025-07-30,29067,2025073004028073,GLH,Ashutosh Brokerage & Securities (PVT) Ltd.,Capital Hub P. Ltd,635,289.0,183515.0,2025-07-30 14:38:02.156795
2025-07-30,27939,2025073004028494,GLH,Nepal Stock House (PVT) Ltd.,Kohinoor Investment & Securities Pvt. Ltd.,450,288.1,129645.0,2025-07-30 14:39:16.215369
2025-07-30,27938,2025073004028495,GLH,Online Securities Pvt. Ltd.,Kohinoor Investment & Securities Pvt. Ltd.,17,288.0,4896.0,2025-07-30 14:39:16.215734
2025-07-30,27937,2025073004028496,GLH,Dynamic Money Managers Securities Pvt. Ltd.,Kohinoor Investment & Securities Pvt. Ltd.,20,288.0,5760.0,2025-07-30 14:39:16.215876
2025-07-30,27936,2025073004028497,GLH,Nepal Investment And Securities Trading Private Limited,Kohinoor Investment & Securities Pvt. Ltd.,13,288.0,3744.0,2025-07-30 14:39:16.216013
2025-07-30,26556,2025073004029031,GLH,Nepal Investment And Securities Trading Private Limited,Secured Securities Ltd.,37,288.0,10656.0,2025-07-30 14:40:39.651031
2025-07-30,26555,2025073004029032,GLH,Aryatara Investment & Securities,Secured Securities Ltd.,500,288.0,144000.0,2025-07-30 14:40:39.651372
2025-07-30,26554,2025073004029033,GLH,Nepal Stock House (PVT) Ltd.,Secured Securities Ltd.,200,288.0,57600.0,2025-07-30 14:40:39.651520
2025-07-30,26553,2025073004029034,GLH,Trisul Securities & Invt. Ltd.,Secured Securities Ltd.,263,288.0,75744.0,2025-07-30 14:40:39.651661
2025-07-30,25920,2025073004029256,GLH,Trisul Securities & Invt. Ltd.,Dipshikha Dhitopatra Karobar Co. Pvt Ltd.,237,288.0,68256.0,2025-07-30 14:41:16.611894
2025-07-30,25919,2025073004029257,GLH,Capital Max Securities Ltd,Dipshikha Dhitopatra Karobar Co. Pvt Ltd.,10,288.0,2880.0,2025-07-30 14:41:16.612247
2025-07-30,25918,2025073004029258,GLH,Dipshikha Dhitopatra Karobar Co. Pvt Ltd.,Dipshikha Dhitopatra Karobar Co. Pvt Ltd.,176,288.0,50688.0,2025-07-30 14:41:16.612398
2025-07-30,25551,2025073004029382,GLH,Dipshikha Dhitopatra Karobar Co. Pvt Ltd.,Dakshinkali Investment & Securities Pvt. Ltd.,57,288.0,16416.0,2025-07-30 14:41:32.673817
2025-07-30,25508,2025073004029408,GLH,Dipshikha Dhitopatra Karobar Co. Pvt Ltd.,Midas Stock Broking Company Private Limited,19,288.0,5472.0,2025-07-30 14:41:34.594091
2025-07-30,23921,2025073004029931,GLH,Siprabi Securities Pvt. Ltd.,Dakshinkali Investment & Securities Pvt. Ltd.,100,288.9,28890.0,2025-07-30 14:43:09.914824
2025-07-30,23157,2025073004030116,GLH,Dipshikha Dhitopatra Karobar Co. Pvt Ltd.,Naasa Securities Co. Ltd.,10,288.1,2881.0,2025-07-30 14:43:56.818602
2025-07-30,21316,2025073004030520,GLH,Imperial Securities Company Pvt. Ltd.,J.F. Securites (PVT) Ltd.,10,288.3,2883.0,2025-07-30 14:45:34.359876
2025-07-30,21256,2025073004030528,GLH,Imperial Securities Company Pvt. Ltd.,Sundhara Securities Limited,10,288.3,2883.0,2025-07-30 14:45:39.776113
2025-07-30,20317,2025073004030745,GLH,Secured Securities Ltd.,Trishakti Securities Public Limited,100,288.5,28850.0,2025-07-30 14:46:51.814019
2025-07-30,20272,2025073004030760,GLH,Imperial Securities Company Pvt. Ltd.,Primo Securities (PVT) Ltd.,10,288.4,2884.0,2025-07-30 14:46:55.519993
2025-07-30,20005,2025073004030831,GLH,Sani Securities Company Ltd.,Trishakti Securities Public Limited,349,288.5,100686.5,2025-07-30 14:47:13.468363
2025-07-30,19769,2025073004030903,GLH,Imperial Securities Company Pvt. Ltd.,Kohinoor Investment & Securities Pvt. Ltd.,550,288.4,158620.0,2025-07-30 14:47:31.264051
2025-07-30,19228,2025073004031106,GLH,Imperial Securities Company Pvt. Ltd.,Naasa Securities Co. Ltd.,10,288.4,2884.0,2025-07-30 14:48:05.535772
2025-07-30,18748,2025073004031215,GLH,Dipshikha Dhitopatra Karobar Co. Pvt Ltd.,Trishakti Securities Public Limited,200,288.5,57700.0,2025-07-30 14:48:39.424898
2025-07-30,18722,2025073004031225,GLH,Neev Securities Pvt. Ltd.,Sani Securities Company Ltd.,20,288.3,5766.0,2025-07-30 14:48:41.963603
2025-07-30,18700,2025073004031231,GLH,Neev Securities Pvt. Ltd.,Naasa Securities Co. Ltd.,130,288.3,37479.0,2025-07-30 14:48:45.326264
2025-07-30,18699,2025073004031232,GLH,Imperial Securities Company Pvt. Ltd.,Naasa Securities Co. Ltd.,170,288.3,49011.0,2025-07-30 14:48:45.326992
2025-07-30,18290,2025073004031355,GLH,Linch Stock Market Ltd.,Trishakti Securities Public Limited,200,288.5,57700.0,2025-07-30 14:49:13.207627
2025-07-30,17678,2025073004031489,GLH,South Asian Bulls Pvt. Ltd.,Trishakti Securities Public Limited,151,288.5,43563.5,2025-07-30 14:49:42.869191
2025-07-30,17677,2025073004031490,GLH,South Asian Bulls Pvt. Ltd.,Siprabi Securities Pvt. Ltd.,50,288.5,14425.0,2025-07-30 14:49:42.869563
2025-07-30,16879,2025073004031715,GLH,Dipshikha Dhitopatra Karobar Co. Pvt Ltd.,Midas Stock Broking Company Private Limited,50,288.2,14410.0,2025-07-30 14:50:29.648681
2025-07-30,16397,2025073004031845,GLH,Dipshikha Dhitopatra Karobar Co. Pvt Ltd.,Linch Stock Market Ltd.,350,288.2,100870.0,2025-07-30 14:50:55.633403
2025-07-30,16396,2025073004031846,GLH,Imperial Securities Company Pvt. Ltd.,Linch Stock Market Ltd.,240,288.2,69168.0,2025-07-30 14:50:55.633749
2025-07-30,16395,2025073004031847,GLH,Dipshikha Dhitopatra Karobar Co. Pvt Ltd.,Linch Stock Market Ltd.,390,288.1,112359.0,2025-07-30 14:50:55.633897
2025-07-30,16394,2025073004031848,GLH,Midas Stock Broking Company Private Limited,Linch Stock Market Ltd.,1000,288.1,288100.0,2025-07-30 14:50:55.634039
2025-07-30,16393,2025073004031849,GLH,Nepal Stock House (PVT) Ltd.,Linch Stock Market Ltd.,85,288.1,24488.5,2025-07-30 14:50:55.634174
2025-07-30,16392,2025073004031850,GLH,Dipshikha Dhitopatra Karobar Co. Pvt Ltd.,Linch Stock Market Ltd.,248,288.0,71424.0,2025-07-30 14:50:55.634322
2025-07-30,16391,2025073004031851,GLH,Vision Securities Pvt. Ltd,Linch Stock Market Ltd.,50,288.0,14400.0,2025-07-30 14:50:55.634479
2025-07-30,16390,2025073004031852,GLH,Nepal Stock House (PVT) Ltd.,Linch Stock Market Ltd.,200,288.0,57600.0,2025-07-30 14:50:55.634611
2025-07-30,16389,2025073004031853,GLH,Malla & Malla Stock Broking Company Pvt. Limited,Linch Stock Market Ltd.,100,288.0,28800.0,2025-07-30 14:50:55.634752
2025-07-30,16388,2025073004031854,GLH,Premier Securities Company Ltd.,Linch Stock Market Ltd.,200,288.0,57600.0,2025-07-30 14:50:55.634921
2025-07-30,16387,2025073004031855,GLH,MILKY WAY SHARE BROKER COMPANY LTD ,Linch Stock Market Ltd.,90,288.0,25920.0,2025-07-30 14:50:55.635060
2025-07-30,16386,2025073004031856,GLH,Oxford Securities Pvt. Ltd.,Linch Stock Market Ltd.,500,288.0,144000.0,2025-07-30 14:50:55.635195
2025-07-30,16385,2025073004031857,GLH,Agrawal Securities (PVT) Ltd.,Linch Stock Market Ltd.,50,288.0,14400.0,2025-07-30 14:50:55.635336
2025-07-30,16384,2025073004031858,GLH,Capital Max Securities Ltd,Linch Stock Market Ltd.,10,288.0,2880.0,2025-07-30 14:50:55.635473
2025-07-30,16383,2025073004031859,GLH,Aryatara Investment & Securities,Linch Stock Market Ltd.,150,288.0,43200.0,2025-07-30 14:50:55.635610
2025-07-30,16340,2025073004031866,GLH,Blue Chip Securities Ltd,Linch Stock Market Ltd.,837,288.0,241056.0,2025-07-30 14:50:57.429271
2025-07-30,16339,2025073004031867,GLH,Blue Chip Securities Ltd,Aryatara Investment & Securities,10,288.5,2885.0,2025-07-30 14:50:57.429342
2025-07-30,16338,2025073004031868,GLH,Blue Chip Securities Ltd,Naasa Securities Co. Ltd.,70,288.6,20202.0,2025-07-30 14:50:57.429369
2025-07-30,16337,2025073004031869,GLH,Blue Chip Securities Ltd,Sewa Securities Pvt. Ltd.,83,288.9,23978.7,2025-07-30 14:50:57.429397
2025-07-30,15929,2025073004031949,GLH,Asian Securities Private Ltd.,Trishakti Securities Public Limited,10,287.7,2877.0,2025-07-30 14:51:14.911726
2025-07-30,15758,2025073004032006,GLH,Asian Securities Private Ltd.,Dynamic Money Managers Securities Pvt. Ltd.,90,287.7,25893.0,2025-07-30 14:51:21.902417
2025-07-30,14654,2025073004032357,GLH,Malla & Malla Stock Broking Company Pvt. Limited,Trishakti Securities Public Limited,500,287.5,143750.0,2025-07-30 14:52:09.736894
2025-07-30,14310,2025073004032494,GLH,Trisul Securities & Invt. Ltd.,Dynamic Money Managers Securities Pvt. Ltd.,100,287.7,28770.0,2025-07-30 14:52:22.945766
2025-07-30,13957,2025073004032593,GLH,Siprabi Securities Pvt. Ltd.,Dynamic Money Managers Securities Pvt. Ltd.,100,287.7,28770.0,2025-07-30 14:52:39.264457
2025-07-30,13488,2025073004032784,GLH,Ashutosh Brokerage & Securities (PVT) Ltd.,Dipshikha Dhitopatra Karobar Co. Pvt Ltd.,50,287.3,14365.0,2025-07-30 14:53:00.919245
2025-07-30,13487,2025073004032785,GLH,Naasa Securities Co. Ltd.,Dipshikha Dhitopatra Karobar Co. Pvt Ltd.,100,287.3,28730.0,2025-07-30 14:53:00.919673
2025-07-30,13486,2025073004032786,GLH,Swarna Laxmi Securities Pvt. Ltd.,Dipshikha Dhitopatra Karobar Co. Pvt Ltd.,307,287.2,88170.4,2025-07-30 14:53:00.919930
2025-07-30,13485,2025073004032787,GLH,Trisul Securities & Invt. Ltd.,Dipshikha Dhitopatra Karobar Co. Pvt Ltd.,100,287.1,28710.0,2025-07-30 14:53:00.920075
2025-07-30,13484,2025073004032788,GLH,Online Securities Pvt. Ltd.,Dipshikha Dhitopatra Karobar Co. Pvt Ltd.,93,287.0,26691.0,2025-07-30 14:53:00.920258
2025-07-30,12457,2025073004033082,GLH,Online Securities Pvt. Ltd.,Naasa Securities Co. Ltd.,10,287.0,2870.0,2025-07-30 14:53:40.072294
2025-07-30,12441,2025073004033085,GLH,Online Securities Pvt. Ltd.,Sweta Securities Private Limited,100,287.0,28700.0,2025-07-30 14:53:40.400524
2025-07-30,12343,2025073004033089,GLH,Siprabi Securities Pvt. Ltd.,Vision Securities Pvt. Ltd,150,287.5,43125.0,2025-07-30 14:53:41.308874
2025-07-30,12310,2025073004033094,GLH,Online Securities Pvt. Ltd.,Ashutosh Brokerage & Securities (PVT) Ltd.,66,287.0,18942.0,2025-07-30 14:53:42.385783
2025-07-30,12068,2025073004033167,GLH,Online Securities Pvt. Ltd.,Neev Securities Pvt. Ltd.,74,287.0,21238.0,2025-07-30 14:53:53.231443
2025-07-30,12067,2025073004033168,GLH,Primo Securities (PVT) Ltd.,Neev Securities Pvt. Ltd.,126,287.0,36162.0,2025-07-30 14:53:53.231748
2025-07-30,12059,2025073004033169,GLH,Primo Securities (PVT) Ltd.,Midas Stock Broking Company Private Limited,74,287.0,21238.0,2025-07-30 14:53:53.574282
2025-07-30,12058,2025073004033170,GLH,Vision Securities Pvt. Ltd,Midas Stock Broking Company Private Limited,200,287.0,57400.0,2025-07-30 14:53:53.574632
2025-07-30,12057,2025073004033171,GLH,Naasa Securities Co. Ltd.,Midas Stock Broking Company Private Limited,50,287.0,14350.0,2025-07-30 14:53:53.574825
2025-07-30,12056,2025073004033172,GLH,Blue Chip Securities Ltd,Midas Stock Broking Company Private Limited,100,287.0,28700.0,2025-07-30 14:53:53.575012
2025-07-30,12055,2025073004033173,GLH,Nepal Investment And Securities Trading Private Limited,Midas Stock Broking Company Private Limited,100,287.0,28700.0,2025-07-30 14:53:53.575205
2025-07-30,12054,2025073004033174,GLH,Neev Securities Pvt. Ltd.,Midas Stock Broking Company Private Limited,230,287.0,66010.0,2025-07-30 14:53:53.575415
2025-07-30,11990,2025073004033209,GLH,Deevyaa Securities & Stock House Pvt. Ltd,Sani Securities Company Ltd.,100,286.4,28640.0,2025-07-30 14:53:56.174820
2025-07-30,11989,2025073004033210,GLH,Sri Hari Securities Pvt. Ltd.,Sani Securities Company Ltd.,250,286.3,71575.0,2025-07-30 14:53:56.174887
2025-07-30,11859,2025073004033244,GLH,Dipshikha Dhitopatra Karobar Co. Pvt Ltd.,Midas Stock Broking Company Private Limited,100,287.0,28700.0,2025-07-30 14:54:02.551255
2025-07-30,11710,2025073004033288,GLH,Imperial Securities Company Pvt. Ltd.,Midas Stock Broking Company Private Limited,146,287.0,41902.0,2025-07-30 14:54:08.507197
2025-07-30,11310,2025073004033393,GLH,Imperial Securities Company Pvt. Ltd.,Online Securities Pvt. Ltd.,54,287.0,15498.0,2025-07-30 14:54:23.874188
2025-07-30,10856,2025073004033598,GLH,Primo Securities (PVT) Ltd.,Online Securities Pvt. Ltd.,283,287.0,81221.0,2025-07-30 14:54:36.013044
2025-07-30,10801,2025073004033615,GLH,Aryatara Investment & Securities,Online Securities Pvt. Ltd.,13,287.0,3731.0,2025-07-30 14:54:38.109412
2025-07-30,10720,2025073004033653,GLH,Deevyaa Securities & Stock House Pvt. Ltd,Online Securities Pvt. Ltd.,100,287.0,28700.0,2025-07-30 14:54:40.770086
2025-07-30,9336,2025073004034053,GLH,Premier Securities Company Ltd.,Swarna Laxmi Securities Pvt. Ltd.,500,286.4,143200.0,2025-07-30 14:55:39.205375
2025-07-30,9090,2025073004034157,GLH,Sri Hari Securities Pvt. Ltd.,Imperial Securities Company Pvt. Ltd.,200,286.3,57260.0,2025-07-30 14:55:49.239368
2025-07-30,8791,2025073004034226,GLH,Sani Securities Company Ltd.,Linch Stock Market Ltd.,100,286.5,28650.0,2025-07-30 14:56:00.781837
2025-07-30,8740,2025073004034236,GLH,Midas Stock Broking Company Private Limited,Online Securities Pvt. Ltd.,50,287.0,14350.0,2025-07-30 14:56:02.510136
2025-07-30,8739,2025073004034237,GLH,Midas Stock Broking Company Private Limited,Imperial Securities Company Pvt. Ltd.,50,287.0,14350.0,2025-07-30 14:56:02.510465
2025-07-30,8571,2025073004034281,GLH,Sani Securities Company Ltd.,Shree Krishna Securities Ltd.,10,286.5,2865.0,2025-07-30 14:56:09.975525
2025-07-30,8494,2025073004034309,GLH,Online Securities Pvt. Ltd.,Imperial Securities Company Pvt. Ltd.,500,287.0,143500.0,2025-07-30 14:56:12.480999
2025-07-30,7956,2025073004034488,GLH,Sani Securities Company Ltd.,Deevyaa Securities & Stock House Pvt. Ltd,190,286.5,54435.0,2025-07-30 14:56:32.978452
2025-07-30,7955,2025073004034489,GLH,Sri Hari Securities Pvt. Ltd.,Deevyaa Securities & Stock House Pvt. Ltd,330,286.3,94479.0,2025-07-30 14:56:32.978765
2025-07-30,7930,2025073004034495,GLH,Sweta Securities Private Limited,Imperial Securities Company Pvt. Ltd.,450,287.0,129150.0,2025-07-30 14:56:34.690490
2025-07-30,7929,2025073004034496,GLH,Sweta Securities Private Limited,Asian Securities Private Ltd.,50,287.0,14350.0,2025-07-30 14:56:34.691128
2025-07-30,7656,2025073004034574,GLH,Nepal Stock House (PVT) Ltd.,Capital Max Securities Ltd,19,286.5,5443.5,2025-07-30 14:56:43.605018
2025-07-30,7484,2025073004034621,GLH,Nepal Stock House (PVT) Ltd.,Sharepro Securities Private Limited,1981,286.5,567556.5,2025-07-30 14:56:48.779451
2025-07-30,7483,2025073004034622,GLH,Sri Hari Securities Pvt. Ltd.,Sharepro Securities Private Limited,220,286.3,62986.0,2025-07-30 14:56:48.780065
2025-07-30,7482,2025073004034623,GLH,Naasa Securities Co. Ltd.,Sharepro Securities Private Limited,100,286.3,28630.0,2025-07-30 14:56:48.780490
2025-07-30,7481,2025073004034624,GLH,Naasa Securities Co. Ltd.,Sharepro Securities Private Limited,1000,286.3,286300.0,2025-07-30 14:56:48.780879
2025-07-30,7173,2025073004034742,GLH,Sharepro Securities Private Limited,Sundhara Securities Limited,4700,286.2,1345140.0,2025-07-30 14:56:58.916053
2025-07-30,6911,2025073004034848,GLH,Sharepro Securities Private Limited,Thrive Brokerage House Pvt. Ltd,50,286.2,14310.0,2025-07-30 14:57:09.021055
2025-07-30,6550,2025073004034964,GLH,Naasa Securities Co. Ltd.,Sharepro Securities Private Limited,100,286.3,28630.0,2025-07-30 14:57:20.146636
2025-07-30,6198,2025073004035070,GLH,Midas Stock Broking Company Private Limited,Sharepro Securities Private Limited,400,286.3,114520.0,2025-07-30 14:57:29.435004
2025-07-30,6185,2025073004035072,GLH,Sharepro Securities Private Limited,Naasa Securities Co. Ltd.,200,286.2,57240.0,2025-07-30 14:57:29.800387
2025-07-30,6184,2025073004035073,GLH,Sharepro Securities Private Limited,Dipshikha Dhitopatra Karobar Co. Pvt Ltd.,10,286.2,2862.0,2025-07-30 14:57:29.859720
2025-07-30,5782,2025073004035197,GLH,South Asian Bulls Pvt. Ltd.,Sharepro Securities Private Limited,199,286.3,56973.7,2025-07-30 14:57:42.355955
2025-07-30,5304,2025073004035335,GLH,Vision Securities Pvt. Ltd,Linch Stock Market Ltd.,200,286.3,57260.0,2025-07-30 14:57:56.845397
2025-07-30,5303,2025073004035336,GLH,Nepal Stock House (PVT) Ltd.,Linch Stock Market Ltd.,100,286.3,28630.0,2025-07-30 14:57:56.845447
2025-07-30,5288,2025073004035338,GLH,Nepal Stock House (PVT) Ltd.,Sharepro Securities Private Limited,5900,286.3,1689170.0,2025-07-30 14:57:57.553881
2025-07-30,5044,2025073004035401,GLH,Nepal Stock House (PVT) Ltd.,Sharepro Securities Private Limited,100,286.3,28630.0,2025-07-30 14:58:04.000618
2025-07-30,5043,2025073004035402,GLH,Nepal Stock House (PVT) Ltd.,Asian Securities Private Ltd.,150,287.0,43050.0,2025-07-30 14:58:04.000931
2025-07-30,3069,2025073004035963,GLH,Naasa Securities Co. Ltd.,Kumari Securities Private Limited,100,286.4,28640.0,2025-07-30 14:58:56.308273
2025-07-30,3068,2025073004035964,GLH,Trisul Securities & Invt. Ltd.,Kumari Securities Private Limited,50,286.3,14315.0,2025-07-30 14:58:56.308583
2025-07-30,3067,2025073004035965,GLH,Dipshikha Dhitopatra Karobar Co. Pvt Ltd.,Kumari Securities Private Limited,850,286.3,243355.0,2025-07-30 14:58:56.308737
2025-07-30,2822,2025073004036026,GLH,Thrive Brokerage House Pvt. Ltd,Market Securities & Exchange (PVT) Ltd.,10,286.4,2864.0,2025-07-30 14:59:02.780460
2025-07-30,2821,2025073004036027,GLH,Thrive Brokerage House Pvt. Ltd,Dynamic Money Managers Securities Pvt. Ltd.,330,286.9,94677.0,2025-07-30 14:59:02.780750
2025-07-30,1946,2025073004036253,GLH,Kumari Securities Private Limited,Asian Securities Private Ltd.,110,287.0,31570.0,2025-07-30 14:59:23.306293
2025-07-30,1945,2025073004036254,GLH,Kumari Securities Private Limited,Thrive Brokerage House Pvt. Ltd,60,287.0,17220.0,2025-07-30 14:59:23.306605
2025-07-30,1944,2025073004036255,GLH,Kumari Securities Private Limited,Premier Securities Company Ltd.,500,287.0,143500.0,2025-07-30 14:59:23.306747
2025-07-30,1943,2025073004036256,GLH,Kumari Securities Private Limited,Sundhara Securities Limited,330,287.0,94710.0,2025-07-30 14:59:23.306895
2025-07-30,1890,2025073004036269,GLH,Thrive Brokerage House Pvt. Ltd,Neev Securities Pvt. Ltd.,160,286.9,45904.0,2025-07-30 14:59:24.651671
2025-07-30,1889,2025073004036270,GLH,South Asian Bulls Pvt. Ltd.,Neev Securities Pvt. Ltd.,340,286.5,97410.0,2025-07-30 14:59:24.651972
2025-07-30,1622,2025073004036339,GLH,South Asian Bulls Pvt. Ltd.,ABC Securities Private Limited,449,286.5,128638.5,2025-07-30 14:59:30.142187
2025-07-30,1621,2025073004036340,GLH,Dipshikha Dhitopatra Karobar Co. Pvt Ltd.,ABC Securities Private Limited,51,286.3,14601.3,2025-07-30 14:59:30.142550
2025-07-30,1389,2025073004036400,GLH,Sharepro Securities Private Limited,Trishakti Securities Public Limited,1500,286.9,430350.0,2025-07-30 14:59:35.499826
2025-07-30,1388,2025073004036401,GLH,Sharepro Securities Private Limited,Sundhara Securities Limited,170,287.0,48790.0,2025-07-30 14:59:35.500151
2025-07-30,1234,2025073004036441,GLH,Sharepro Securities Private Limited,Imperial Securities Company Pvt. Ltd.,330,287.0,94710.0,2025-07-30 14:59:38.361145
2025-07-30,1233,2025073004036442,GLH,Agrawal Securities (PVT) Ltd.,Imperial Securities Company Pvt. Ltd.,50,286.5,14325.0,2025-07-30 14:59:38.361193
2025-07-30,1232,2025073004036443,GLH,Dipshikha Dhitopatra Karobar Co. Pvt Ltd.,Imperial Securities Company Pvt. Ltd.,99,286.3,28343.7,2025-07-30 14:59:38.361222
2025-07-30,1231,2025073004036444,GLH,Nepal Stock House (PVT) Ltd.,Imperial Securities Company Pvt. Ltd.,21,286.3,6012.3,2025-07-30 14:59:38.361251
2025-07-30,995,2025073004036510,GLH,BHOLE GANESH SECURITIES LTD,NIMB Stock Markets Limited,15,287.0,4305.0,2025-07-30 14:59:42.194666
2025-07-30,994,2025073004036511,GLH,Nepal Stock House (PVT) Ltd.,NIMB Stock Markets Limited,2385,286.3,682825.5,2025-07-30 14:59:42.195346
2025-07-30,874,2025073004036552,GLH,Nepal Stock House (PVT) Ltd.,Global IME Securities Limited,594,286.3,170062.2,2025-07-30 14:59:44.547063
2025-07-30,873,2025073004036553,GLH,Sharepro Securities Private Limited,Global IME Securities Limited,1606,286.2,459637.2,2025-07-30 14:59:44.547353
2025-07-30,366,2025073004036703,GLH,Opal Securities Investment (PVT) Ltd.,Dynamic Money Managers Securities Pvt. Ltd.,10,287.0,2870.0,2025-07-30 14:59:54.272806
2025-07-30,218,2025073004036723,GLH,Kumari Securities Private Limited,Linch Stock Market Ltd.,1000,286.4,286400.0,2025-07-30 14:59:56.590152
2025-07-30,217,2025073004036724,GLH,Sharepro Securities Private Limited,Linch Stock Market Ltd.,2000,286.2,572400.0,2025-07-30 14:59:56.590467
