Date,S.N.,Contract ID,Symbol,Buyer Broker,Seller Broker,volume,rate,amount,transaction_time
2025-07-30,136217,2025073004001046,HPPL,Kumari Securities Private Limited,Premier Securities Company Ltd.,10,535.0,5350.0,2025-07-30 11:11:38.795600
2025-07-30,136216,2025073004001047,HPPL,Vision Securities Pvt. Ltd,Premier Securities Company Ltd.,265,535.0,141775.0,2025-07-30 11:11:38.795687
2025-07-30,136215,2025073004001048,HPPL,Cristal Kanchanjanga Securites Pvt. Ltd.,Premier Securities Company Ltd.,500,534.0,267000.0,2025-07-30 11:11:38.795724
2025-07-30,136214,2025073004001049,HPPL,Kohinoor Investment & Securities Pvt. Ltd.,Premier Securities Company Ltd.,100,534.0,53400.0,2025-07-30 11:11:38.795762
2025-07-30,136213,2025073004001050,HPPL,Kalika Securities Pvt. Ltd.,Premier Securities Company Ltd.,150,533.3,79995.0,2025-07-30 11:11:38.795796
2025-07-30,136212,2025073004001051,HPPL,Sri Hari Securities Pvt. Ltd.,Premier Securities Company Ltd.,500,533.3,266650.0,2025-07-30 11:11:38.795829
2025-07-30,136211,2025073004001052,HPPL,Infinity Securities Limited,Premier Securities Company Ltd.,300,533.2,159960.0,2025-07-30 11:11:38.795861
2025-07-30,136210,2025073004001053,HPPL,Naasa Securities Co. Ltd.,Premier Securities Company Ltd.,675,533.0,359775.0,2025-07-30 11:11:38.795894
2025-07-30,135582,2025073004001195,HPPL,Naasa Securities Co. Ltd.,Nepal Stock House (PVT) Ltd.,10,533.0,5330.0,2025-07-30 11:12:42.021735
2025-07-30,135407,2025073004001241,HPPL,Naasa Securities Co. Ltd.,Premier Securities Company Ltd.,10,533.0,5330.0,2025-07-30 11:12:57.218158
2025-07-30,134234,2025073004001540,HPPL,Swarna Laxmi Securities Pvt. Ltd.,Naasa Securities Co. Ltd.,20,534.0,10680.0,2025-07-30 11:14:44.013204
2025-07-30,134233,2025073004001541,HPPL,Naasa Securities Co. Ltd.,Naasa Securities Co. Ltd.,305,533.0,162565.0,2025-07-30 11:14:44.013287
2025-07-30,134232,2025073004001542,HPPL,Naasa Securities Co. Ltd.,Naasa Securities Co. Ltd.,50,533.0,26650.0,2025-07-30 11:14:44.013339
2025-07-30,133906,2025073004001593,HPPL,Nagarik Stock Dealer ,Naasa Securities Co. Ltd.,60,533.0,31980.0,2025-07-30 11:15:07.471307
2025-07-30,133749,2025073004001637,HPPL,Citizens Share Broker Limited,Linch Stock Market Ltd.,100,539.0,53900.0,2025-07-30 11:15:24.589544
2025-07-30,133748,2025073004001638,HPPL,Citizens Share Broker Limited,Trishakti Securities Public Limited,350,539.9,188965.0,2025-07-30 11:15:24.589612
2025-07-30,133747,2025073004001639,HPPL,Citizens Share Broker Limited,Vision Securities Pvt. Ltd,50,540.0,27000.0,2025-07-30 11:15:24.589640
2025-07-30,130020,2025073004002573,HPPL,Naasa Securities Co. Ltd.,Asian Securities Private Ltd.,20,539.0,10780.0,2025-07-30 11:21:47.089743
2025-07-30,130019,2025073004002574,HPPL,Naasa Securities Co. Ltd.,Aryatara Investment & Securities,100,539.0,53900.0,2025-07-30 11:21:47.089873
2025-07-30,130018,2025073004002575,HPPL,Naasa Securities Co. Ltd.,Linch Stock Market Ltd.,500,540.0,270000.0,2025-07-30 11:21:47.089923
2025-07-30,130017,2025073004002576,HPPL,Naasa Securities Co. Ltd.,Linch Stock Market Ltd.,100,540.0,54000.0,2025-07-30 11:21:47.089989
2025-07-30,130016,2025073004002577,HPPL,Naasa Securities Co. Ltd.,Asian Securities Private Ltd.,100,540.0,54000.0,2025-07-30 11:21:47.090040
2025-07-30,130015,2025073004002578,HPPL,Naasa Securities Co. Ltd.,Secured Securities Ltd.,180,540.0,97200.0,2025-07-30 11:21:47.090079
2025-07-30,126281,2025073004003474,HPPL,Dynamic Money Managers Securities Pvt. Ltd.,Neev Securities Pvt. Ltd.,200,539.0,107800.0,2025-07-30 11:28:16.659721
2025-07-30,125667,2025073004003604,HPPL,Dynamic Money Managers Securities Pvt. Ltd.,Linch Stock Market Ltd.,100,539.0,53900.0,2025-07-30 11:29:20.903131
2025-07-30,125518,2025073004003643,HPPL,Dipshikha Dhitopatra Karobar Co. Pvt Ltd.,Premier Securities Company Ltd.,10,534.0,5340.0,2025-07-30 11:29:44.378401
2025-07-30,124451,2025073004003882,HPPL,Dipshikha Dhitopatra Karobar Co. Pvt Ltd.,J.F. Securites (PVT) Ltd.,20,534.0,10680.0,2025-07-30 11:31:47.771541
2025-07-30,123717,2025073004004053,HPPL,Dipshikha Dhitopatra Karobar Co. Pvt Ltd.,Linch Stock Market Ltd.,10,534.0,5340.0,2025-07-30 11:33:16.135638
2025-07-30,121590,2025073004004577,HPPL,Sani Securities Company Ltd.,Asian Securities Private Ltd.,10,534.0,5340.0,2025-07-30 11:38:18.936319
2025-07-30,120727,2025073004004784,HPPL,Sani Securities Company Ltd.,Sundhara Securities Limited,10,534.0,5340.0,2025-07-30 11:40:01.130673
2025-07-30,120589,2025073004004812,HPPL,Sani Securities Company Ltd.,K.B.L. Securities Limited ,10,534.0,5340.0,2025-07-30 11:40:22.651059
2025-07-30,118757,2025073004005216,HPPL,Naasa Securities Co. Ltd.,Bhrikuti Stock Broking Co. Pvt. Ltd.,100,537.5,53750.0,2025-07-30 11:44:15.255633
2025-07-30,118756,2025073004005217,HPPL,Naasa Securities Co. Ltd.,Indira securities pvt. ltd,320,538.0,172160.0,2025-07-30 11:44:15.255955
2025-07-30,118755,2025073004005218,HPPL,Naasa Securities Co. Ltd.,Dipshikha Dhitopatra Karobar Co. Pvt Ltd.,80,538.0,43040.0,2025-07-30 11:44:15.256116
2025-07-30,113961,2025073004006508,HPPL,Naasa Securities Co. Ltd.,Asian Securities Private Ltd.,40,537.0,21480.0,2025-07-30 11:55:25.019870
2025-07-30,113960,2025073004006509,HPPL,Naasa Securities Co. Ltd.,Creative Securities Pvt Ltd,500,537.0,268500.0,2025-07-30 11:55:25.020045
2025-07-30,113959,2025073004006510,HPPL,Naasa Securities Co. Ltd.,Linch Stock Market Ltd.,160,537.9,86064.0,2025-07-30 11:55:25.020108
2025-07-30,113958,2025073004006511,HPPL,Naasa Securities Co. Ltd.,Dipshikha Dhitopatra Karobar Co. Pvt Ltd.,300,538.0,161400.0,2025-07-30 11:55:25.020167
2025-07-30,113604,2025073004006593,HPPL,Citizens Share Broker Limited,Dipshikha Dhitopatra Karobar Co. Pvt Ltd.,20,538.0,10760.0,2025-07-30 11:56:23.276560
2025-07-30,113603,2025073004006594,HPPL,Citizens Share Broker Limited,Linch Stock Market Ltd.,45,539.9,24295.5,2025-07-30 11:56:23.276630
2025-07-30,113602,2025073004006595,HPPL,Citizens Share Broker Limited,Asian Securities Private Ltd.,100,539.9,53990.0,2025-07-30 11:56:23.276659
2025-07-30,113601,2025073004006596,HPPL,Citizens Share Broker Limited,Vision Securities Pvt. Ltd,35,539.9,18896.5,2025-07-30 11:56:23.276687
2025-07-30,112973,2025073004006783,HPPL,Aryatara Investment & Securities,Aryatara Investment & Securities,10,535.0,5350.0,2025-07-30 11:58:01.051170
2025-07-30,112372,2025073004006939,HPPL,Opal Securities Investment (PVT) Ltd.,Vision Securities Pvt. Ltd,465,539.9,251053.5,2025-07-30 11:59:30.534157
2025-07-30,112371,2025073004006940,HPPL,Opal Securities Investment (PVT) Ltd.,Secured Securities Ltd.,35,540.0,18900.0,2025-07-30 11:59:30.534199
2025-07-30,111080,2025073004007266,HPPL,Agrawal Securities (PVT) Ltd.,Secured Securities Ltd.,500,540.0,270000.0,2025-07-30 12:02:28.391652
2025-07-30,110927,2025073004007292,HPPL,Aryatara Investment & Securities,Nepal Stock House (PVT) Ltd.,10,536.0,5360.0,2025-07-30 12:02:54.929020
2025-07-30,110675,2025073004007336,HPPL,Bhrikuti Stock Broking Co. Pvt. Ltd.,Dakshinkali Investment & Securities Pvt. Ltd.,460,539.9,248354.0,2025-07-30 12:03:39.078602
2025-07-30,110674,2025073004007337,HPPL,Bhrikuti Stock Broking Co. Pvt. Ltd.,Secured Securities Ltd.,40,540.0,21600.0,2025-07-30 12:03:39.078707
2025-07-30,105286,2025073004008501,HPPL,ABC Securities Private Limited,Premier Securities Company Ltd.,200,539.0,107800.0,2025-07-30 12:13:12.671205
2025-07-30,105285,2025073004008502,HPPL,ABC Securities Private Limited,Dynamic Money Managers Securities Pvt. Ltd.,500,539.0,269500.0,2025-07-30 12:13:12.671266
2025-07-30,105284,2025073004008503,HPPL,ABC Securities Private Limited,Opal Securities Investment (PVT) Ltd.,250,539.8,134950.0,2025-07-30 12:13:12.671298
2025-07-30,105283,2025073004008504,HPPL,ABC Securities Private Limited,Opal Securities Investment (PVT) Ltd.,525,539.9,283447.5,2025-07-30 12:13:12.671339
2025-07-30,105282,2025073004008505,HPPL,ABC Securities Private Limited,Asian Securities Private Ltd.,100,539.9,53990.0,2025-07-30 12:13:12.671370
2025-07-30,105281,2025073004008506,HPPL,ABC Securities Private Limited,SUN SECURITIES PVT LTD,10,539.9,5399.0,2025-07-30 12:13:12.671397
2025-07-30,105280,2025073004008507,HPPL,ABC Securities Private Limited,Secured Securities Ltd.,45,540.0,24300.0,2025-07-30 12:13:12.671424
2025-07-30,105279,2025073004008508,HPPL,ABC Securities Private Limited,Siprabi Securities Pvt. Ltd.,65,540.0,35100.0,2025-07-30 12:13:12.671449
2025-07-30,105278,2025073004008509,HPPL,ABC Securities Private Limited,Ashutosh Brokerage & Securities (PVT) Ltd.,305,540.0,164700.0,2025-07-30 12:13:12.671474
2025-07-30,104265,2025073004008707,HPPL,ABC Securities Private Limited,Ashutosh Brokerage & Securities (PVT) Ltd.,1000,540.0,540000.0,2025-07-30 12:14:54.735513
2025-07-30,102916,2025073004008995,HPPL,ABC Securities Private Limited,Imperial Securities Company Pvt. Ltd.,25,539.9,13497.5,2025-07-30 12:17:22.819509
2025-07-30,102915,2025073004008996,HPPL,ABC Securities Private Limited,Imperial Securities Company Pvt. Ltd.,200,539.9,107980.0,2025-07-30 12:17:22.819642
2025-07-30,102914,2025073004008997,HPPL,ABC Securities Private Limited,Ashutosh Brokerage & Securities (PVT) Ltd.,1145,540.0,618300.0,2025-07-30 12:17:22.819724
2025-07-30,102913,2025073004008998,HPPL,ABC Securities Private Limited,Nepal Stock House (PVT) Ltd.,280,540.0,151200.0,2025-07-30 12:17:22.819820
2025-07-30,102912,2025073004008999,HPPL,ABC Securities Private Limited,Trisul Securities & Invt. Ltd.,300,540.0,162000.0,2025-07-30 12:17:22.819940
2025-07-30,102911,2025073004009000,HPPL,ABC Securities Private Limited,Linch Stock Market Ltd.,500,540.0,270000.0,2025-07-30 12:17:22.820061
2025-07-30,102910,2025073004009001,HPPL,ABC Securities Private Limited,Opal Securities Investment (PVT) Ltd.,200,540.0,108000.0,2025-07-30 12:17:22.820191
2025-07-30,102909,2025073004009002,HPPL,ABC Securities Private Limited,Imperial Securities Company Pvt. Ltd.,20,540.0,10800.0,2025-07-30 12:17:22.820291
2025-07-30,102908,2025073004009003,HPPL,ABC Securities Private Limited,Dynamic Money Managers Securities Pvt. Ltd.,1000,540.0,540000.0,2025-07-30 12:17:22.820452
2025-07-30,102907,2025073004009004,HPPL,ABC Securities Private Limited,Cristal Kanchanjanga Securites Pvt. Ltd.,20,540.0,10800.0,2025-07-30 12:17:22.820560
2025-07-30,102906,2025073004009005,HPPL,ABC Securities Private Limited,ABC Securities Private Limited,10,540.0,5400.0,2025-07-30 12:17:22.820688
2025-07-30,102905,2025073004009006,HPPL,ABC Securities Private Limited,Neev Securities Pvt. Ltd.,100,540.0,54000.0,2025-07-30 12:17:22.820814
2025-07-30,102904,2025073004009007,HPPL,ABC Securities Private Limited,Vision Securities Pvt. Ltd,50,540.0,27000.0,2025-07-30 12:17:22.820931
2025-07-30,102903,2025073004009008,HPPL,ABC Securities Private Limited,SUN SECURITIES PVT LTD,10,540.0,5400.0,2025-07-30 12:17:22.821045
2025-07-30,102902,2025073004009009,HPPL,ABC Securities Private Limited,Thrive Brokerage House Pvt. Ltd,25,540.0,13500.0,2025-07-30 12:17:22.821165
2025-07-30,102654,2025073004009070,HPPL,Nepal Stock House (PVT) Ltd.,Trisul Securities & Invt. Ltd.,20,538.0,10760.0,2025-07-30 12:18:01.103794
2025-07-30,100631,2025073004009579,HPPL,Nepal Stock House (PVT) Ltd.,Trishakti Securities Public Limited,15,538.0,8070.0,2025-07-30 12:22:55.836677
2025-07-30,99604,2025073004009818,HPPL,Opal Securities Investment (PVT) Ltd.,Ashutosh Brokerage & Securities (PVT) Ltd.,500,539.0,269500.0,2025-07-30 12:25:03.380457
2025-07-30,98704,2025073004010056,HPPL,Nepal Stock House (PVT) Ltd.,South Asian Bulls Pvt. Ltd.,20,538.0,10760.0,2025-07-30 12:27:03.495536
2025-07-30,98571,2025073004010078,HPPL,Bhrikuti Stock Broking Co. Pvt. Ltd.,Blue Chip Securities Ltd,200,539.0,107800.0,2025-07-30 12:27:20.812256
2025-07-30,98083,2025073004010214,HPPL,Nepal Stock House (PVT) Ltd.,Sani Securities Company Ltd.,10,538.0,5380.0,2025-07-30 12:28:35.592703
2025-07-30,97382,2025073004010369,HPPL,Opal Securities Investment (PVT) Ltd.,Creative Securities Pvt Ltd,88,539.8,47502.4,2025-07-30 12:29:58.761605
2025-07-30,97381,2025073004010370,HPPL,Opal Securities Investment (PVT) Ltd.,Imperial Securities Company Pvt. Ltd.,25,539.8,13495.0,2025-07-30 12:29:58.761650
2025-07-30,97380,2025073004010371,HPPL,Opal Securities Investment (PVT) Ltd.,Vision Securities Pvt. Ltd,200,539.9,107980.0,2025-07-30 12:29:58.761679
2025-07-30,97379,2025073004010372,HPPL,Opal Securities Investment (PVT) Ltd.,Imperial Securities Company Pvt. Ltd.,187,539.9,100961.3,2025-07-30 12:29:58.761709
2025-07-30,96917,2025073004010478,HPPL,Nepal Stock House (PVT) Ltd.,MILKY WAY SHARE BROKER COMPANY LTD ,10,538.0,5380.0,2025-07-30 12:30:54.266194
2025-07-30,96011,2025073004010666,HPPL,Nepal Stock House (PVT) Ltd.,Dipshikha Dhitopatra Karobar Co. Pvt Ltd.,10,538.0,5380.0,2025-07-30 12:32:46.950382
2025-07-30,95856,2025073004010684,HPPL,Nepal Stock House (PVT) Ltd.,Dynamic Money Managers Securities Pvt. Ltd.,15,538.0,8070.0,2025-07-30 12:32:57.434407
2025-07-30,95525,2025073004010736,HPPL,Sumeru Securities Pvt. Ltd.,Dynamic Money Managers Securities Pvt. Ltd.,185,538.0,99530.0,2025-07-30 12:33:41.139769
2025-07-30,95098,2025073004010812,HPPL,Aryatara Investment & Securities,Siprabi Securities Pvt. Ltd.,10,537.0,5370.0,2025-07-30 12:34:26.624542
2025-07-30,94633,2025073004010869,HPPL,Sani Securities Company Ltd.,Primo Securities (PVT) Ltd.,10,539.0,5390.0,2025-07-30 12:35:00.355227
2025-07-30,94632,2025073004010870,HPPL,Sani Securities Company Ltd.,Siprabi Securities Pvt. Ltd.,20,539.0,10780.0,2025-07-30 12:35:00.355481
2025-07-30,94631,2025073004010871,HPPL,Sani Securities Company Ltd.,Nepal Investment And Securities Trading Private Limited,10,539.0,5390.0,2025-07-30 12:35:00.355642
2025-07-30,94630,2025073004010872,HPPL,Sani Securities Company Ltd.,Imperial Securities Company Pvt. Ltd.,163,539.9,88003.7,2025-07-30 12:35:00.355739
2025-07-30,94629,2025073004010873,HPPL,Sani Securities Company Ltd.,Thrive Brokerage House Pvt. Ltd,225,540.0,121500.0,2025-07-30 12:35:00.355830
2025-07-30,94628,2025073004010874,HPPL,Sani Securities Company Ltd.,Sweta Securities Private Limited,10,540.0,5400.0,2025-07-30 12:35:00.355921
2025-07-30,94627,2025073004010875,HPPL,Sani Securities Company Ltd.,Linch Stock Market Ltd.,500,540.0,270000.0,2025-07-30 12:35:00.356016
2025-07-30,94626,2025073004010876,HPPL,Sani Securities Company Ltd.,Aryatara Investment & Securities,20,540.0,10800.0,2025-07-30 12:35:00.356102
2025-07-30,94600,2025073004010880,HPPL,Citizens Share Broker Limited,Kohinoor Investment & Securities Pvt. Ltd.,500,541.0,270500.0,2025-07-30 12:35:07.231492
2025-07-30,94274,2025073004010935,HPPL,Sani Securities Company Ltd.,Aryatara Investment & Securities,10,540.0,5400.0,2025-07-30 12:35:45.087739
2025-07-30,93719,2025073004011021,HPPL,Sani Securities Company Ltd.,Deevyaa Securities & Stock House Pvt. Ltd,10,540.0,5400.0,2025-07-30 12:37:04.116145
2025-07-30,92632,2025073004011162,HPPL,Sani Securities Company Ltd.,Nepal Stock House (PVT) Ltd.,22,540.0,11880.0,2025-07-30 12:38:57.011369
2025-07-30,91651,2025073004011364,HPPL,Bhrikuti Stock Broking Co. Pvt. Ltd.,Nepal Stock House (PVT) Ltd.,28,540.0,15120.0,2025-07-30 12:40:50.658786
2025-07-30,91650,2025073004011365,HPPL,Bhrikuti Stock Broking Co. Pvt. Ltd.,Aryatara Investment & Securities,100,541.0,54100.0,2025-07-30 12:40:50.658846
2025-07-30,91649,2025073004011366,HPPL,Bhrikuti Stock Broking Co. Pvt. Ltd.,Kohinoor Investment & Securities Pvt. Ltd.,372,541.0,201252.0,2025-07-30 12:40:50.658869
2025-07-30,90367,2025073004011609,HPPL,Opal Securities Investment (PVT) Ltd.,Nagarik Stock Dealer ,500,539.0,269500.0,2025-07-30 12:43:31.225078
2025-07-30,89731,2025073004011760,HPPL,Aryatara Investment & Securities,Premier Securities Company Ltd.,10,537.0,5370.0,2025-07-30 12:44:59.865659
2025-07-30,89351,2025073004011853,HPPL,Aryatara Investment & Securities,ABC Securities Private Limited,10,537.0,5370.0,2025-07-30 12:45:54.711965
2025-07-30,88592,2025073004012029,HPPL,Opal Securities Investment (PVT) Ltd.,Nagarik Stock Dealer ,200,539.5,107900.0,2025-07-30 12:47:51.844286
2025-07-30,88393,2025073004012087,HPPL,Bhrikuti Stock Broking Co. Pvt. Ltd.,Vision Securities Pvt. Ltd,100,537.0,53700.0,2025-07-30 12:48:15.674831
2025-07-30,88111,2025073004012137,HPPL,Deevyaa Securities & Stock House Pvt. Ltd,Vision Securities Pvt. Ltd,13,537.0,6981.0,2025-07-30 12:48:57.681180
2025-07-30,88110,2025073004012138,HPPL,Sewa Securities Pvt. Ltd.,Vision Securities Pvt. Ltd,20,535.5,10710.0,2025-07-30 12:48:57.681494
2025-07-30,88109,2025073004012139,HPPL,Premier Securities Company Ltd.,Vision Securities Pvt. Ltd,500,535.1,267550.0,2025-07-30 12:48:57.681702
2025-07-30,88108,2025073004012140,HPPL,Naasa Securities Co. Ltd.,Vision Securities Pvt. Ltd,500,535.1,267550.0,2025-07-30 12:48:57.681897
2025-07-30,88107,2025073004012141,HPPL,Kohinoor Investment & Securities Pvt. Ltd.,Vision Securities Pvt. Ltd,500,535.0,267500.0,2025-07-30 12:48:57.682099
2025-07-30,88106,2025073004012142,HPPL,Sani Securities Company Ltd.,Vision Securities Pvt. Ltd,20,534.0,10680.0,2025-07-30 12:48:57.682303
2025-07-30,88105,2025073004012143,HPPL,Nepal Stock House (PVT) Ltd.,Vision Securities Pvt. Ltd,150,534.0,80100.0,2025-07-30 12:48:57.682506
2025-07-30,88104,2025073004012144,HPPL,Shree Krishna Securities Ltd.,Vision Securities Pvt. Ltd,200,534.0,106800.0,2025-07-30 12:48:57.682706
2025-07-30,88103,2025073004012145,HPPL,Sani Securities Company Ltd.,Vision Securities Pvt. Ltd,18,534.0,9612.0,2025-07-30 12:48:57.682895
2025-07-30,88102,2025073004012146,HPPL,Nagarik Stock Dealer ,Vision Securities Pvt. Ltd,140,533.0,74620.0,2025-07-30 12:48:57.683082
2025-07-30,88101,2025073004012147,HPPL,Premier Securities Company Ltd.,Vision Securities Pvt. Ltd,500,533.0,266500.0,2025-07-30 12:48:57.683277
2025-07-30,88100,2025073004012148,HPPL,Naasa Securities Co. Ltd.,Vision Securities Pvt. Ltd,300,533.0,159900.0,2025-07-30 12:48:57.683509
2025-07-30,88099,2025073004012149,HPPL,Cristal Kanchanjanga Securites Pvt. Ltd.,Vision Securities Pvt. Ltd,100,533.0,53300.0,2025-07-30 12:48:57.683698
2025-07-30,88098,2025073004012150,HPPL,Neev Securities Pvt. Ltd.,Vision Securities Pvt. Ltd,300,532.6,159780.0,2025-07-30 12:48:57.683888
2025-07-30,88097,2025073004012151,HPPL,Naasa Securities Co. Ltd.,Vision Securities Pvt. Ltd,500,532.6,266300.0,2025-07-30 12:48:57.684065
2025-07-30,88096,2025073004012152,HPPL,Sundhara Securities Limited,Vision Securities Pvt. Ltd,10,532.0,5320.0,2025-07-30 12:48:57.684245
2025-07-30,88095,2025073004012153,HPPL,Kohinoor Investment & Securities Pvt. Ltd.,Vision Securities Pvt. Ltd,25,532.0,13300.0,2025-07-30 12:48:57.684443
2025-07-30,88094,2025073004012154,HPPL,J.F. Securites (PVT) Ltd.,Vision Securities Pvt. Ltd,40,530.1,21204.0,2025-07-30 12:48:57.684620
2025-07-30,88093,2025073004012155,HPPL,Aryatara Investment & Securities,Vision Securities Pvt. Ltd,333,530.0,176490.0,2025-07-30 12:48:57.684803
2025-07-30,88092,2025073004012156,HPPL,J.F. Securites (PVT) Ltd.,Vision Securities Pvt. Ltd,400,530.0,212000.0,2025-07-30 12:48:57.684982
2025-07-30,88091,2025073004012157,HPPL,Naasa Securities Co. Ltd.,Vision Securities Pvt. Ltd,100,530.0,53000.0,2025-07-30 12:48:57.685155
2025-07-30,88090,2025073004012158,HPPL,Naasa Securities Co. Ltd.,Vision Securities Pvt. Ltd,100,530.0,53000.0,2025-07-30 12:48:57.685337
2025-07-30,88089,2025073004012159,HPPL,Dakshinkali Investment & Securities Pvt. Ltd.,Vision Securities Pvt. Ltd,100,530.0,53000.0,2025-07-30 12:48:57.685518
2025-07-30,88088,2025073004012160,HPPL,Nepal Stock House (PVT) Ltd.,Vision Securities Pvt. Ltd,150,530.0,79500.0,2025-07-30 12:48:57.685698
2025-07-30,88087,2025073004012161,HPPL,Agrawal Securities (PVT) Ltd.,Vision Securities Pvt. Ltd,500,530.0,265000.0,2025-07-30 12:48:57.685869
2025-07-30,88086,2025073004012162,HPPL,Arun Securities (PVT) Ltd.,Vision Securities Pvt. Ltd,280,530.0,148400.0,2025-07-30 12:48:57.686034
2025-07-30,88085,2025073004012163,HPPL,Sani Securities Company Ltd.,Vision Securities Pvt. Ltd,1885,530.0,999050.0,2025-07-30 12:48:57.686205
2025-07-30,88084,2025073004012164,HPPL,Sani Securities Company Ltd.,Vision Securities Pvt. Ltd,100,530.0,53000.0,2025-07-30 12:48:57.686384
2025-07-30,88083,2025073004012165,HPPL,Aryatara Investment & Securities,Vision Securities Pvt. Ltd,500,530.0,265000.0,2025-07-30 12:48:57.686554
2025-07-30,88082,2025073004012166,HPPL,Sundhara Securities Limited,Vision Securities Pvt. Ltd,100,530.0,53000.0,2025-07-30 12:48:57.686737
2025-07-30,88081,2025073004012167,HPPL,Sani Securities Company Ltd.,Vision Securities Pvt. Ltd,50,530.0,26500.0,2025-07-30 12:48:57.686905
2025-07-30,88080,2025073004012168,HPPL,Bhrikuti Stock Broking Co. Pvt. Ltd.,Vision Securities Pvt. Ltd,500,530.0,265000.0,2025-07-30 12:48:57.687058
2025-07-30,88079,2025073004012169,HPPL,Malla & Malla Stock Broking Company Pvt. Limited,Vision Securities Pvt. Ltd,50,530.0,26500.0,2025-07-30 12:48:57.687229
2025-07-30,88078,2025073004012170,HPPL,Trishakti Securities Public Limited,Vision Securities Pvt. Ltd,50,530.0,26500.0,2025-07-30 12:48:57.687401
2025-07-30,88077,2025073004012171,HPPL,Secured Securities Ltd.,Vision Securities Pvt. Ltd,100,530.0,53000.0,2025-07-30 12:48:57.687551
2025-07-30,88076,2025073004012172,HPPL,Deevyaa Securities & Stock House Pvt. Ltd,Vision Securities Pvt. Ltd,100,530.0,53000.0,2025-07-30 12:48:57.687719
2025-07-30,88002,2025073004012180,HPPL,Opal Securities Investment (PVT) Ltd.,Vision Securities Pvt. Ltd,766,530.0,405980.0,2025-07-30 12:49:05.071147
2025-07-30,88001,2025073004012181,HPPL,Opal Securities Investment (PVT) Ltd.,Nagarik Stock Dealer ,234,539.5,126243.0,2025-07-30 12:49:05.071226
2025-07-30,81968,2025073004013801,HPPL,Citizens Share Broker Limited,Sani Securities Company Ltd.,10,537.0,5370.0,2025-07-30 13:00:11.621357
2025-07-30,81967,2025073004013802,HPPL,Citizens Share Broker Limited,Investment Management Nepal Pvt. Ltd.,10,537.0,5370.0,2025-07-30 13:00:11.621467
2025-07-30,81966,2025073004013803,HPPL,Citizens Share Broker Limited,Kohinoor Investment & Securities Pvt. Ltd.,40,537.0,21480.0,2025-07-30 13:00:11.621558
2025-07-30,81965,2025073004013804,HPPL,Citizens Share Broker Limited,Creative Securities Pvt Ltd,200,539.0,107800.0,2025-07-30 13:00:11.621634
2025-07-30,81964,2025073004013805,HPPL,Citizens Share Broker Limited,Trishakti Securities Public Limited,240,539.0,129360.0,2025-07-30 13:00:11.621706
2025-07-30,78388,2025073004014879,HPPL,Sani Securities Company Ltd.,Nepal Stock House (PVT) Ltd.,100,533.0,53300.0,2025-07-30 13:04:11.216678
2025-07-30,78387,2025073004014880,HPPL,Trisul Securities & Invt. Ltd.,Nepal Stock House (PVT) Ltd.,1000,532.0,532000.0,2025-07-30 13:04:11.216849
2025-07-30,78386,2025073004014881,HPPL,Bhrikuti Stock Broking Co. Pvt. Ltd.,Nepal Stock House (PVT) Ltd.,100,532.0,53200.0,2025-07-30 13:04:11.216933
2025-07-30,78385,2025073004014882,HPPL,Nepal Investment And Securities Trading Private Limited,Nepal Stock House (PVT) Ltd.,650,531.0,345150.0,2025-07-30 13:04:11.217011
2025-07-30,78384,2025073004014883,HPPL,Sani Securities Company Ltd.,Nepal Stock House (PVT) Ltd.,1000,530.3,530300.0,2025-07-30 13:04:11.217085
2025-07-30,78383,2025073004014884,HPPL,Investment Management Nepal Pvt. Ltd.,Nepal Stock House (PVT) Ltd.,25,530.2,13255.0,2025-07-30 13:04:11.217151
2025-07-30,78382,2025073004014885,HPPL,Neev Securities Pvt. Ltd.,Nepal Stock House (PVT) Ltd.,125,530.2,66275.0,2025-07-30 13:04:11.217221
2025-07-30,78227,2025073004014927,HPPL,Neev Securities Pvt. Ltd.,Premier Securities Company Ltd.,10,530.2,5302.0,2025-07-30 13:04:25.822602
2025-07-30,73391,2025073004016375,HPPL,Vision Securities Pvt. Ltd,Linch Stock Market Ltd.,100,534.0,53400.0,2025-07-30 13:10:23.818895
2025-07-30,73390,2025073004016376,HPPL,Vision Securities Pvt. Ltd,Bhrikuti Stock Broking Co. Pvt. Ltd.,100,534.0,53400.0,2025-07-30 13:10:23.819265
2025-07-30,72520,2025073004016578,HPPL,Citizens Share Broker Limited,Bhrikuti Stock Broking Co. Pvt. Ltd.,400,534.0,213600.0,2025-07-30 13:11:41.725737
2025-07-30,72519,2025073004016579,HPPL,Citizens Share Broker Limited,Malla & Malla Stock Broking Company Pvt. Limited,20,535.0,10700.0,2025-07-30 13:11:41.725856
2025-07-30,72518,2025073004016580,HPPL,Citizens Share Broker Limited,Sajilo Broker Limited,80,535.0,42800.0,2025-07-30 13:11:41.725938
2025-07-30,71573,2025073004016809,HPPL,Vision Securities Pvt. Ltd,Vision Securities Pvt. Ltd,10,534.0,5340.0,2025-07-30 13:13:01.057658
2025-07-30,70819,2025073004017012,HPPL,Sumeru Securities Pvt. Ltd.,K.B.L. Securities Limited ,500,531.0,265500.0,2025-07-30 13:14:21.521998
2025-07-30,70489,2025073004017100,HPPL,Neev Securities Pvt. Ltd.,K.B.L. Securities Limited ,65,530.2,34463.0,2025-07-30 13:14:53.026799
2025-07-30,70488,2025073004017101,HPPL,South Asian Bulls Pvt. Ltd.,K.B.L. Securities Limited ,500,530.1,265050.0,2025-07-30 13:14:53.026968
2025-07-30,70088,2025073004017206,HPPL,Naasa Securities Co. Ltd.,K.B.L. Securities Limited ,15,530.1,7951.5,2025-07-30 13:15:33.572151
2025-07-30,69398,2025073004017407,HPPL,Sumeru Securities Pvt. Ltd.,KALASH STOCK MARKET PVT. LTD.,10,530.2,5302.0,2025-07-30 13:16:34.205766
2025-07-30,66124,2025073004018258,HPPL,J.F. Securites (PVT) Ltd.,Nepal Stock House (PVT) Ltd.,50,530.6,26530.0,2025-07-30 13:22:50.460577
2025-07-30,66123,2025073004018259,HPPL,Dipshikha Dhitopatra Karobar Co. Pvt Ltd.,Nepal Stock House (PVT) Ltd.,500,530.6,265300.0,2025-07-30 13:22:50.460766
2025-07-30,66122,2025073004018260,HPPL,Kohinoor Investment & Securities Pvt. Ltd.,Nepal Stock House (PVT) Ltd.,200,530.5,106100.0,2025-07-30 13:22:50.460842
2025-07-30,66121,2025073004018261,HPPL,Investment Management Nepal Pvt. Ltd.,Nepal Stock House (PVT) Ltd.,200,530.4,106080.0,2025-07-30 13:22:50.460913
2025-07-30,66120,2025073004018262,HPPL,Capital Hub P. Ltd,Nepal Stock House (PVT) Ltd.,100,530.3,53030.0,2025-07-30 13:22:50.460983
2025-07-30,66119,2025073004018263,HPPL,Dakshinkali Investment & Securities Pvt. Ltd.,Nepal Stock House (PVT) Ltd.,500,530.3,265150.0,2025-07-30 13:22:50.461052
2025-07-30,66118,2025073004018264,HPPL,Shree Krishna Securities Ltd.,Nepal Stock House (PVT) Ltd.,200,530.2,106040.0,2025-07-30 13:22:50.461125
2025-07-30,66117,2025073004018265,HPPL,Sumeru Securities Pvt. Ltd.,Nepal Stock House (PVT) Ltd.,10,530.1,5301.0,2025-07-30 13:22:50.461191
2025-07-30,66116,2025073004018266,HPPL,Sumeru Securities Pvt. Ltd.,Nepal Stock House (PVT) Ltd.,100,530.1,53010.0,2025-07-30 13:22:50.461262
2025-07-30,66115,2025073004018267,HPPL,Linch Stock Market Ltd.,Nepal Stock House (PVT) Ltd.,50,530.0,26500.0,2025-07-30 13:22:50.461338
2025-07-30,66114,2025073004018268,HPPL,Opal Securities Investment (PVT) Ltd.,Nepal Stock House (PVT) Ltd.,50,530.0,26500.0,2025-07-30 13:22:50.461408
2025-07-30,66113,2025073004018269,HPPL,Vision Securities Pvt. Ltd,Nepal Stock House (PVT) Ltd.,40,530.0,21200.0,2025-07-30 13:22:50.461476
2025-07-30,65965,2025073004018318,HPPL,Vision Securities Pvt. Ltd,Nepal Stock House (PVT) Ltd.,160,530.0,84800.0,2025-07-30 13:23:12.228063
2025-07-30,65964,2025073004018319,HPPL,Sani Securities Company Ltd.,Nepal Stock House (PVT) Ltd.,500,529.0,264500.0,2025-07-30 13:23:12.228241
2025-07-30,65962,2025073004018320,HPPL,Online Securities Pvt. Ltd.,Nepal Stock House (PVT) Ltd.,200,529.0,105800.0,2025-07-30 13:23:12.228366
2025-07-30,65961,2025073004018321,HPPL,Sumeru Securities Pvt. Ltd.,Nepal Stock House (PVT) Ltd.,150,528.1,79215.0,2025-07-30 13:23:12.228435
2025-07-30,65960,2025073004018322,HPPL,Sani Securities Company Ltd.,Nepal Stock House (PVT) Ltd.,1000,528.1,528100.0,2025-07-30 13:23:12.228505
2025-07-30,65959,2025073004018323,HPPL,Naasa Securities Co. Ltd.,Nepal Stock House (PVT) Ltd.,60,528.0,31680.0,2025-07-30 13:23:12.228576
2025-07-30,65958,2025073004018324,HPPL,Sewa Securities Pvt. Ltd.,Nepal Stock House (PVT) Ltd.,930,528.0,491040.0,2025-07-30 13:23:12.228671
2025-07-30,65726,2025073004018413,HPPL,Sani Securities Company Ltd.,Nepal Stock House (PVT) Ltd.,500,528.1,264050.0,2025-07-30 13:23:38.081327
2025-07-30,65725,2025073004018414,HPPL,Sewa Securities Pvt. Ltd.,Nepal Stock House (PVT) Ltd.,70,528.0,36960.0,2025-07-30 13:23:38.081653
2025-07-30,65724,2025073004018415,HPPL,Online Securities Pvt. Ltd.,Nepal Stock House (PVT) Ltd.,200,528.0,105600.0,2025-07-30 13:23:38.081856
2025-07-30,65723,2025073004018416,HPPL,Sweta Securities Private Limited,Nepal Stock House (PVT) Ltd.,130,528.0,68640.0,2025-07-30 13:23:38.082062
2025-07-30,65399,2025073004018552,HPPL,Kohinoor Investment & Securities Pvt. Ltd.,Dipshikha Dhitopatra Karobar Co. Pvt Ltd.,200,528.2,105640.0,2025-07-30 13:24:16.602389
2025-07-30,65398,2025073004018553,HPPL,Sani Securities Company Ltd.,Dipshikha Dhitopatra Karobar Co. Pvt Ltd.,500,528.1,264050.0,2025-07-30 13:24:16.602510
2025-07-30,65397,2025073004018554,HPPL,Sweta Securities Private Limited,Dipshikha Dhitopatra Karobar Co. Pvt Ltd.,170,528.0,89760.0,2025-07-30 13:24:16.602607
2025-07-30,65396,2025073004018555,HPPL,Naasa Securities Co. Ltd.,Dipshikha Dhitopatra Karobar Co. Pvt Ltd.,355,528.0,187440.0,2025-07-30 13:24:16.602686
2025-07-30,65395,2025073004018556,HPPL,J.F. Securites (PVT) Ltd.,Dipshikha Dhitopatra Karobar Co. Pvt Ltd.,40,527.3,21092.0,2025-07-30 13:24:16.602761
2025-07-30,65394,2025073004018557,HPPL,Agrawal Securities (PVT) Ltd.,Dipshikha Dhitopatra Karobar Co. Pvt Ltd.,200,527.0,105400.0,2025-07-30 13:24:16.602863
2025-07-30,65393,2025073004018558,HPPL,Imperial Securities Company Pvt. Ltd.,Dipshikha Dhitopatra Karobar Co. Pvt Ltd.,150,526.3,78945.0,2025-07-30 13:24:16.603001
2025-07-30,65392,2025073004018559,HPPL,Bhrikuti Stock Broking Co. Pvt. Ltd.,Dipshikha Dhitopatra Karobar Co. Pvt Ltd.,800,526.0,420800.0,2025-07-30 13:24:16.603085
2025-07-30,65391,2025073004018560,HPPL,Ashutosh Brokerage & Securities (PVT) Ltd.,Dipshikha Dhitopatra Karobar Co. Pvt Ltd.,80,525.3,42024.0,2025-07-30 13:24:16.603192
2025-07-30,61751,2025073004019526,HPPL,Ashutosh Brokerage & Securities (PVT) Ltd.,Dakshinkali Investment & Securities Pvt. Ltd.,10,527.1,5271.0,2025-07-30 13:31:51.483366
2025-07-30,59600,2025073004020086,HPPL,Naasa Securities Co. Ltd.,Thrive Brokerage House Pvt. Ltd,100,528.0,52800.0,2025-07-30 13:35:40.576070
2025-07-30,59428,2025073004020142,HPPL,Neev Securities Pvt. Ltd.,Thrive Brokerage House Pvt. Ltd,400,528.0,211200.0,2025-07-30 13:35:58.823075
2025-07-30,59329,2025073004020174,HPPL,Ashutosh Brokerage & Securities (PVT) Ltd.,Linch Stock Market Ltd.,10,527.1,5271.0,2025-07-30 13:36:11.253894
2025-07-30,59328,2025073004020175,HPPL,Dipshikha Dhitopatra Karobar Co. Pvt Ltd.,Linch Stock Market Ltd.,100,527.0,52700.0,2025-07-30 13:36:11.253945
2025-07-30,59327,2025073004020176,HPPL,Dipshikha Dhitopatra Karobar Co. Pvt Ltd.,Linch Stock Market Ltd.,100,527.0,52700.0,2025-07-30 13:36:11.253974
2025-07-30,59326,2025073004020177,HPPL,Trisul Securities & Invt. Ltd.,Linch Stock Market Ltd.,100,526.1,52610.0,2025-07-30 13:36:11.253998
2025-07-30,59325,2025073004020178,HPPL,Premier Securities Company Ltd.,Linch Stock Market Ltd.,190,526.1,99959.0,2025-07-30 13:36:11.254021
2025-07-30,58182,2025073004020452,HPPL,Premier Securities Company Ltd.,Sundhara Securities Limited,100,526.1,52610.0,2025-07-30 13:38:12.949892
2025-07-30,57829,2025073004020535,HPPL,Sumeru Securities Pvt. Ltd.,Prabhu Stock Market Limited,15,526.2,7893.0,2025-07-30 13:38:51.315097
2025-07-30,57424,2025073004020660,HPPL,Sumeru Securities Pvt. Ltd.,ABC Securities Private Limited,10,526.2,5262.0,2025-07-30 13:39:31.970963
2025-07-30,55193,2025073004021284,HPPL,Sumeru Securities Pvt. Ltd.,Sani Securities Company Ltd.,75,526.2,39465.0,2025-07-30 13:43:16.080148
2025-07-30,55192,2025073004021285,HPPL,Kohinoor Investment & Securities Pvt. Ltd.,Sani Securities Company Ltd.,25,526.2,13155.0,2025-07-30 13:43:16.080521
2025-07-30,54637,2025073004021453,HPPL,Premier Securities Company Ltd.,Sani Securities Company Ltd.,10,526.1,5261.0,2025-07-30 13:44:11.629136
2025-07-30,54636,2025073004021454,HPPL,Oxford Securities Pvt. Ltd.,Sani Securities Company Ltd.,90,526.1,47349.0,2025-07-30 13:44:11.629330
2025-07-30,52933,2025073004021936,HPPL,Dipshikha Dhitopatra Karobar Co. Pvt Ltd.,Sweta Securities Private Limited,100,529.0,52900.0,2025-07-30 13:47:07.051950
2025-07-30,52447,2025073004022051,HPPL,Dipshikha Dhitopatra Karobar Co. Pvt Ltd.,Sweta Securities Private Limited,200,529.0,105800.0,2025-07-30 13:47:59.526573
2025-07-30,51736,2025073004022222,HPPL,Kohinoor Investment & Securities Pvt. Ltd.,Creative Securities Pvt Ltd,20,530.0,10600.0,2025-07-30 13:49:46.593572
2025-07-30,51572,2025073004022259,HPPL,Naasa Securities Co. Ltd.,Vision Securities Pvt. Ltd,45,528.0,23760.0,2025-07-30 13:50:10.256592
2025-07-30,51571,2025073004022260,HPPL,Nepal Stock House (PVT) Ltd.,Vision Securities Pvt. Ltd,100,527.3,52730.0,2025-07-30 13:50:10.256748
2025-07-30,51570,2025073004022261,HPPL,Imperial Securities Company Pvt. Ltd.,Vision Securities Pvt. Ltd,100,527.0,52700.0,2025-07-30 13:50:10.256833
2025-07-30,51569,2025073004022262,HPPL,Naasa Securities Co. Ltd.,Vision Securities Pvt. Ltd,59,527.0,31093.0,2025-07-30 13:50:10.256900
2025-07-30,51568,2025073004022263,HPPL,Bhrikuti Stock Broking Co. Pvt. Ltd.,Vision Securities Pvt. Ltd,100,527.0,52700.0,2025-07-30 13:50:10.256977
2025-07-30,51567,2025073004022264,HPPL,Sani Securities Company Ltd.,Vision Securities Pvt. Ltd,20,526.2,10524.0,2025-07-30 13:50:10.257053
2025-07-30,51566,2025073004022265,HPPL,Oxford Securities Pvt. Ltd.,Vision Securities Pvt. Ltd,10,526.1,5261.0,2025-07-30 13:50:10.257125
2025-07-30,51565,2025073004022266,HPPL,Citizens Share Broker Limited,Vision Securities Pvt. Ltd,200,526.1,105220.0,2025-07-30 13:50:10.257197
2025-07-30,51564,2025073004022267,HPPL,Oxford Securities Pvt. Ltd.,Vision Securities Pvt. Ltd,100,526.1,52610.0,2025-07-30 13:50:10.257307
2025-07-30,51563,2025073004022268,HPPL,Nepal Stock House (PVT) Ltd.,Vision Securities Pvt. Ltd,200,526.0,105200.0,2025-07-30 13:50:10.257404
2025-07-30,51562,2025073004022269,HPPL,J.F. Securites (PVT) Ltd.,Vision Securities Pvt. Ltd,20,526.0,10520.0,2025-07-30 13:50:10.257476
2025-07-30,51561,2025073004022270,HPPL,Naasa Securities Co. Ltd.,Vision Securities Pvt. Ltd,19,526.0,9994.0,2025-07-30 13:50:10.257547
2025-07-30,51560,2025073004022271,HPPL,Sani Securities Company Ltd.,Vision Securities Pvt. Ltd,27,525.1,14177.7,2025-07-30 13:50:10.257619
2025-07-30,50715,2025073004022498,HPPL,Sumeru Securities Pvt. Ltd.,Trisul Securities & Invt. Ltd.,100,525.2,52520.0,2025-07-30 13:52:25.267950
2025-07-30,50714,2025073004022499,HPPL,Naasa Securities Co. Ltd.,Trisul Securities & Invt. Ltd.,200,525.2,105040.0,2025-07-30 13:52:25.268169
2025-07-30,50646,2025073004022514,HPPL,Sani Securities Company Ltd.,Vision Securities Pvt. Ltd,473,525.1,248372.3,2025-07-30 13:52:36.196470
2025-07-30,50645,2025073004022515,HPPL,Nepal Stock House (PVT) Ltd.,Vision Securities Pvt. Ltd,200,525.0,105000.0,2025-07-30 13:52:36.196518
2025-07-30,50644,2025073004022516,HPPL,Sani Securities Company Ltd.,Vision Securities Pvt. Ltd,50,525.0,26250.0,2025-07-30 13:52:36.196560
2025-07-30,50643,2025073004022517,HPPL,Agrawal Securities (PVT) Ltd.,Vision Securities Pvt. Ltd,200,525.0,105000.0,2025-07-30 13:52:36.196585
2025-07-30,50642,2025073004022518,HPPL,Siprabi Securities Pvt. Ltd.,Vision Securities Pvt. Ltd,77,525.0,40425.0,2025-07-30 13:52:36.196607
2025-07-30,50458,2025073004022565,HPPL,Naasa Securities Co. Ltd.,Trisul Securities & Invt. Ltd.,50,525.2,26260.0,2025-07-30 13:53:09.259238
2025-07-30,48354,2025073004023088,HPPL,BHOLE GANESH SECURITIES LTD,Market Securities & Exchange (PVT) Ltd.,200,527.0,105400.0,2025-07-30 13:57:41.107605
2025-07-30,48169,2025073004023123,HPPL,Vision Securities Pvt. Ltd,Bhrikuti Stock Broking Co. Pvt. Ltd.,65,526.0,34190.0,2025-07-30 13:58:05.489462
2025-07-30,47366,2025073004023368,HPPL,BHOLE GANESH SECURITIES LTD,Vision Securities Pvt. Ltd,200,526.1,105220.0,2025-07-30 14:00:01.672665
2025-07-30,47365,2025073004023369,HPPL,Vision Securities Pvt. Ltd,Vision Securities Pvt. Ltd,135,526.0,71010.0,2025-07-30 14:00:01.672731
2025-07-30,47364,2025073004023370,HPPL,Naasa Securities Co. Ltd.,Vision Securities Pvt. Ltd,513,526.0,269838.0,2025-07-30 14:00:01.672760
2025-07-30,47363,2025073004023371,HPPL,Naasa Securities Co. Ltd.,Vision Securities Pvt. Ltd,550,525.7,289135.0,2025-07-30 14:00:01.672785
2025-07-30,47362,2025073004023372,HPPL,Imperial Securities Company Pvt. Ltd.,Vision Securities Pvt. Ltd,300,525.6,157680.0,2025-07-30 14:00:01.672810
2025-07-30,47361,2025073004023373,HPPL,Sani Securities Company Ltd.,Vision Securities Pvt. Ltd,302,525.1,158580.2,2025-07-30 14:00:01.672842
2025-07-30,46683,2025073004023575,HPPL,Naasa Securities Co. Ltd.,Vision Securities Pvt. Ltd,60,525.5,31530.0,2025-07-30 14:01:36.492787
2025-07-30,46682,2025073004023576,HPPL,Sani Securities Company Ltd.,Vision Securities Pvt. Ltd,198,525.1,103969.8,2025-07-30 14:01:36.492845
2025-07-30,46681,2025073004023577,HPPL,Cristal Kanchanjanga Securites Pvt. Ltd.,Vision Securities Pvt. Ltd,100,525.1,52510.0,2025-07-30 14:01:36.492877
2025-07-30,46680,2025073004023578,HPPL,Siprabi Securities Pvt. Ltd.,Vision Securities Pvt. Ltd,23,525.0,12075.0,2025-07-30 14:01:36.492904
2025-07-30,46679,2025073004023579,HPPL,Dipshikha Dhitopatra Karobar Co. Pvt Ltd.,Vision Securities Pvt. Ltd,40,525.0,21000.0,2025-07-30 14:01:36.492931
2025-07-30,46678,2025073004023580,HPPL,Sewa Securities Pvt. Ltd.,Vision Securities Pvt. Ltd,100,525.0,52500.0,2025-07-30 14:01:36.492957
2025-07-30,46677,2025073004023581,HPPL,Dipshikha Dhitopatra Karobar Co. Pvt Ltd.,Vision Securities Pvt. Ltd,100,525.0,52500.0,2025-07-30 14:01:36.492981
2025-07-30,46676,2025073004023582,HPPL,Bhrikuti Stock Broking Co. Pvt. Ltd.,Vision Securities Pvt. Ltd,100,524.9,52490.0,2025-07-30 14:01:36.493008
2025-07-30,46675,2025073004023583,HPPL,Sani Securities Company Ltd.,Vision Securities Pvt. Ltd,279,524.0,146196.0,2025-07-30 14:01:36.493035
2025-07-30,46374,2025073004023692,HPPL,Sani Securities Company Ltd.,Dynamic Money Managers Securities Pvt. Ltd.,100,524.0,52400.0,2025-07-30 14:02:28.906467
2025-07-30,44778,2025073004024157,HPPL,Kohinoor Investment & Securities Pvt. Ltd.,Sundhara Securities Limited,100,525.0,52500.0,2025-07-30 14:06:21.412519
2025-07-30,40849,2025073004025069,HPPL,Shree Krishna Securities Ltd.,Sundhara Securities Limited,200,529.5,105900.0,2025-07-30 14:15:40.153349
2025-07-30,40848,2025073004025070,HPPL,Shree Krishna Securities Ltd.,Thrive Brokerage House Pvt. Ltd,300,529.9,158970.0,2025-07-30 14:15:40.153552
2025-07-30,40390,2025073004025170,HPPL,Kohinoor Investment & Securities Pvt. Ltd.,Creative Securities Pvt Ltd,50,530.0,26500.0,2025-07-30 14:16:58.763972
2025-07-30,40381,2025073004025173,HPPL,Trademow Securities Private Limited,Sharepro Securities Private Limited,1000,529.0,529000.0,2025-07-30 14:17:00.089671
2025-07-30,39494,2025073004025377,HPPL,Deevyaa Securities & Stock House Pvt. Ltd,Creative Securities Pvt Ltd,98,530.0,51940.0,2025-07-30 14:19:02.655529
2025-07-30,39301,2025073004025445,HPPL,Capital Max Securities Ltd,Sharepro Securities Private Limited,100,527.2,52720.0,2025-07-30 14:19:33.808589
2025-07-30,39300,2025073004025446,HPPL,Opal Securities Investment (PVT) Ltd.,Sharepro Securities Private Limited,200,527.1,105420.0,2025-07-30 14:19:33.808905
2025-07-30,39299,2025073004025447,HPPL,BHOLE GANESH SECURITIES LTD,Sharepro Securities Private Limited,140,527.0,73780.0,2025-07-30 14:19:33.809120
2025-07-30,39298,2025073004025448,HPPL,Pragyan Securities (PVT) Ltd.,Sharepro Securities Private Limited,200,527.0,105400.0,2025-07-30 14:19:33.809302
2025-07-30,38722,2025073004025615,HPPL,K.B.L. Securities Limited ,Neev Securities Pvt. Ltd.,85,529.0,44965.0,2025-07-30 14:20:53.291693
2025-07-30,38596,2025073004025668,HPPL,Dakshinkali Investment & Securities Pvt. Ltd.,Vision Securities Pvt. Ltd,500,526.9,263450.0,2025-07-30 14:21:09.493500
2025-07-30,38595,2025073004025669,HPPL,Sani Securities Company Ltd.,Vision Securities Pvt. Ltd,500,525.1,262550.0,2025-07-30 14:21:09.493706
2025-07-30,38594,2025073004025670,HPPL,Sani Securities Company Ltd.,Vision Securities Pvt. Ltd,500,525.1,262550.0,2025-07-30 14:21:09.493782
2025-07-30,38593,2025073004025671,HPPL,Kohinoor Investment & Securities Pvt. Ltd.,Vision Securities Pvt. Ltd,100,525.0,52500.0,2025-07-30 14:21:09.493851
2025-07-30,38592,2025073004025672,HPPL,Sani Securities Company Ltd.,Vision Securities Pvt. Ltd,400,525.0,210000.0,2025-07-30 14:21:09.493924
2025-07-30,38384,2025073004025727,HPPL,Sani Securities Company Ltd.,Vision Securities Pvt. Ltd,100,525.0,52500.0,2025-07-30 14:21:29.632147
2025-07-30,38383,2025073004025728,HPPL,Dakshinkali Investment & Securities Pvt. Ltd.,Vision Securities Pvt. Ltd,500,524.5,262250.0,2025-07-30 14:21:29.632400
2025-07-30,38382,2025073004025729,HPPL,Sani Securities Company Ltd.,Vision Securities Pvt. Ltd,500,524.1,262050.0,2025-07-30 14:21:29.632477
2025-07-30,38381,2025073004025730,HPPL,Sani Securities Company Ltd.,Vision Securities Pvt. Ltd,500,524.1,262050.0,2025-07-30 14:21:29.632548
2025-07-30,38380,2025073004025731,HPPL,Oxford Securities Pvt. Ltd.,Vision Securities Pvt. Ltd,100,524.1,52410.0,2025-07-30 14:21:29.632617
2025-07-30,38379,2025073004025732,HPPL,Sani Securities Company Ltd.,Vision Securities Pvt. Ltd,121,524.0,63404.0,2025-07-30 14:21:29.632688
2025-07-30,38378,2025073004025733,HPPL,Vision Securities Pvt. Ltd,Vision Securities Pvt. Ltd,10,524.0,5240.0,2025-07-30 14:21:29.632760
2025-07-30,38377,2025073004025734,HPPL,Sweta Securities Private Limited,Vision Securities Pvt. Ltd,100,524.0,52400.0,2025-07-30 14:21:29.632829
2025-07-30,38376,2025073004025735,HPPL,Kohinoor Investment & Securities Pvt. Ltd.,Vision Securities Pvt. Ltd,500,524.0,262000.0,2025-07-30 14:21:29.632912
2025-07-30,38375,2025073004025736,HPPL,Premier Securities Company Ltd.,Vision Securities Pvt. Ltd,569,524.0,298156.0,2025-07-30 14:21:29.632983
2025-07-30,38007,2025073004025809,HPPL,Premier Securities Company Ltd.,Nepal Stock House (PVT) Ltd.,331,524.0,173444.0,2025-07-30 14:22:14.304597
2025-07-30,38006,2025073004025810,HPPL,Bhrikuti Stock Broking Co. Pvt. Ltd.,Nepal Stock House (PVT) Ltd.,100,524.0,52400.0,2025-07-30 14:22:14.304795
2025-07-30,38005,2025073004025811,HPPL,Sundhara Securities Limited,Nepal Stock House (PVT) Ltd.,500,524.0,262000.0,2025-07-30 14:22:14.304868
2025-07-30,38004,2025073004025812,HPPL,Arun Securities (PVT) Ltd.,Nepal Stock House (PVT) Ltd.,100,523.0,52300.0,2025-07-30 14:22:14.304941
2025-07-30,38003,2025073004025813,HPPL,Sani Securities Company Ltd.,Nepal Stock House (PVT) Ltd.,50,523.0,26150.0,2025-07-30 14:22:14.305012
2025-07-30,38002,2025073004025814,HPPL,Bhrikuti Stock Broking Co. Pvt. Ltd.,Nepal Stock House (PVT) Ltd.,1000,522.0,522000.0,2025-07-30 14:22:14.305082
2025-07-30,38001,2025073004025815,HPPL,Bhrikuti Stock Broking Co. Pvt. Ltd.,Nepal Stock House (PVT) Ltd.,500,522.0,261000.0,2025-07-30 14:22:14.305146
2025-07-30,38000,2025073004025816,HPPL,Secured Securities Ltd.,Nepal Stock House (PVT) Ltd.,490,522.0,255780.0,2025-07-30 14:22:14.305214
2025-07-30,37999,2025073004025817,HPPL,Aryatara Investment & Securities,Nepal Stock House (PVT) Ltd.,929,522.0,484938.0,2025-07-30 14:22:14.305287
2025-07-30,36764,2025073004026165,HPPL,Linch Stock Market Ltd.,Dynamic Money Managers Securities Pvt. Ltd.,10,524.0,5240.0,2025-07-30 14:24:01.069009
2025-07-30,36140,2025073004026289,HPPL,Bhrikuti Stock Broking Co. Pvt. Ltd.,Sundhara Securities Limited,140,528.5,73990.0,2025-07-30 14:25:10.802679
2025-07-30,36139,2025073004026290,HPPL,Bhrikuti Stock Broking Co. Pvt. Ltd.,Neev Securities Pvt. Ltd.,15,529.0,7935.0,2025-07-30 14:25:10.802733
2025-07-30,36138,2025073004026291,HPPL,Bhrikuti Stock Broking Co. Pvt. Ltd.,Aryatara Investment & Securities,345,529.0,182505.0,2025-07-30 14:25:10.802761
2025-07-30,35911,2025073004026353,HPPL,Linch Stock Market Ltd.,Sharepro Securities Private Limited,990,524.0,518760.0,2025-07-30 14:25:39.826542
2025-07-30,34979,2025073004026614,HPPL,Sundhara Securities Limited,Sharepro Securities Private Limited,400,523.5,209400.0,2025-07-30 14:27:48.825477
2025-07-30,34978,2025073004026615,HPPL,Imperial Securities Company Pvt. Ltd.,Sharepro Securities Private Limited,45,523.1,23539.5,2025-07-30 14:27:48.825850
2025-07-30,34977,2025073004026616,HPPL,Linch Stock Market Ltd.,Sharepro Securities Private Limited,325,523.0,169975.0,2025-07-30 14:27:48.826066
2025-07-30,34976,2025073004026617,HPPL,Dipshikha Dhitopatra Karobar Co. Pvt Ltd.,Sharepro Securities Private Limited,90,523.0,47070.0,2025-07-30 14:27:48.826281
2025-07-30,34919,2025073004026642,HPPL,Aryatara Investment & Securities,Sharepro Securities Private Limited,10,523.0,5230.0,2025-07-30 14:27:53.625349
2025-07-30,33474,2025073004026993,HPPL,Aryatara Investment & Securities,Machhapuchchhre Securities Limited,20,524.0,10480.0,2025-07-30 14:30:48.828495
2025-07-30,31106,2025073004027520,HPPL,Naasa Securities Co. Ltd.,Online Securities Pvt. Ltd.,20,525.0,10500.0,2025-07-30 14:35:05.265555
2025-07-30,30755,2025073004027628,HPPL,Naasa Securities Co. Ltd.,Online Securities Pvt. Ltd.,230,525.0,120750.0,2025-07-30 14:35:37.957359
2025-07-30,29613,2025073004027927,HPPL,Naasa Securities Co. Ltd.,Online Securities Pvt. Ltd.,50,525.0,26250.0,2025-07-30 14:37:18.956213
2025-07-30,29158,2025073004028052,HPPL,Aryatara Investment & Securities,Online Securities Pvt. Ltd.,20,524.0,10480.0,2025-07-30 14:37:57.409873
2025-07-30,29089,2025073004028065,HPPL,Shree Krishna Securities Ltd.,Nepal Stock House (PVT) Ltd.,60,523.0,31380.0,2025-07-30 14:38:01.408468
2025-07-30,29088,2025073004028066,HPPL,Sani Securities Company Ltd.,Nepal Stock House (PVT) Ltd.,30,523.0,15690.0,2025-07-30 14:38:01.408712
2025-07-30,29087,2025073004028067,HPPL,Aryatara Investment & Securities,Nepal Stock House (PVT) Ltd.,71,522.0,37062.0,2025-07-30 14:38:01.408792
2025-07-30,29086,2025073004028068,HPPL,Dipshikha Dhitopatra Karobar Co. Pvt Ltd.,Nepal Stock House (PVT) Ltd.,500,521.2,260600.0,2025-07-30 14:38:01.408865
2025-07-30,29085,2025073004028069,HPPL,Ashutosh Brokerage & Securities (PVT) Ltd.,Nepal Stock House (PVT) Ltd.,100,521.2,52120.0,2025-07-30 14:38:01.408934
2025-07-30,29084,2025073004028070,HPPL,Nepal Stock House (PVT) Ltd.,Nepal Stock House (PVT) Ltd.,39,521.1,20322.9,2025-07-30 14:38:01.409011
2025-07-30,28777,2025073004028149,HPPL,Nepal Stock House (PVT) Ltd.,Nepal Stock House (PVT) Ltd.,62,521.1,32308.2,2025-07-30 14:38:23.934359
2025-07-30,28765,2025073004028156,HPPL,Nepal Stock House (PVT) Ltd.,Vision Securities Pvt. Ltd,49,521.1,25533.9,2025-07-30 14:38:25.192244
2025-07-30,28764,2025073004028157,HPPL,Ashutosh Brokerage & Securities (PVT) Ltd.,Vision Securities Pvt. Ltd,160,521.1,83376.0,2025-07-30 14:38:25.192280
2025-07-30,28763,2025073004028158,HPPL,Linch Stock Market Ltd.,Vision Securities Pvt. Ltd,500,521.0,260500.0,2025-07-30 14:38:25.192305
2025-07-30,28762,2025073004028159,HPPL,Bhrikuti Stock Broking Co. Pvt. Ltd.,Vision Securities Pvt. Ltd,100,520.9,52090.0,2025-07-30 14:38:25.192344
2025-07-30,28761,2025073004028160,HPPL,Nepal Stock House (PVT) Ltd.,Vision Securities Pvt. Ltd,100,520.5,52050.0,2025-07-30 14:38:25.192371
2025-07-30,28760,2025073004028161,HPPL,J.F. Securites (PVT) Ltd.,Vision Securities Pvt. Ltd,40,520.5,20820.0,2025-07-30 14:38:25.192404
2025-07-30,28759,2025073004028162,HPPL,South Asian Bulls Pvt. Ltd.,Vision Securities Pvt. Ltd,500,520.1,260050.0,2025-07-30 14:38:25.192426
2025-07-30,28758,2025073004028163,HPPL,Sumeru Securities Pvt. Ltd.,Vision Securities Pvt. Ltd,150,520.1,78015.0,2025-07-30 14:38:25.192447
2025-07-30,28757,2025073004028164,HPPL,Cristal Kanchanjanga Securites Pvt. Ltd.,Vision Securities Pvt. Ltd,100,520.1,52010.0,2025-07-30 14:38:25.192467
2025-07-30,28756,2025073004028165,HPPL,South Asian Bulls Pvt. Ltd.,Vision Securities Pvt. Ltd,10,520.1,5201.0,2025-07-30 14:38:25.192487
2025-07-30,28755,2025073004028166,HPPL,Aryatara Investment & Securities,Vision Securities Pvt. Ltd,40,520.0,20800.0,2025-07-30 14:38:25.192509
2025-07-30,28754,2025073004028167,HPPL,Shree Krishna Securities Ltd.,Vision Securities Pvt. Ltd,100,520.0,52000.0,2025-07-30 14:38:25.192555
2025-07-30,28753,2025073004028168,HPPL,Sani Securities Company Ltd.,Vision Securities Pvt. Ltd,100,520.0,52000.0,2025-07-30 14:38:25.192595
2025-07-30,28752,2025073004028169,HPPL,Shree Krishna Securities Ltd.,Vision Securities Pvt. Ltd,51,520.0,26520.0,2025-07-30 14:38:25.192621
2025-07-30,28675,2025073004028187,HPPL,Shree Krishna Securities Ltd.,Online Securities Pvt. Ltd.,500,520.0,260000.0,2025-07-30 14:38:32.360693
2025-07-30,28627,2025073004028218,HPPL,Shree Krishna Securities Ltd.,Vision Securities Pvt. Ltd,249,520.0,129480.0,2025-07-30 14:38:35.797701
2025-07-30,28626,2025073004028219,HPPL,Shree Krishna Securities Ltd.,Vision Securities Pvt. Ltd,200,520.0,104000.0,2025-07-30 14:38:35.797801
2025-07-30,28625,2025073004028220,HPPL,Vision Securities Pvt. Ltd,Vision Securities Pvt. Ltd,360,520.0,187200.0,2025-07-30 14:38:35.797893
2025-07-30,28624,2025073004028221,HPPL,Trishakti Securities Public Limited,Vision Securities Pvt. Ltd,100,520.0,52000.0,2025-07-30 14:38:35.797982
2025-07-30,28623,2025073004028222,HPPL,Vision Securities Pvt. Ltd,Vision Securities Pvt. Ltd,960,520.0,499200.0,2025-07-30 14:38:35.798055
2025-07-30,28622,2025073004028223,HPPL,Kumari Securities Private Limited,Vision Securities Pvt. Ltd,200,520.0,104000.0,2025-07-30 14:38:35.798157
2025-07-30,28621,2025073004028224,HPPL,Capital Hub P. Ltd,Vision Securities Pvt. Ltd,100,520.0,52000.0,2025-07-30 14:38:35.798257
2025-07-30,28620,2025073004028225,HPPL,Dipshikha Dhitopatra Karobar Co. Pvt Ltd.,Vision Securities Pvt. Ltd,100,520.0,52000.0,2025-07-30 14:38:35.798367
2025-07-30,28619,2025073004028226,HPPL,Dakshinkali Investment & Securities Pvt. Ltd.,Vision Securities Pvt. Ltd,100,520.0,52000.0,2025-07-30 14:38:35.798476
2025-07-30,28618,2025073004028227,HPPL,Vision Securities Pvt. Ltd,Vision Securities Pvt. Ltd,200,519.1,103820.0,2025-07-30 14:38:35.798586
2025-07-30,28617,2025073004028228,HPPL,Midas Stock Broking Company Private Limited,Vision Securities Pvt. Ltd,400,519.0,207600.0,2025-07-30 14:38:35.798661
2025-07-30,28616,2025073004028229,HPPL,Oxford Securities Pvt. Ltd.,Vision Securities Pvt. Ltd,31,519.0,16089.0,2025-07-30 14:38:35.798727
2025-07-30,26792,2025073004028905,HPPL,Sani Securities Company Ltd.,Malla & Malla Stock Broking Company Pvt. Limited,500,520.0,260000.0,2025-07-30 14:40:31.828292
2025-07-30,24552,2025073004029726,HPPL,Sani Securities Company Ltd.,Online Securities Pvt. Ltd.,30,520.0,15600.0,2025-07-30 14:42:33.475799
2025-07-30,24551,2025073004029727,HPPL,Trisul Securities & Invt. Ltd.,Online Securities Pvt. Ltd.,100,519.1,51910.0,2025-07-30 14:42:33.475982
2025-07-30,24550,2025073004029728,HPPL,Pragyan Securities (PVT) Ltd.,Online Securities Pvt. Ltd.,50,519.1,25955.0,2025-07-30 14:42:33.476057
2025-07-30,24549,2025073004029729,HPPL,Ashutosh Brokerage & Securities (PVT) Ltd.,Online Securities Pvt. Ltd.,130,519.1,67483.0,2025-07-30 14:42:33.476144
2025-07-30,24521,2025073004029736,HPPL,Ashutosh Brokerage & Securities (PVT) Ltd.,Naasa Securities Co. Ltd.,30,519.1,15573.0,2025-07-30 14:42:36.059082
2025-07-30,24520,2025073004029737,HPPL,Oxford Securities Pvt. Ltd.,Naasa Securities Co. Ltd.,109,519.0,56571.0,2025-07-30 14:42:36.059457
2025-07-30,24519,2025073004029738,HPPL,Malla & Malla Stock Broking Company Pvt. Limited,Naasa Securities Co. Ltd.,100,519.0,51900.0,2025-07-30 14:42:36.059666
2025-07-30,24518,2025073004029739,HPPL,Trisul Securities & Invt. Ltd.,Naasa Securities Co. Ltd.,100,519.0,51900.0,2025-07-30 14:42:36.059884
2025-07-30,24517,2025073004029740,HPPL,Neev Securities Pvt. Ltd.,Naasa Securities Co. Ltd.,91,519.0,47229.0,2025-07-30 14:42:36.060086
2025-07-30,23896,2025073004029936,HPPL,Sri Hari Securities Pvt. Ltd.,Online Securities Pvt. Ltd.,100,520.0,52000.0,2025-07-30 14:43:11.633419
2025-07-30,23835,2025073004029958,HPPL,Dipshikha Dhitopatra Karobar Co. Pvt Ltd.,Linch Stock Market Ltd.,500,521.0,260500.0,2025-07-30 14:43:15.588585
2025-07-30,23166,2025073004030115,HPPL,Ashutosh Brokerage & Securities (PVT) Ltd.,Market Securities & Exchange (PVT) Ltd.,500,521.0,260500.0,2025-07-30 14:43:55.695154
2025-07-30,23149,2025073004030122,HPPL,South Asian Bulls Pvt. Ltd.,Market Securities & Exchange (PVT) Ltd.,50,521.0,26050.0,2025-07-30 14:43:57.106832
2025-07-30,22916,2025073004030182,HPPL,BHOLE GANESH SECURITIES LTD,Market Securities & Exchange (PVT) Ltd.,40,520.1,20804.0,2025-07-30 14:44:10.755999
2025-07-30,22915,2025073004030183,HPPL,Kohinoor Investment & Securities Pvt. Ltd.,Market Securities & Exchange (PVT) Ltd.,560,520.0,291200.0,2025-07-30 14:44:10.756189
2025-07-30,22189,2025073004030292,HPPL,Kohinoor Investment & Securities Pvt. Ltd.,Dakshinkali Investment & Securities Pvt. Ltd.,15,520.0,7800.0,2025-07-30 14:44:40.393678
2025-07-30,22118,2025073004030315,HPPL,Kohinoor Investment & Securities Pvt. Ltd.,Online Securities Pvt. Ltd.,25,520.0,13000.0,2025-07-30 14:44:46.400737
2025-07-30,21417,2025073004030496,HPPL,Ashutosh Brokerage & Securities (PVT) Ltd.,Online Securities Pvt. Ltd.,15,520.0,7800.0,2025-07-30 14:45:24.679543
2025-07-30,21222,2025073004030536,HPPL,Vision Securities Pvt. Ltd,Market Securities & Exchange (PVT) Ltd.,50,521.0,26050.0,2025-07-30 14:45:43.348424
2025-07-30,21221,2025073004030537,HPPL,Vision Securities Pvt. Ltd,Naasa Securities Co. Ltd.,450,521.0,234450.0,2025-07-30 14:45:43.348634
2025-07-30,21187,2025073004030550,HPPL,Ashutosh Brokerage & Securities (PVT) Ltd.,Naasa Securities Co. Ltd.,50,521.0,26050.0,2025-07-30 14:45:47.208568
2025-07-30,20952,2025073004030584,HPPL,Ashutosh Brokerage & Securities (PVT) Ltd.,Online Securities Pvt. Ltd.,20,521.0,10420.0,2025-07-30 14:46:01.755525
2025-07-30,20932,2025073004030587,HPPL,Ashutosh Brokerage & Securities (PVT) Ltd.,Oxford Securities Pvt. Ltd.,300,521.0,156300.0,2025-07-30 14:46:03.796326
2025-07-30,20574,2025073004030672,HPPL,Ashutosh Brokerage & Securities (PVT) Ltd.,Asian Securities Private Ltd.,10,521.0,5210.0,2025-07-30 14:46:29.305611
2025-07-30,20337,2025073004030735,HPPL,Kalika Securities Pvt. Ltd.,Neev Securities Pvt. Ltd.,50,522.0,26100.0,2025-07-30 14:46:50.451249
2025-07-30,20304,2025073004030747,HPPL,Primo Securities (PVT) Ltd.,Neev Securities Pvt. Ltd.,200,522.0,104400.0,2025-07-30 14:46:53.023626
2025-07-30,19668,2025073004030929,HPPL,Ashutosh Brokerage & Securities (PVT) Ltd.,Trisul Securities & Invt. Ltd.,10,521.9,5219.0,2025-07-30 14:47:40.127083
2025-07-30,19667,2025073004030930,HPPL,Ashutosh Brokerage & Securities (PVT) Ltd.,Neev Securities Pvt. Ltd.,95,522.0,49590.0,2025-07-30 14:47:40.127202
2025-07-30,19654,2025073004030932,HPPL,Primo Securities (PVT) Ltd.,Neev Securities Pvt. Ltd.,45,522.0,23490.0,2025-07-30 14:47:41.143305
2025-07-30,19103,2025073004031133,HPPL,Sani Securities Company Ltd.,Nepal Stock House (PVT) Ltd.,100,520.1,52010.0,2025-07-30 14:48:13.017430
2025-07-30,19102,2025073004031134,HPPL,Kohinoor Investment & Securities Pvt. Ltd.,Nepal Stock House (PVT) Ltd.,50,520.1,26005.0,2025-07-30 14:48:13.017615
2025-07-30,19101,2025073004031135,HPPL,Midas Stock Broking Company Private Limited,Nepal Stock House (PVT) Ltd.,500,520.0,260000.0,2025-07-30 14:48:13.017711
2025-07-30,19100,2025073004031136,HPPL,Trademow Securities Private Limited,Nepal Stock House (PVT) Ltd.,300,520.0,156000.0,2025-07-30 14:48:13.017788
2025-07-30,19099,2025073004031137,HPPL,Vision Securities Pvt. Ltd,Nepal Stock House (PVT) Ltd.,50,520.0,26000.0,2025-07-30 14:48:13.017857
2025-07-30,18922,2025073004031192,HPPL,Bhrikuti Stock Broking Co. Pvt. Ltd.,Market Securities & Exchange (PVT) Ltd.,100,520.5,52050.0,2025-07-30 14:48:27.563552
2025-07-30,18921,2025073004031193,HPPL,Vision Securities Pvt. Ltd,Market Securities & Exchange (PVT) Ltd.,45,520.0,23400.0,2025-07-30 14:48:27.563742
2025-07-30,18920,2025073004031194,HPPL,Asian Securities Private Ltd.,Market Securities & Exchange (PVT) Ltd.,55,520.0,28600.0,2025-07-30 14:48:27.563819
2025-07-30,18638,2025073004031243,HPPL,Asian Securities Private Ltd.,Imperial Securities Company Pvt. Ltd.,125,520.0,65000.0,2025-07-30 14:48:52.269065
2025-07-30,18008,2025073004031402,HPPL,Naasa Securities Co. Ltd.,Sweta Securities Private Limited,20,519.2,10384.0,2025-07-30 14:49:24.857906
2025-07-30,17215,2025073004031608,HPPL,Naasa Securities Co. Ltd.,Imperial Securities Company Pvt. Ltd.,89,520.0,46280.0,2025-07-30 14:50:09.446498
2025-07-30,16772,2025073004031741,HPPL,Trisul Securities & Invt. Ltd.,Aryatara Investment & Securities,202,519.2,104878.4,2025-07-30 14:50:36.542753
2025-07-30,16588,2025073004031797,HPPL,Trisul Securities & Invt. Ltd.,Premier Securities Company Ltd.,58,519.2,30113.6,2025-07-30 14:50:45.847789
2025-07-30,16587,2025073004031798,HPPL,Sumeru Securities Pvt. Ltd.,Premier Securities Company Ltd.,142,519.1,73712.2,2025-07-30 14:50:45.848016
2025-07-30,15252,2025073004032182,HPPL,Swarna Laxmi Securities Pvt. Ltd.,Bhrikuti Stock Broking Co. Pvt. Ltd.,20,519.1,10382.0,2025-07-30 14:51:44.959055
2025-07-30,15251,2025073004032183,HPPL,Kohinoor Investment & Securities Pvt. Ltd.,Bhrikuti Stock Broking Co. Pvt. Ltd.,50,519.1,25955.0,2025-07-30 14:51:44.959102
2025-07-30,15250,2025073004032184,HPPL,Neev Securities Pvt. Ltd.,Bhrikuti Stock Broking Co. Pvt. Ltd.,109,519.0,56571.0,2025-07-30 14:51:44.959159
2025-07-30,15249,2025073004032185,HPPL,Nabil Stock Dealer Ltd.,Bhrikuti Stock Broking Co. Pvt. Ltd.,200,519.0,103800.0,2025-07-30 14:51:44.959198
2025-07-30,15248,2025073004032186,HPPL,Kumari Securities Private Limited,Bhrikuti Stock Broking Co. Pvt. Ltd.,50,519.0,25950.0,2025-07-30 14:51:44.959223
2025-07-30,15247,2025073004032187,HPPL,Aryatara Investment & Securities,Bhrikuti Stock Broking Co. Pvt. Ltd.,71,519.0,36849.0,2025-07-30 14:51:44.959259
2025-07-30,15181,2025073004032202,HPPL,Aryatara Investment & Securities,Ashutosh Brokerage & Securities (PVT) Ltd.,29,519.0,15051.0,2025-07-30 14:51:48.077305
2025-07-30,15180,2025073004032203,HPPL,Trisul Securities & Invt. Ltd.,Ashutosh Brokerage & Securities (PVT) Ltd.,100,519.0,51900.0,2025-07-30 14:51:48.077531
2025-07-30,15179,2025073004032204,HPPL,Malla & Malla Stock Broking Company Pvt. Limited,Ashutosh Brokerage & Securities (PVT) Ltd.,40,519.0,20760.0,2025-07-30 14:51:48.077609
2025-07-30,15178,2025073004032205,HPPL,Secured Securities Ltd.,Ashutosh Brokerage & Securities (PVT) Ltd.,30,519.0,15570.0,2025-07-30 14:51:48.077679
2025-07-30,14878,2025073004032307,HPPL,Imperial Securities Company Pvt. Ltd.,Ashutosh Brokerage & Securities (PVT) Ltd.,50,519.0,25950.0,2025-07-30 14:52:00.949801
2025-07-30,14789,2025073004032336,HPPL,Opal Securities Investment (PVT) Ltd.,Ashutosh Brokerage & Securities (PVT) Ltd.,200,519.0,103800.0,2025-07-30 14:52:04.419715
2025-07-30,14140,2025073004032524,HPPL,Trisul Securities & Invt. Ltd.,Ashutosh Brokerage & Securities (PVT) Ltd.,40,519.0,20760.0,2025-07-30 14:52:30.704250
2025-07-30,13729,2025073004032705,HPPL,Imperial Securities Company Pvt. Ltd.,Dipshikha Dhitopatra Karobar Co. Pvt Ltd.,50,518.5,25925.0,2025-07-30 14:52:49.397849
2025-07-30,12910,2025073004032930,HPPL,Citizens Share Broker Limited,Ashutosh Brokerage & Securities (PVT) Ltd.,11,519.0,5709.0,2025-07-30 14:53:25.400500
2025-07-30,12909,2025073004032931,HPPL,Citizens Share Broker Limited,Imperial Securities Company Pvt. Ltd.,89,520.0,46280.0,2025-07-30 14:53:25.400537
2025-07-30,12885,2025073004032951,HPPL,Imperial Securities Company Pvt. Ltd.,Shree Krishna Securities Ltd.,50,518.5,25925.0,2025-07-30 14:53:25.846871
2025-07-30,12884,2025073004032952,HPPL,Swarna Laxmi Securities Pvt. Ltd.,Shree Krishna Securities Ltd.,20,518.0,10360.0,2025-07-30 14:53:25.847077
2025-07-30,12883,2025073004032953,HPPL,Stoxkarts Securities Limited,Shree Krishna Securities Ltd.,50,518.0,25900.0,2025-07-30 14:53:25.847157
2025-07-30,12882,2025073004032954,HPPL,MILKY WAY SHARE BROKER COMPANY LTD ,Shree Krishna Securities Ltd.,100,518.0,51800.0,2025-07-30 14:53:25.847226
2025-07-30,11227,2025073004033452,HPPL,Primo Securities (PVT) Ltd.,Shree Krishna Securities Ltd.,195,518.0,101010.0,2025-07-30 14:54:24.795456
2025-07-30,10845,2025073004033603,HPPL,Kohinoor Investment & Securities Pvt. Ltd.,Shree Krishna Securities Ltd.,80,518.0,41440.0,2025-07-30 14:54:36.496670
2025-07-30,10085,2025073004033867,HPPL,Online Securities Pvt. Ltd.,Shree Krishna Securities Ltd.,10,518.0,5180.0,2025-07-30 14:55:05.181026
2025-07-30,9879,2025073004033924,HPPL,Dipshikha Dhitopatra Karobar Co. Pvt Ltd.,Shree Krishna Securities Ltd.,95,518.0,49210.0,2025-07-30 14:55:15.284998
2025-07-30,9878,2025073004033925,HPPL,Dipshikha Dhitopatra Karobar Co. Pvt Ltd.,Imperial Securities Company Pvt. Ltd.,200,518.0,103600.0,2025-07-30 14:55:15.285248
2025-07-30,9551,2025073004033996,HPPL,Primo Securities (PVT) Ltd.,Deevyaa Securities & Stock House Pvt. Ltd,100,518.0,51800.0,2025-07-30 14:55:29.738713
2025-07-30,9550,2025073004033997,HPPL,Neev Securities Pvt. Ltd.,Deevyaa Securities & Stock House Pvt. Ltd,100,516.4,51640.0,2025-07-30 14:55:29.738825
2025-07-30,9214,2025073004034110,HPPL,Neev Securities Pvt. Ltd.,Indira securities pvt. ltd,100,516.4,51640.0,2025-07-30 14:55:45.966723
2025-07-30,9213,2025073004034111,HPPL,Trisul Securities & Invt. Ltd.,Indira securities pvt. ltd,50,516.4,25820.0,2025-07-30 14:55:45.966940
2025-07-30,9026,2025073004034172,HPPL,Trisul Securities & Invt. Ltd.,Kalika Securities Pvt. Ltd.,50,516.4,25820.0,2025-07-30 14:55:51.298903
2025-07-30,8532,2025073004034288,HPPL,Ashutosh Brokerage & Securities (PVT) Ltd.,Vision Securities Pvt. Ltd,160,516.3,82608.0,2025-07-30 14:56:11.662703
2025-07-30,8531,2025073004034289,HPPL,Ashutosh Brokerage & Securities (PVT) Ltd.,Vision Securities Pvt. Ltd,100,516.2,51620.0,2025-07-30 14:56:11.662786
2025-07-30,8530,2025073004034290,HPPL,Imperial Securities Company Pvt. Ltd.,Vision Securities Pvt. Ltd,20,516.2,10324.0,2025-07-30 14:56:11.662809
2025-07-30,8529,2025073004034291,HPPL,Sumeru Securities Pvt. Ltd.,Vision Securities Pvt. Ltd,108,516.1,55738.8,2025-07-30 14:56:11.662836
2025-07-30,8528,2025073004034292,HPPL,Asian Securities Private Ltd.,Vision Securities Pvt. Ltd,250,516.1,129025.0,2025-07-30 14:56:11.662880
2025-07-30,8527,2025073004034293,HPPL,Trisul Securities & Invt. Ltd.,Vision Securities Pvt. Ltd,260,516.0,134160.0,2025-07-30 14:56:11.662902
2025-07-30,8526,2025073004034294,HPPL,Linch Stock Market Ltd.,Vision Securities Pvt. Ltd,2102,516.0,1084632.0,2025-07-30 14:56:11.662949
2025-07-30,8232,2025073004034377,HPPL,Bhrikuti Stock Broking Co. Pvt. Ltd.,Kalika Securities Pvt. Ltd.,100,516.4,51640.0,2025-07-30 14:56:23.470069
2025-07-30,7981,2025073004034482,HPPL,Sani Securities Company Ltd.,Kalika Securities Pvt. Ltd.,100,516.4,51640.0,2025-07-30 14:56:32.169162
2025-07-30,7773,2025073004034546,HPPL,Sani Securities Company Ltd.,Aryatara Investment & Securities,43,516.4,22205.2,2025-07-30 14:56:39.528344
2025-07-30,7758,2025073004034547,HPPL,Sani Securities Company Ltd.,Vision Securities Pvt. Ltd,357,516.4,184354.8,2025-07-30 14:56:39.577502
2025-07-30,7757,2025073004034548,HPPL,Vision Securities Pvt. Ltd,Vision Securities Pvt. Ltd,700,516.4,361480.0,2025-07-30 14:56:39.577550
2025-07-30,7756,2025073004034549,HPPL,Linch Stock Market Ltd.,Vision Securities Pvt. Ltd,398,516.0,205368.0,2025-07-30 14:56:39.577572
2025-07-30,7755,2025073004034550,HPPL,Ashutosh Brokerage & Securities (PVT) Ltd.,Vision Securities Pvt. Ltd,250,515.3,128825.0,2025-07-30 14:56:39.577605
2025-07-30,7754,2025073004034551,HPPL,Ashutosh Brokerage & Securities (PVT) Ltd.,Vision Securities Pvt. Ltd,160,515.3,82448.0,2025-07-30 14:56:39.577637
2025-07-30,7753,2025073004034552,HPPL,Premier Securities Company Ltd.,Vision Securities Pvt. Ltd,300,515.2,154560.0,2025-07-30 14:56:39.577670
2025-07-30,7752,2025073004034553,HPPL,Trishakti Securities Public Limited,Vision Securities Pvt. Ltd,300,515.0,154500.0,2025-07-30 14:56:39.577699
2025-07-30,7751,2025073004034554,HPPL,Opal Securities Investment (PVT) Ltd.,Vision Securities Pvt. Ltd,200,515.0,103000.0,2025-07-30 14:56:39.577728
2025-07-30,7750,2025073004034555,HPPL,Thrive Brokerage House Pvt. Ltd,Vision Securities Pvt. Ltd,100,515.0,51500.0,2025-07-30 14:56:39.577757
2025-07-30,7749,2025073004034556,HPPL,Asian Securities Private Ltd.,Vision Securities Pvt. Ltd,235,515.0,121025.0,2025-07-30 14:56:39.577782
2025-07-30,7152,2025073004034747,HPPL,Trisul Securities & Invt. Ltd.,Indira securities pvt. ltd,50,516.0,25800.0,2025-07-30 14:56:59.454421
2025-07-30,6518,2025073004034974,HPPL,Asian Securities Private Ltd.,Vision Securities Pvt. Ltd,265,515.0,136475.0,2025-07-30 14:57:21.461997
2025-07-30,6517,2025073004034975,HPPL,Sani Securities Company Ltd.,Vision Securities Pvt. Ltd,500,515.0,257500.0,2025-07-30 14:57:21.462078
2025-07-30,6516,2025073004034976,HPPL,Sajilo Broker Limited,Vision Securities Pvt. Ltd,500,515.0,257500.0,2025-07-30 14:57:21.462104
2025-07-30,6515,2025073004034977,HPPL,Shree Krishna Securities Ltd.,Vision Securities Pvt. Ltd,100,515.0,51500.0,2025-07-30 14:57:21.462165
2025-07-30,6514,2025073004034978,HPPL,Swarna Laxmi Securities Pvt. Ltd.,Vision Securities Pvt. Ltd,10,515.0,5150.0,2025-07-30 14:57:21.462196
2025-07-30,6513,2025073004034979,HPPL,Swarna Laxmi Securities Pvt. Ltd.,Vision Securities Pvt. Ltd,10,515.0,5150.0,2025-07-30 14:57:21.462229
2025-07-30,6512,2025073004034980,HPPL,Imperial Securities Company Pvt. Ltd.,Vision Securities Pvt. Ltd,100,515.0,51500.0,2025-07-30 14:57:21.462253
2025-07-30,6511,2025073004034981,HPPL,J.F. Securites (PVT) Ltd.,Vision Securities Pvt. Ltd,250,514.5,128625.0,2025-07-30 14:57:21.462296
2025-07-30,6510,2025073004034982,HPPL,Sani Securities Company Ltd.,Vision Securities Pvt. Ltd,200,514.0,102800.0,2025-07-30 14:57:21.462334
2025-07-30,6509,2025073004034983,HPPL,Trisul Securities & Invt. Ltd.,Vision Securities Pvt. Ltd,40,514.0,20560.0,2025-07-30 14:57:21.462355
2025-07-30,6508,2025073004034984,HPPL,Neev Securities Pvt. Ltd.,Vision Securities Pvt. Ltd,25,514.0,12850.0,2025-07-30 14:57:21.462375
2025-07-30,4502,2025073004035572,HPPL,Trisul Securities & Invt. Ltd.,Dipshikha Dhitopatra Karobar Co. Pvt Ltd.,40,516.1,20644.0,2025-07-30 14:58:19.678430
2025-07-30,4501,2025073004035573,HPPL,Agrawal Securities (PVT) Ltd.,Dipshikha Dhitopatra Karobar Co. Pvt Ltd.,16,516.0,8256.0,2025-07-30 14:58:19.678653
2025-07-30,4040,2025073004035676,HPPL,Agrawal Securities (PVT) Ltd.,Asian Securities Private Ltd.,100,516.0,51600.0,2025-07-30 14:58:33.912005
2025-07-30,2996,2025073004035993,HPPL,Agrawal Securities (PVT) Ltd.,Sweta Securities Private Limited,100,516.0,51600.0,2025-07-30 14:58:58.349132
2025-07-30,2839,2025073004036020,HPPL,J.F. Securites (PVT) Ltd.,Aryatara Investment & Securities,10,516.1,5161.0,2025-07-30 14:59:02.460365
2025-07-30,1937,2025073004036257,HPPL,Investment Management Nepal Pvt. Ltd.,Linch Stock Market Ltd.,200,516.1,103220.0,2025-07-30 14:59:23.557335
2025-07-30,1936,2025073004036258,HPPL,Agrawal Securities (PVT) Ltd.,Linch Stock Market Ltd.,284,516.0,146544.0,2025-07-30 14:59:23.557379
