Date,S.N.,contract_id,symbol,buyer_broker,seller_broker,volume,price,amount,transaction_time
2025-07-30,141473,2025073003000007,KSBBL,J.F. Securites (PVT) Ltd.,Naasa Securities Co. Ltd.,25,585.0,14625.0,2025-07-30 10:46:00.042552
2025-07-30,140928,2025073003000123,KSBBL,J.F. Securites (PVT) Ltd.,K.B.L. Securities Limited ,25,580.0,14500.0,2025-07-30 11:01:58.970201
2025-07-30,140642,2025073003000177,KSBBL,Trisul Securities & Invt. Ltd.,Cristal Kanchanjanga Securites Pvt. Ltd.,10,575.0,5750.0,2025-07-30 11:02:41.938136
2025-07-30,140540,2025073003000202,KSBBL,Trisul Securities & Invt. Ltd.,Hatemalo Financial Services Private Limited,500,575.0,287500.0,2025-07-30 11:02:56.610690
2025-07-30,140452,2025073003000222,KSBBL,Trisul Securities & Invt. Ltd.,Cristal Kanchanjanga Securites Pvt. Ltd.,290,575.0,166750.0,2025-07-30 11:03:08.241056
2025-07-30,140451,2025073003000223,KSBBL,Cristal Kanchanjanga Securites Pvt. Ltd.,Cristal Kanchanjanga Securites Pvt. Ltd.,500,571.0,285500.0,2025-07-30 11:03:08.241138
2025-07-30,140450,2025073003000224,KSBBL,Kumari Securities Private Limited,Cristal Kanchanjanga Securites Pvt. Ltd.,25,570.0,14250.0,2025-07-30 11:03:08.241221
2025-07-30,140449,2025073003000225,KSBBL,Imperial Securities Company Pvt. Ltd.,Cristal Kanchanjanga Securites Pvt. Ltd.,485,568.5,275722.5,2025-07-30 11:03:08.241319
2025-07-30,140017,2025073003000317,KSBBL,Vision Securities Pvt. Ltd,Creative Securities Pvt Ltd,100,578.0,57800.0,2025-07-30 11:03:57.165342
2025-07-30,140016,2025073003000318,KSBBL,Vision Securities Pvt. Ltd,Imperial Securities Company Pvt. Ltd.,200,579.0,115800.0,2025-07-30 11:03:57.165435
2025-07-30,140015,2025073003000319,KSBBL,Vision Securities Pvt. Ltd,Sharepro Securities Private Limited,650,579.8,376870.0,2025-07-30 11:03:57.165510
2025-07-30,140014,2025073003000320,KSBBL,Vision Securities Pvt. Ltd,K.B.L. Securities Limited ,50,580.0,29000.0,2025-07-30 11:03:57.165580
2025-07-30,139542,2025073003000420,KSBBL,Sumeru Securities Pvt. Ltd.,Creative Securities Pvt Ltd,10,578.1,5781.0,2025-07-30 11:05:02.410727
2025-07-30,139256,2025073003000464,KSBBL,Vision Securities Pvt. Ltd,ABC Securities Private Limited,140,578.0,80920.0,2025-07-30 11:05:41.749894
2025-07-30,139255,2025073003000465,KSBBL,Vision Securities Pvt. Ltd,Sharepro Securities Private Limited,450,578.0,260100.0,2025-07-30 11:05:41.749933
2025-07-30,138269,2025073003000676,KSBBL,Online Securities Pvt. Ltd.,Dipshikha Dhitopatra Karobar Co. Pvt Ltd.,90,570.0,51300.0,2025-07-30 11:07:44.267122
2025-07-30,137948,2025073003000741,KSBBL,Premier Securities Company Ltd.,Dakshinkali Investment & Securities Pvt. Ltd.,20,570.2,11404.0,2025-07-30 11:08:25.835533
2025-07-30,137947,2025073003000742,KSBBL,Online Securities Pvt. Ltd.,Dakshinkali Investment & Securities Pvt. Ltd.,87,570.0,49590.0,2025-07-30 11:08:25.835634
2025-07-30,137613,2025073003000815,KSBBL,Naasa Securities Co. Ltd.,Arun Securities (PVT) Ltd.,1000,570.1,570100.0,2025-07-30 11:08:58.550965
2025-07-30,137515,2025073003000844,KSBBL,Online Securities Pvt. Ltd.,Deevyaa Securities & Stock House Pvt. Ltd,31,570.0,17670.0,2025-07-30 11:09:11.166367
2025-07-30,137361,2025073003000880,KSBBL,Online Securities Pvt. Ltd.,Sumeru Securities Pvt. Ltd.,292,570.0,166440.0,2025-07-30 11:09:27.877583
2025-07-30,137360,2025073003000881,KSBBL,J.F. Securites (PVT) Ltd.,Sumeru Securities Pvt. Ltd.,200,570.0,114000.0,2025-07-30 11:09:27.877618
2025-07-30,137303,2025073003000888,KSBBL,Cristal Kanchanjanga Securites Pvt. Ltd.,Sumeru Securities Pvt. Ltd.,255,570.0,145350.0,2025-07-30 11:09:36.805931
2025-07-30,137302,2025073003000889,KSBBL,Nagarik Stock Dealer ,Sumeru Securities Pvt. Ltd.,20,569.1,11382.0,2025-07-30 11:09:36.805973
2025-07-30,137301,2025073003000890,KSBBL,Secured Securities Ltd.,Sumeru Securities Pvt. Ltd.,25,569.1,14227.5,2025-07-30 11:09:36.805998
2025-07-30,137184,2025073003000917,KSBBL,Secured Securities Ltd.,INDEX SECURITIES LIMITED,825,569.1,469507.5,2025-07-30 11:09:47.552374
2025-07-30,137183,2025073003000918,KSBBL,Imperial Securities Company Pvt. Ltd.,INDEX SECURITIES LIMITED,50,569.0,28450.0,2025-07-30 11:09:47.552533
2025-07-30,137182,2025073003000919,KSBBL,Online Securities Pvt. Ltd.,INDEX SECURITIES LIMITED,200,569.0,113800.0,2025-07-30 11:09:47.552583
2025-07-30,137181,2025073003000920,KSBBL,Trisul Securities & Invt. Ltd.,INDEX SECURITIES LIMITED,750,569.0,426750.0,2025-07-30 11:09:47.552630
2025-07-30,137180,2025073003000921,KSBBL,Trisul Securities & Invt. Ltd.,INDEX SECURITIES LIMITED,176,569.0,100144.0,2025-07-30 11:09:47.552673
2025-07-30,136854,2025073003000988,KSBBL,Bhrikuti Stock Broking Co. Pvt. Ltd.,Kohinoor Investment & Securities Pvt. Ltd.,30,572.0,17160.0,2025-07-30 11:10:23.524444
2025-07-30,136538,2025073003001053,KSBBL,Investment Management Nepal Pvt. Ltd.,Kohinoor Investment & Securities Pvt. Ltd.,750,572.0,429000.0,2025-07-30 11:11:02.100572
2025-07-30,136001,2025073003001176,KSBBL,Nagarik Stock Dealer ,Kohinoor Investment & Securities Pvt. Ltd.,210,572.0,120120.0,2025-07-30 11:12:02.174216
2025-07-30,135213,2025073003001388,KSBBL,Nagarik Stock Dealer ,Vision Securities Pvt. Ltd,40,572.0,22880.0,2025-07-30 11:13:13.867240
2025-07-30,135007,2025073003001424,KSBBL,Bhrikuti Stock Broking Co. Pvt. Ltd.,Kohinoor Investment & Securities Pvt. Ltd.,30,571.0,17130.0,2025-07-30 11:13:33.461702
2025-07-30,135006,2025073003001425,KSBBL,Bhrikuti Stock Broking Co. Pvt. Ltd.,Kohinoor Investment & Securities Pvt. Ltd.,50,570.0,28500.0,2025-07-30 11:13:33.461745
2025-07-30,135005,2025073003001426,KSBBL,Siprabi Securities Pvt. Ltd.,Kohinoor Investment & Securities Pvt. Ltd.,200,570.0,114000.0,2025-07-30 11:13:33.461771
2025-07-30,135004,2025073003001427,KSBBL,SUN SECURITIES PVT LTD,Kohinoor Investment & Securities Pvt. Ltd.,970,570.0,552900.0,2025-07-30 11:13:33.461793
2025-07-30,134943,2025073003001442,KSBBL,SUN SECURITIES PVT LTD,Vision Securities Pvt. Ltd,30,570.0,17100.0,2025-07-30 11:13:39.314357
2025-07-30,134611,2025073003001530,KSBBL,Trisul Securities & Invt. Ltd.,Online Securities Pvt. Ltd.,300,569.0,170700.0,2025-07-30 11:14:06.217538
2025-07-30,134479,2025073003001553,KSBBL,Trisul Securities & Invt. Ltd.,Kohinoor Investment & Securities Pvt. Ltd.,274,569.0,155906.0,2025-07-30 11:14:17.769182
2025-07-30,134314,2025073003001581,KSBBL,Kohinoor Investment & Securities Pvt. Ltd.,Kohinoor Investment & Securities Pvt. Ltd.,50,569.0,28450.0,2025-07-30 11:14:34.362325
2025-07-30,133276,2025073003001817,KSBBL,Arun Securities (PVT) Ltd.,Kohinoor Investment & Securities Pvt. Ltd.,100,568.9,56890.0,2025-07-30 11:16:06.273642
2025-07-30,133041,2025073003001876,KSBBL,Sundhara Securities Limited,ABC Securities Private Limited,30,568.3,17049.0,2025-07-30 11:16:21.583291
2025-07-30,133040,2025073003001877,KSBBL,ABC Securities Private Limited,ABC Securities Private Limited,270,566.5,152955.0,2025-07-30 11:16:21.583335
2025-07-30,132874,2025073003001902,KSBBL,ABC Securities Private Limited,Deevyaa Securities & Stock House Pvt. Ltd,230,566.5,130295.0,2025-07-30 11:16:32.886045
2025-07-30,132873,2025073003001903,KSBBL,Siprabi Securities Pvt. Ltd.,Deevyaa Securities & Stock House Pvt. Ltd,65,565.1,36731.5,2025-07-30 11:16:32.886186
2025-07-30,132872,2025073003001904,KSBBL,Midas Stock Broking Company Private Limited,Deevyaa Securities & Stock House Pvt. Ltd,500,565.0,282500.0,2025-07-30 11:16:32.886240
2025-07-30,132871,2025073003001905,KSBBL,Cristal Kanchanjanga Securites Pvt. Ltd.,Deevyaa Securities & Stock House Pvt. Ltd,205,565.0,115825.0,2025-07-30 11:16:32.886292
2025-07-30,132858,2025073003001908,KSBBL,Cristal Kanchanjanga Securites Pvt. Ltd.,Kohinoor Investment & Securities Pvt. Ltd.,400,565.0,226000.0,2025-07-30 11:16:34.345154
2025-07-30,132763,2025073003001941,KSBBL,Cristal Kanchanjanga Securites Pvt. Ltd.,Kohinoor Investment & Securities Pvt. Ltd.,395,565.0,223175.0,2025-07-30 11:16:44.723984
2025-07-30,132762,2025073003001942,KSBBL,Trisul Securities & Invt. Ltd.,Kohinoor Investment & Securities Pvt. Ltd.,565,565.0,319225.0,2025-07-30 11:16:44.724030
2025-07-30,132761,2025073003001943,KSBBL,Naasa Securities Co. Ltd.,Kohinoor Investment & Securities Pvt. Ltd.,100,565.0,56500.0,2025-07-30 11:16:44.724061
2025-07-30,132190,2025073003002063,KSBBL,Linch Stock Market Ltd.,Kohinoor Investment & Securities Pvt. Ltd.,500,567.0,283500.0,2025-07-30 11:17:37.021556
2025-07-30,131245,2025073003002252,KSBBL,Naasa Securities Co. Ltd.,Kohinoor Investment & Securities Pvt. Ltd.,10,566.0,5660.0,2025-07-30 11:19:13.531784
2025-07-30,131206,2025073003002257,KSBBL,Imperial Securities Company Pvt. Ltd.,Kohinoor Investment & Securities Pvt. Ltd.,18,566.0,10188.0,2025-07-30 11:19:16.210960
2025-07-30,130766,2025073003002338,KSBBL,Kalika Securities Pvt. Ltd.,ABC Securities Private Limited,10,565.0,5650.0,2025-07-30 11:20:08.151576
2025-07-30,130553,2025073003002391,KSBBL,Kalika Securities Pvt. Ltd.,Trishakti Securities Public Limited,20,565.0,11300.0,2025-07-30 11:20:33.430498
2025-07-30,130552,2025073003002392,KSBBL,Kohinoor Investment & Securities Pvt. Ltd.,Trishakti Securities Public Limited,30,565.0,16950.0,2025-07-30 11:20:33.430659
2025-07-30,130551,2025073003002393,KSBBL,South Asian Bulls Pvt. Ltd.,Trishakti Securities Public Limited,50,564.1,28205.0,2025-07-30 11:20:33.430735
2025-07-30,130282,2025073003002463,KSBBL,Sani Securities Company Ltd.,Asian Securities Private Ltd.,45,565.0,25425.0,2025-07-30 11:21:13.524401
2025-07-30,129425,2025073003002627,KSBBL,BHOLE GANESH SECURITIES LTD,Kohinoor Investment & Securities Pvt. Ltd.,72,566.0,40752.0,2025-07-30 11:22:45.086202
2025-07-30,129424,2025073003002628,KSBBL,BHOLE GANESH SECURITIES LTD,Aryatara Investment & Securities,28,566.0,15848.0,2025-07-30 11:22:45.086503
2025-07-30,129420,2025073003002629,KSBBL,Aryatara Investment & Securities,Aryatara Investment & Securities,293,566.0,165838.0,2025-07-30 11:22:45.524615
2025-07-30,129293,2025073003002653,KSBBL,Aryatara Investment & Securities,Nepal Stock House (PVT) Ltd.,100,566.0,56600.0,2025-07-30 11:22:58.321180
2025-07-30,129292,2025073003002654,KSBBL,Cristal Kanchanjanga Securites Pvt. Ltd.,Nepal Stock House (PVT) Ltd.,300,566.0,169800.0,2025-07-30 11:22:58.321322
2025-07-30,129291,2025073003002655,KSBBL,Himalayan Brokerage Company Limited,Nepal Stock House (PVT) Ltd.,55,566.0,31130.0,2025-07-30 11:22:58.321380
2025-07-30,128357,2025073003002867,KSBBL,Naasa Securities Co. Ltd.,Kohinoor Investment & Securities Pvt. Ltd.,890,568.9,506321.0,2025-07-30 11:24:30.055582
2025-07-30,128356,2025073003002868,KSBBL,Naasa Securities Co. Ltd.,Aryatara Investment & Securities,50,569.0,28450.0,2025-07-30 11:24:30.055737
2025-07-30,128355,2025073003002869,KSBBL,Nepal Stock House (PVT) Ltd.,Vision Securities Pvt. Ltd,930,570.0,530100.0,2025-07-30 11:24:30.359094
2025-07-30,128354,2025073003002870,KSBBL,Nepal Stock House (PVT) Ltd.,J.F. Securites (PVT) Ltd.,900,570.0,513000.0,2025-07-30 11:24:30.359242
2025-07-30,128353,2025073003002871,KSBBL,Nepal Stock House (PVT) Ltd.,Trisul Securities & Invt. Ltd.,614,570.0,349980.0,2025-07-30 11:24:30.359309
2025-07-30,128352,2025073003002872,KSBBL,Nepal Stock House (PVT) Ltd.,Malla & Malla Stock Broking Company Pvt. Limited,22,570.0,12540.0,2025-07-30 11:24:30.359372
2025-07-30,128351,2025073003002873,KSBBL,Nepal Stock House (PVT) Ltd.,Kumari Securities Private Limited,250,570.0,142500.0,2025-07-30 11:24:30.359434
2025-07-30,128198,2025073003002916,KSBBL,Nepal Stock House (PVT) Ltd.,Dipshikha Dhitopatra Karobar Co. Pvt Ltd.,184,570.0,104880.0,2025-07-30 11:24:47.977648
2025-07-30,128197,2025073003002917,KSBBL,Naasa Securities Co. Ltd.,Dipshikha Dhitopatra Karobar Co. Pvt Ltd.,60,569.0,34140.0,2025-07-30 11:24:47.977817
2025-07-30,128189,2025073003002918,KSBBL,Naasa Securities Co. Ltd.,Opal Securities Investment (PVT) Ltd.,100,567.0,56700.0,2025-07-30 11:24:48.976317
2025-07-30,127948,2025073003002975,KSBBL,Naasa Securities Co. Ltd.,Arun Securities (PVT) Ltd.,800,567.0,453600.0,2025-07-30 11:25:13.154704
2025-07-30,127880,2025073003002994,KSBBL,Cristal Kanchanjanga Securites Pvt. Ltd.,Arun Securities (PVT) Ltd.,500,568.0,284000.0,2025-07-30 11:25:20.526377
2025-07-30,127879,2025073003002995,KSBBL,Naasa Securities Co. Ltd.,Arun Securities (PVT) Ltd.,100,567.0,56700.0,2025-07-30 11:25:20.526562
2025-07-30,127878,2025073003002996,KSBBL,Premier Securities Company Ltd.,Arun Securities (PVT) Ltd.,200,567.0,113400.0,2025-07-30 11:25:20.526660
2025-07-30,127763,2025073003003019,KSBBL,Aryatara Investment & Securities,Arun Securities (PVT) Ltd.,500,568.0,284000.0,2025-07-30 11:25:34.149974
2025-07-30,127762,2025073003003020,KSBBL,Premier Securities Company Ltd.,Arun Securities (PVT) Ltd.,203,567.0,115101.0,2025-07-30 11:25:34.150175
2025-07-30,127435,2025073003003092,KSBBL,Vision Securities Pvt. Ltd,Asian Securities Private Ltd.,500,568.1,284050.0,2025-07-30 11:26:07.375045
2025-07-30,127434,2025073003003093,KSBBL,South Asian Bulls Pvt. Ltd.,Asian Securities Private Ltd.,30,567.1,17013.0,2025-07-30 11:26:07.375219
2025-07-30,127433,2025073003003094,KSBBL,Premier Securities Company Ltd.,Asian Securities Private Ltd.,320,567.0,181440.0,2025-07-30 11:26:07.375292
2025-07-30,127409,2025073003003102,KSBBL,Premier Securities Company Ltd.,Kohinoor Investment & Securities Pvt. Ltd.,277,567.0,157059.0,2025-07-30 11:26:10.567393
2025-07-30,127408,2025073003003103,KSBBL,Vision Securities Pvt. Ltd,Kohinoor Investment & Securities Pvt. Ltd.,50,567.0,28350.0,2025-07-30 11:26:10.567460
2025-07-30,127407,2025073003003104,KSBBL,South Asian Bulls Pvt. Ltd.,Kohinoor Investment & Securities Pvt. Ltd.,30,566.3,16989.0,2025-07-30 11:26:10.567485
2025-07-30,127406,2025073003003105,KSBBL,Aryatara Investment & Securities,Kohinoor Investment & Securities Pvt. Ltd.,143,566.2,80966.6,2025-07-30 11:26:10.567509
2025-07-30,127219,2025073003003135,KSBBL,Bhrikuti Stock Broking Co. Pvt. Ltd.,Dipshikha Dhitopatra Karobar Co. Pvt Ltd.,500,568.8,284400.0,2025-07-30 11:26:30.951226
2025-07-30,126964,2025073003003188,KSBBL,Arun Securities (PVT) Ltd.,Dipshikha Dhitopatra Karobar Co. Pvt Ltd.,80,568.8,45504.0,2025-07-30 11:27:02.438922
2025-07-30,126907,2025073003003211,KSBBL,Secured Securities Ltd.,Dipshikha Dhitopatra Karobar Co. Pvt Ltd.,20,568.8,11376.0,2025-07-30 11:27:08.554949
2025-07-30,126794,2025073003003220,KSBBL,Property Wiard Limited,Dipshikha Dhitopatra Karobar Co. Pvt Ltd.,300,568.8,170640.0,2025-07-30 11:27:17.391462
2025-07-30,126771,2025073003003222,KSBBL,Investment Management Nepal Pvt. Ltd.,Dipshikha Dhitopatra Karobar Co. Pvt Ltd.,55,568.8,31284.0,2025-07-30 11:27:19.737246
2025-07-30,126080,2025073003003343,KSBBL,Online Securities Pvt. Ltd.,Sri Hari Securities Pvt. Ltd.,415,571.0,236965.0,2025-07-30 11:28:36.383627
2025-07-30,126075,2025073003003345,KSBBL,Capital Max Securities Ltd,Sri Hari Securities Pvt. Ltd.,174,571.0,99354.0,2025-07-30 11:28:36.863094
2025-07-30,125888,2025073003003403,KSBBL,Capital Max Securities Ltd,Dynamic Money Managers Securities Pvt. Ltd.,1000,571.0,571000.0,2025-07-30 11:28:57.361472
2025-07-30,125377,2025073003003512,KSBBL,Capital Max Securities Ltd,Secured Securities Ltd.,826,571.0,471646.0,2025-07-30 11:29:59.963680
2025-07-30,125376,2025073003003513,KSBBL,Sri Hari Securities Pvt. Ltd.,Secured Securities Ltd.,100,571.0,57100.0,2025-07-30 11:29:59.964102
2025-07-30,125375,2025073003003514,KSBBL,Capital Hub P. Ltd,Secured Securities Ltd.,114,571.0,65094.0,2025-07-30 11:29:59.964381
2025-07-30,125360,2025073003003518,KSBBL,Capital Hub P. Ltd,Naasa Securities Co. Ltd.,217,571.0,123907.0,2025-07-30 11:30:01.878714
2025-07-30,125291,2025073003003535,KSBBL,Capital Hub P. Ltd,Secured Securities Ltd.,10,571.0,5710.0,2025-07-30 11:30:09.109960
2025-07-30,125135,2025073003003563,KSBBL,Capital Hub P. Ltd,Agrawal Securities (PVT) Ltd.,159,571.0,90789.0,2025-07-30 11:30:25.382189
2025-07-30,124802,2025073003003624,KSBBL,Premier Securities Company Ltd.,Agrawal Securities (PVT) Ltd.,100,571.0,57100.0,2025-07-30 11:31:04.761491
2025-07-30,124598,2025073003003647,KSBBL,Naasa Securities Co. Ltd.,Dynamic Money Managers Securities Pvt. Ltd.,1000,570.1,570100.0,2025-07-30 11:31:30.096948
2025-07-30,124440,2025073003003670,KSBBL,Property Wiard Limited,Kohinoor Investment & Securities Pvt. Ltd.,500,570.0,285000.0,2025-07-30 11:31:49.855383
2025-07-30,124439,2025073003003671,KSBBL,Naasa Securities Co. Ltd.,Kohinoor Investment & Securities Pvt. Ltd.,50,569.0,28450.0,2025-07-30 11:31:49.855428
2025-07-30,124438,2025073003003672,KSBBL,Primo Securities (PVT) Ltd.,Kohinoor Investment & Securities Pvt. Ltd.,450,569.0,256050.0,2025-07-30 11:31:49.855455
2025-07-30,124142,2025073003003726,KSBBL,Trisul Securities & Invt. Ltd.,Kohinoor Investment & Securities Pvt. Ltd.,22,569.1,12520.2,2025-07-30 11:32:21.710840
2025-07-30,124079,2025073003003743,KSBBL,Trisul Securities & Invt. Ltd.,Opal Securities Investment (PVT) Ltd.,160,569.1,91056.0,2025-07-30 11:32:29.598254
2025-07-30,123374,2025073003003907,KSBBL,Trisul Securities & Invt. Ltd.,Linch Stock Market Ltd.,158,569.1,89917.8,2025-07-30 11:33:56.938112
2025-07-30,122873,2025073003004029,KSBBL,Trisul Securities & Invt. Ltd.,Premier Securities Company Ltd.,122,569.1,69430.2,2025-07-30 11:35:04.843077
2025-07-30,122733,2025073003004069,KSBBL,Sweta Securities Private Limited,Dipshikha Dhitopatra Karobar Co. Pvt Ltd.,50,569.9,28495.0,2025-07-30 11:35:26.234661
2025-07-30,122228,2025073003004161,KSBBL,Trisul Securities & Invt. Ltd.,Dipshikha Dhitopatra Karobar Co. Pvt Ltd.,338,569.1,192355.8,2025-07-30 11:36:53.852356
2025-07-30,122227,2025073003004162,KSBBL,Primo Securities (PVT) Ltd.,Dipshikha Dhitopatra Karobar Co. Pvt Ltd.,550,569.0,312950.0,2025-07-30 11:36:53.852563
2025-07-30,122226,2025073003004163,KSBBL,Investment Management Nepal Pvt. Ltd.,Dipshikha Dhitopatra Karobar Co. Pvt Ltd.,445,568.8,253116.0,2025-07-30 11:36:53.852665
2025-07-30,122225,2025073003004164,KSBBL,Kohinoor Investment & Securities Pvt. Ltd.,Dipshikha Dhitopatra Karobar Co. Pvt Ltd.,20,568.8,11376.0,2025-07-30 11:36:53.852736
2025-07-30,121861,2025073003004247,KSBBL,South Asian Bulls Pvt. Ltd.,Naasa Securities Co. Ltd.,50,566.3,28315.0,2025-07-30 11:37:47.538420
2025-07-30,121611,2025073003004286,KSBBL,Aryatara Investment & Securities,Primo Securities (PVT) Ltd.,86,566.2,48693.2,2025-07-30 11:38:16.578679
2025-07-30,121498,2025073003004298,KSBBL,Aryatara Investment & Securities,Vision Securities Pvt. Ltd,400,566.2,226480.0,2025-07-30 11:38:27.413848
2025-07-30,121014,2025073003004415,KSBBL,Aryatara Investment & Securities,Dipshikha Dhitopatra Karobar Co. Pvt Ltd.,171,566.2,96820.2,2025-07-30 11:39:28.787543
2025-07-30,121013,2025073003004416,KSBBL,Citizens Share Broker Limited,Dipshikha Dhitopatra Karobar Co. Pvt Ltd.,200,566.2,113240.0,2025-07-30 11:39:28.787734
2025-07-30,121012,2025073003004417,KSBBL,Kohinoor Investment & Securities Pvt. Ltd.,Dipshikha Dhitopatra Karobar Co. Pvt Ltd.,26,566.2,14721.2,2025-07-30 11:39:28.787815
2025-07-30,120872,2025073003004457,KSBBL,Capital Hub P. Ltd,Premier Securities Company Ltd.,446,568.5,253551.0,2025-07-30 11:39:43.702089
2025-07-30,120430,2025073003004539,KSBBL,Kohinoor Investment & Securities Pvt. Ltd.,Opal Securities Investment (PVT) Ltd.,24,566.2,13588.8,2025-07-30 11:40:44.812700
2025-07-30,120429,2025073003004540,KSBBL,Himalayan Brokerage Company Limited,Opal Securities Investment (PVT) Ltd.,83,566.0,46978.0,2025-07-30 11:40:44.812804
2025-07-30,120415,2025073003004542,KSBBL,Secured Securities Ltd.,Elite Stock House Limited,17,567.0,9639.0,2025-07-30 11:40:46.302857
2025-07-30,120367,2025073003004553,KSBBL,Himalayan Brokerage Company Limited,Primo Securities (PVT) Ltd.,62,566.0,35092.0,2025-07-30 11:40:53.843962
2025-07-30,120366,2025073003004554,KSBBL,Sweta Securities Private Limited,Primo Securities (PVT) Ltd.,24,566.0,13584.0,2025-07-30 11:40:53.844009
2025-07-30,120359,2025073003004560,KSBBL,Imperial Securities Company Pvt. Ltd.,Elite Stock House Limited,50,567.0,28350.0,2025-07-30 11:40:54.787647
2025-07-30,119914,2025073003004697,KSBBL,Machhapuchchhre Securities Limited,Primo Securities (PVT) Ltd.,88,566.5,49852.0,2025-07-30 11:41:41.292971
2025-07-30,119193,2025073003004829,KSBBL,Machhapuchchhre Securities Limited,Capital Max Securities Ltd,200,566.5,113300.0,2025-07-30 11:43:13.218458
2025-07-30,118877,2025073003004897,KSBBL,Naasa Securities Co. Ltd.,Capital Max Securities Ltd,10,566.6,5666.0,2025-07-30 11:43:54.408667
2025-07-30,118802,2025073003004916,KSBBL,Secured Securities Ltd.,Sundhara Securities Limited,20,566.8,11336.0,2025-07-30 11:44:09.795171
2025-07-30,118655,2025073003004938,KSBBL,Secured Securities Ltd.,Agrawal Securities (PVT) Ltd.,16,566.8,9068.8,2025-07-30 11:44:28.902757
2025-07-30,118654,2025073003004939,KSBBL,Kumari Securities Private Limited,Agrawal Securities (PVT) Ltd.,84,566.8,47611.2,2025-07-30 11:44:28.918591
2025-07-30,118484,2025073003004963,KSBBL,Cristal Kanchanjanga Securites Pvt. Ltd.,Elite Stock House Limited,483,567.0,273861.0,2025-07-30 11:44:51.180553
2025-07-30,118483,2025073003004964,KSBBL,Cristal Kanchanjanga Securites Pvt. Ltd.,Online Securities Pvt. Ltd.,17,567.0,9639.0,2025-07-30 11:44:51.180850
2025-07-30,118372,2025073003004999,KSBBL,Investment Management Nepal Pvt. Ltd.,Online Securities Pvt. Ltd.,33,567.0,18711.0,2025-07-30 11:45:07.240777
2025-07-30,117915,2025073003005079,KSBBL,Naasa Securities Co. Ltd.,Indira securities pvt. ltd,60,567.1,34026.0,2025-07-30 11:46:08.223239
2025-07-30,117914,2025073003005080,KSBBL,Investment Management Nepal Pvt. Ltd.,Indira securities pvt. ltd,29,567.0,16443.0,2025-07-30 11:46:08.223489
2025-07-30,117577,2025073003005160,KSBBL,Investment Management Nepal Pvt. Ltd.,Naasa Securities Co. Ltd.,100,567.0,56700.0,2025-07-30 11:46:43.805287
2025-07-30,116734,2025073003005302,KSBBL,Investment Management Nepal Pvt. Ltd.,Arun Securities (PVT) Ltd.,188,567.0,106596.0,2025-07-30 11:48:38.047835
2025-07-30,116733,2025073003005303,KSBBL,Primo Securities (PVT) Ltd.,Arun Securities (PVT) Ltd.,200,567.0,113400.0,2025-07-30 11:48:38.048229
2025-07-30,116580,2025073003005322,KSBBL,BHOLE GANESH SECURITIES LTD,Arun Securities (PVT) Ltd.,100,567.0,56700.0,2025-07-30 11:48:56.435441
2025-07-30,116492,2025073003005348,KSBBL,Kumari Securities Private Limited,Ashutosh Brokerage & Securities (PVT) Ltd.,16,566.8,9068.8,2025-07-30 11:49:14.010551
2025-07-30,116491,2025073003005349,KSBBL,Machhapuchchhre Securities Limited,Ashutosh Brokerage & Securities (PVT) Ltd.,75,566.5,42487.5,2025-07-30 11:49:14.010744
2025-07-30,116414,2025073003005370,KSBBL,Machhapuchchhre Securities Limited,Kalika Securities Pvt. Ltd.,25,566.5,14162.5,2025-07-30 11:49:24.222275
2025-07-30,116152,2025073003005416,KSBBL,Machhapuchchhre Securities Limited,Secured Securities Ltd.,112,566.5,63448.0,2025-07-30 11:50:01.062709
2025-07-30,116151,2025073003005417,KSBBL,Vision Securities Pvt. Ltd,Secured Securities Ltd.,50,566.1,28305.0,2025-07-30 11:50:01.062946
2025-07-30,116150,2025073003005418,KSBBL,Sweta Securities Private Limited,Secured Securities Ltd.,176,566.0,99616.0,2025-07-30 11:50:01.063037
2025-07-30,116149,2025073003005419,KSBBL,Bhrikuti Stock Broking Co. Pvt. Ltd.,Secured Securities Ltd.,12,566.0,6792.0,2025-07-30 11:50:01.063115
2025-07-30,115811,2025073003005502,KSBBL,Bhrikuti Stock Broking Co. Pvt. Ltd.,SUN SECURITIES PVT LTD,501,566.0,283566.0,2025-07-30 11:50:52.006743
2025-07-30,115810,2025073003005503,KSBBL,Sani Securities Company Ltd.,SUN SECURITIES PVT LTD,200,566.0,113200.0,2025-07-30 11:50:52.006940
2025-07-30,115809,2025073003005504,KSBBL,Dynamic Money Managers Securities Pvt. Ltd.,SUN SECURITIES PVT LTD,150,566.0,84900.0,2025-07-30 11:50:52.007039
2025-07-30,115808,2025073003005505,KSBBL,Trisul Securities & Invt. Ltd.,SUN SECURITIES PVT LTD,30,566.0,16980.0,2025-07-30 11:50:52.007124
2025-07-30,115765,2025073003005510,KSBBL,Trishakti Securities Public Limited,SUN SECURITIES PVT LTD,40,566.0,22640.0,2025-07-30 11:50:56.449487
2025-07-30,115724,2025073003005515,KSBBL,Cristal Kanchanjanga Securites Pvt. Ltd.,SUN SECURITIES PVT LTD,79,566.0,44714.0,2025-07-30 11:51:01.504671
2025-07-30,115723,2025073003005516,KSBBL,Cristal Kanchanjanga Securites Pvt. Ltd.,Arun Securities (PVT) Ltd.,312,567.0,176904.0,2025-07-30 11:51:01.504864
2025-07-30,114870,2025073003005669,KSBBL,Bhrikuti Stock Broking Co. Pvt. Ltd.,Nagarik Stock Dealer ,1000,566.0,566000.0,2025-07-30 11:53:07.467701
2025-07-30,114297,2025073003005834,KSBBL,South Asian Bulls Pvt. Ltd.,Trisul Securities & Invt. Ltd.,50,566.1,28305.0,2025-07-30 11:54:41.381945
2025-07-30,114296,2025073003005835,KSBBL,Property Wiard Limited,Trisul Securities & Invt. Ltd.,30,566.0,16980.0,2025-07-30 11:54:41.382221
2025-07-30,114279,2025073003005840,KSBBL,Property Wiard Limited,Premier Securities Company Ltd.,66,566.0,37356.0,2025-07-30 11:54:43.633046
2025-07-30,114106,2025073003005867,KSBBL,Property Wiard Limited,Capital Hub P. Ltd,200,566.0,113200.0,2025-07-30 11:55:05.801494
2025-07-30,114063,2025073003005874,KSBBL,Property Wiard Limited,Ashutosh Brokerage & Securities (PVT) Ltd.,250,566.0,141500.0,2025-07-30 11:55:12.052820
2025-07-30,113861,2025073003005923,KSBBL,Property Wiard Limited,Dipshikha Dhitopatra Karobar Co. Pvt Ltd.,289,566.0,163574.0,2025-07-30 11:55:36.643104
2025-07-30,113687,2025073003005956,KSBBL,Property Wiard Limited,Linch Stock Market Ltd.,113,566.0,63958.0,2025-07-30 11:56:03.847823
2025-07-30,113620,2025073003005973,KSBBL,Property Wiard Limited,Neev Securities Pvt. Ltd.,52,566.0,29432.0,2025-07-30 11:56:20.496091
2025-07-30,113619,2025073003005974,KSBBL,Cristal Kanchanjanga Securites Pvt. Ltd.,Neev Securities Pvt. Ltd.,223,566.0,126218.0,2025-07-30 11:56:20.496141
2025-07-30,112949,2025073003006077,KSBBL,Cristal Kanchanjanga Securites Pvt. Ltd.,Dynamic Money Managers Securities Pvt. Ltd.,50,566.0,28300.0,2025-07-30 11:58:04.269623
2025-07-30,112679,2025073003006129,KSBBL,Cristal Kanchanjanga Securites Pvt. Ltd.,Midas Stock Broking Company Private Limited,200,566.0,113200.0,2025-07-30 11:58:45.314424
2025-07-30,111337,2025073003006317,KSBBL,N.M.B. SECURITIES LIMITED,Naasa Securities Co. Ltd.,53,567.5,30077.5,2025-07-30 12:01:47.333185
2025-07-30,111336,2025073003006318,KSBBL,N.M.B. SECURITIES LIMITED,Vision Securities Pvt. Ltd,47,568.0,26696.0,2025-07-30 12:01:47.333411
2025-07-30,110911,2025073003006387,KSBBL,Dipshikha Dhitopatra Karobar Co. Pvt Ltd.,Vision Securities Pvt. Ltd,200,568.0,113600.0,2025-07-30 12:03:00.199571
2025-07-30,110313,2025073003006466,KSBBL,Sani Securities Company Ltd.,Vision Securities Pvt. Ltd,53,568.0,30104.0,2025-07-30 12:04:15.838137
2025-07-30,110312,2025073003006467,KSBBL,Sani Securities Company Ltd.,Siprabi Securities Pvt. Ltd.,26,568.0,14768.0,2025-07-30 12:04:15.838412
2025-07-30,110311,2025073003006468,KSBBL,Sani Securities Company Ltd.,MILKY WAY SHARE BROKER COMPANY LTD ,121,568.0,68728.0,2025-07-30 12:04:15.838548
2025-07-30,108611,2025073003006792,KSBBL,Capital Hub P. Ltd,MILKY WAY SHARE BROKER COMPANY LTD ,500,568.0,284000.0,2025-07-30 12:07:49.932987
2025-07-30,108608,2025073003006793,KSBBL,Dipshikha Dhitopatra Karobar Co. Pvt Ltd.,Sani Securities Company Ltd.,100,567.0,56700.0,2025-07-30 12:07:51.193379
2025-07-30,108186,2025073003006883,KSBBL,Kumari Securities Private Limited,Sani Securities Company Ltd.,50,566.7,28335.0,2025-07-30 12:08:34.019671
2025-07-30,107664,2025073003006938,KSBBL,Siprabi Securities Pvt. Ltd.,MILKY WAY SHARE BROKER COMPANY LTD ,79,568.0,44872.0,2025-07-30 12:09:25.437515
2025-07-30,107663,2025073003006939,KSBBL,Siprabi Securities Pvt. Ltd.,Dynamic Money Managers Securities Pvt. Ltd.,49,568.0,27832.0,2025-07-30 12:09:25.437936
2025-07-30,107662,2025073003006940,KSBBL,Siprabi Securities Pvt. Ltd.,Vision Securities Pvt. Ltd,60,568.0,34080.0,2025-07-30 12:09:25.438212
2025-07-30,107661,2025073003006941,KSBBL,Siprabi Securities Pvt. Ltd.,Dakshinkali Investment & Securities Pvt. Ltd.,112,569.0,63728.0,2025-07-30 12:09:25.438488
2025-07-30,106473,2025073003007162,KSBBL,Capital Hub P. Ltd,Opal Securities Investment (PVT) Ltd.,760,568.0,431680.0,2025-07-30 12:11:22.055909
2025-07-30,106405,2025073003007170,KSBBL,Kohinoor Investment & Securities Pvt. Ltd.,Dakshinkali Investment & Securities Pvt. Ltd.,88,569.0,50072.0,2025-07-30 12:11:25.276863
2025-07-30,106404,2025073003007171,KSBBL,Kohinoor Investment & Securities Pvt. Ltd.,Nepal Stock House (PVT) Ltd.,17,569.0,9673.0,2025-07-30 12:11:25.277120
2025-07-30,106010,2025073003007222,KSBBL,Indira securities pvt. ltd,Nepal Stock House (PVT) Ltd.,83,569.0,47227.0,2025-07-30 12:11:57.531389
2025-07-30,106009,2025073003007223,KSBBL,Indira securities pvt. ltd,SUN SECURITIES PVT LTD,190,569.0,108110.0,2025-07-30 12:11:57.531842
2025-07-30,106005,2025073003007224,KSBBL,Indira securities pvt. ltd,Opal Securities Investment (PVT) Ltd.,60,569.0,34140.0,2025-07-30 12:11:58.351434
2025-07-30,105789,2025073003007272,KSBBL,Capital Hub P. Ltd,Primo Securities (PVT) Ltd.,150,569.9,85485.0,2025-07-30 12:12:19.394044
2025-07-30,105788,2025073003007273,KSBBL,Capital Hub P. Ltd,SUN SECURITIES PVT LTD,1238,569.9,705536.2,2025-07-30 12:12:19.394273
2025-07-30,105787,2025073003007274,KSBBL,Capital Hub P. Ltd,South Asian Bulls Pvt. Ltd.,15,570.0,8550.0,2025-07-30 12:12:19.394372
2025-07-30,105786,2025073003007275,KSBBL,Capital Hub P. Ltd,Dynamic Money Managers Securities Pvt. Ltd.,50,570.0,28500.0,2025-07-30 12:12:19.394469
2025-07-30,105785,2025073003007276,KSBBL,Capital Hub P. Ltd,Online Securities Pvt. Ltd.,300,570.0,171000.0,2025-07-30 12:12:19.394569
2025-07-30,105784,2025073003007277,KSBBL,Capital Hub P. Ltd,J.F. Securites (PVT) Ltd.,600,570.0,342000.0,2025-07-30 12:12:19.394657
2025-07-30,105783,2025073003007278,KSBBL,Capital Hub P. Ltd,Capital Hub P. Ltd,100,570.0,57000.0,2025-07-30 12:12:19.394748
2025-07-30,105782,2025073003007279,KSBBL,Capital Hub P. Ltd,Trisul Securities & Invt. Ltd.,1787,570.0,1018590.0,2025-07-30 12:12:19.394841
2025-07-30,105732,2025073003007288,KSBBL,Indira securities pvt. ltd,Shree Krishna Securities Ltd.,167,569.0,95023.0,2025-07-30 12:12:23.668097
2025-07-30,105731,2025073003007289,KSBBL,Nagarik Stock Dealer ,Shree Krishna Securities Ltd.,20,568.1,11362.0,2025-07-30 12:12:23.668313
2025-07-30,105724,2025073003007294,KSBBL,Sani Securities Company Ltd.,Shree Krishna Securities Ltd.,100,568.0,56800.0,2025-07-30 12:12:24.428661
2025-07-30,105612,2025073003007331,KSBBL,Deevyaa Securities & Stock House Pvt. Ltd,Shree Krishna Securities Ltd.,113,567.5,64127.5,2025-07-30 12:12:40.873224
2025-07-30,105596,2025073003007332,KSBBL,Deevyaa Securities & Stock House Pvt. Ltd,Online Securities Pvt. Ltd.,300,567.5,170250.0,2025-07-30 12:12:43.620918
2025-07-30,105294,2025073003007447,KSBBL,Cristal Kanchanjanga Securites Pvt. Ltd.,Trisul Securities & Invt. Ltd.,1246,570.0,710220.0,2025-07-30 12:13:12.171449
2025-07-30,105293,2025073003007448,KSBBL,Cristal Kanchanjanga Securites Pvt. Ltd.,Sani Securities Company Ltd.,488,570.0,278160.0,2025-07-30 12:13:12.171541
2025-07-30,105292,2025073003007449,KSBBL,Cristal Kanchanjanga Securites Pvt. Ltd.,Oxford Securities Pvt. Ltd.,19,570.0,10830.0,2025-07-30 12:13:12.171614
2025-07-30,105291,2025073003007450,KSBBL,Cristal Kanchanjanga Securites Pvt. Ltd.,Kohinoor Investment & Securities Pvt. Ltd.,200,570.0,114000.0,2025-07-30 12:13:12.171678
2025-07-30,105290,2025073003007451,KSBBL,Cristal Kanchanjanga Securites Pvt. Ltd.,Vision Securities Pvt. Ltd,799,570.0,455430.0,2025-07-30 12:13:12.171730
2025-07-30,105063,2025073003007492,KSBBL,Sani Securities Company Ltd.,Naasa Securities Co. Ltd.,100,569.9,56990.0,2025-07-30 12:13:29.643422
2025-07-30,105001,2025073003007504,KSBBL,Deevyaa Securities & Stock House Pvt. Ltd,Agrawal Securities (PVT) Ltd.,484,571.0,276364.0,2025-07-30 12:13:36.976003
2025-07-30,105000,2025073003007505,KSBBL,Deevyaa Securities & Stock House Pvt. Ltd,Sumeru Securities Pvt. Ltd.,16,571.0,9136.0,2025-07-30 12:13:36.976241
2025-07-30,104810,2025073003007569,KSBBL,Cristal Kanchanjanga Securites Pvt. Ltd.,Sumeru Securities Pvt. Ltd.,115,571.0,65665.0,2025-07-30 12:13:54.381868
2025-07-30,104809,2025073003007570,KSBBL,Cristal Kanchanjanga Securites Pvt. Ltd.,Dynamic Money Managers Securities Pvt. Ltd.,385,573.0,220605.0,2025-07-30 12:13:54.382225
2025-07-30,104118,2025073003007716,KSBBL,Sani Securities Company Ltd.,Sharepro Securities Private Limited,20,569.9,11398.0,2025-07-30 12:15:15.951146
2025-07-30,104117,2025073003007717,KSBBL,Vision Securities Pvt. Ltd,Sharepro Securities Private Limited,64,569.0,36416.0,2025-07-30 12:15:15.951375
2025-07-30,104116,2025073003007718,KSBBL,Neev Securities Pvt. Ltd.,Sharepro Securities Private Limited,16,569.0,9104.0,2025-07-30 12:15:15.951465
2025-07-30,103679,2025073003007842,KSBBL,Naasa Securities Co. Ltd.,South Asian Bulls Pvt. Ltd.,3,563.0,1689.0,2025-07-30 12:16:05.885166
2025-07-30,103581,2025073003007867,KSBBL,Naasa Securities Co. Ltd.,Trishakti Securities Public Limited,8,564.0,4512.0,2025-07-30 12:16:20.255124
2025-07-30,103492,2025073003007886,KSBBL,Imperial Securities Company Pvt. Ltd.,Creative Securities Pvt Ltd,30,572.0,17160.0,2025-07-30 12:16:26.140862
2025-07-30,103491,2025073003007887,KSBBL,Imperial Securities Company Pvt. Ltd.,Dynamic Money Managers Securities Pvt. Ltd.,115,573.0,65895.0,2025-07-30 12:16:26.141093
2025-07-30,103490,2025073003007888,KSBBL,Imperial Securities Company Pvt. Ltd.,Linch Stock Market Ltd.,20,573.0,11460.0,2025-07-30 12:16:26.141182
2025-07-30,103489,2025073003007889,KSBBL,Imperial Securities Company Pvt. Ltd.,Vision Securities Pvt. Ltd,335,573.0,191955.0,2025-07-30 12:16:26.141269
2025-07-30,103260,2025073003007939,KSBBL,Imperial Securities Company Pvt. Ltd.,Vision Securities Pvt. Ltd,500,573.0,286500.0,2025-07-30 12:16:47.416617
2025-07-30,102924,2025073003008022,KSBBL,Neev Securities Pvt. Ltd.,Trademow Securities Private Limited,484,569.0,275396.0,2025-07-30 12:17:21.124389
2025-07-30,102923,2025073003008023,KSBBL,Creative Securities Pvt Ltd,Trademow Securities Private Limited,16,569.0,9104.0,2025-07-30 12:17:21.124604
2025-07-30,102718,2025073003008048,KSBBL,Vision Securities Pvt. Ltd,Vision Securities Pvt. Ltd,15,570.0,8550.0,2025-07-30 12:17:50.591439
2025-07-30,102701,2025073003008054,KSBBL,Cristal Kanchanjanga Securites Pvt. Ltd.,Vision Securities Pvt. Ltd,485,570.0,276450.0,2025-07-30 12:17:54.422466
2025-07-30,102255,2025073003008127,KSBBL,Cristal Kanchanjanga Securites Pvt. Ltd.,Dynamic Money Managers Securities Pvt. Ltd.,15,570.0,8550.0,2025-07-30 12:18:59.118137
2025-07-30,102109,2025073003008172,KSBBL,Naasa Securities Co. Ltd.,Asian Securities Private Ltd.,1,560.0,560.0,2025-07-30 12:19:18.805248
2025-07-30,102039,2025073003008187,KSBBL,Neev Securities Pvt. Ltd.,Dynamic Money Managers Securities Pvt. Ltd.,85,570.0,48450.0,2025-07-30 12:19:29.812314
2025-07-30,101618,2025073003008270,KSBBL,Sri Hari Securities Pvt. Ltd.,Naasa Securities Co. Ltd.,97,569.1,55202.7,2025-07-30 12:20:31.351844
2025-07-30,101610,2025073003008271,KSBBL,J.F. Securites (PVT) Ltd.,Creative Securities Pvt Ltd,50,572.2,28610.0,2025-07-30 12:20:32.485340
2025-07-30,101609,2025073003008272,KSBBL,J.F. Securites (PVT) Ltd.,Vision Securities Pvt. Ltd,165,573.0,94545.0,2025-07-30 12:20:32.485406
2025-07-30,101608,2025073003008273,KSBBL,J.F. Securites (PVT) Ltd.,Vision Securities Pvt. Ltd,35,573.8,20083.0,2025-07-30 12:20:32.485439
2025-07-30,101501,2025073003008294,KSBBL,Cristal Kanchanjanga Securites Pvt. Ltd.,Vision Securities Pvt. Ltd,74,573.8,42461.2,2025-07-30 12:20:46.642318
2025-07-30,101500,2025073003008295,KSBBL,Cristal Kanchanjanga Securites Pvt. Ltd.,Cristal Kanchanjanga Securites Pvt. Ltd.,20,573.9,11478.0,2025-07-30 12:20:46.642533
2025-07-30,101499,2025073003008296,KSBBL,Cristal Kanchanjanga Securites Pvt. Ltd.,ABC Securities Private Limited,221,574.0,126854.0,2025-07-30 12:20:46.642619
2025-07-30,101498,2025073003008297,KSBBL,Cristal Kanchanjanga Securites Pvt. Ltd.,Online Securities Pvt. Ltd.,185,575.0,106375.0,2025-07-30 12:20:46.642703
2025-07-30,101423,2025073003008316,KSBBL,Creative Securities Pvt Ltd,Sani Securities Company Ltd.,784,569.0,446096.0,2025-07-30 12:20:59.603485
2025-07-30,101274,2025073003008334,KSBBL,Naasa Securities Co. Ltd.,Kalika Securities Pvt. Ltd.,1,561.0,561.0,2025-07-30 12:21:21.976289
2025-07-30,101223,2025073003008343,KSBBL,Cristal Kanchanjanga Securites Pvt. Ltd.,Sharepro Securities Private Limited,70,568.0,39760.0,2025-07-30 12:21:31.207290
2025-07-30,100930,2025073003008402,KSBBL,Cristal Kanchanjanga Securites Pvt. Ltd.,Premier Securities Company Ltd.,14,568.0,7952.0,2025-07-30 12:22:15.958785
2025-07-30,100777,2025073003008422,KSBBL,Cristal Kanchanjanga Securites Pvt. Ltd.,Sani Securities Company Ltd.,500,568.1,284050.0,2025-07-30 12:22:35.706753
2025-07-30,100776,2025073003008423,KSBBL,Cristal Kanchanjanga Securites Pvt. Ltd.,Sani Securities Company Ltd.,1768,568.0,1004224.0,2025-07-30 12:22:35.707267
2025-07-30,99553,2025073003008667,KSBBL,Naasa Securities Co. Ltd.,Sri Hari Securities Pvt. Ltd.,1,561.0,561.0,2025-07-30 12:25:09.968488
2025-07-30,99502,2025073003008671,KSBBL,Siprabi Securities Pvt. Ltd.,Sharepro Securities Private Limited,97,568.2,55115.4,2025-07-30 12:25:19.989796
2025-07-30,99422,2025073003008680,KSBBL,Cristal Kanchanjanga Securites Pvt. Ltd.,Sharepro Securities Private Limited,10,568.0,5680.0,2025-07-30 12:25:30.426430
2025-07-30,99359,2025073003008691,KSBBL,Cristal Kanchanjanga Securites Pvt. Ltd.,Sumeru Securities Pvt. Ltd.,500,568.0,284000.0,2025-07-30 12:25:38.662854
2025-07-30,99195,2025073003008716,KSBBL,Cristal Kanchanjanga Securites Pvt. Ltd.,Sumeru Securities Pvt. Ltd.,1670,568.0,948560.0,2025-07-30 12:25:58.282530
2025-07-30,99120,2025073003008732,KSBBL,Cristal Kanchanjanga Securites Pvt. Ltd.,Sumeru Securities Pvt. Ltd.,900,568.0,511200.0,2025-07-30 12:26:10.379004
2025-07-30,98938,2025073003008768,KSBBL,Cristal Kanchanjanga Securites Pvt. Ltd.,Kohinoor Investment & Securities Pvt. Ltd.,68,568.0,38624.0,2025-07-30 12:26:29.971540
2025-07-30,98937,2025073003008769,KSBBL,Online Securities Pvt. Ltd.,Kohinoor Investment & Securities Pvt. Ltd.,17,568.0,9656.0,2025-07-30 12:26:29.971795
2025-07-30,98888,2025073003008775,KSBBL,Sundhara Securities Limited,Sumeru Securities Pvt. Ltd.,100,567.5,56750.0,2025-07-30 12:26:37.495058
2025-07-30,98750,2025073003008804,KSBBL,Sundhara Securities Limited,Sumeru Securities Pvt. Ltd.,200,567.5,113500.0,2025-07-30 12:26:58.246236
2025-07-30,98749,2025073003008805,KSBBL,Cristal Kanchanjanga Securites Pvt. Ltd.,Sumeru Securities Pvt. Ltd.,500,567.1,283550.0,2025-07-30 12:26:58.246342
2025-07-30,98748,2025073003008806,KSBBL,Capital Max Securities Ltd,Sumeru Securities Pvt. Ltd.,300,566.8,170040.0,2025-07-30 12:26:58.246419
2025-07-30,98625,2025073003008824,KSBBL,Capital Max Securities Ltd,Siprabi Securities Pvt. Ltd.,200,566.8,113360.0,2025-07-30 12:27:12.791541
2025-07-30,98214,2025073003008892,KSBBL,Deevyaa Securities & Stock House Pvt. Ltd,Dynamic Money Managers Securities Pvt. Ltd.,50,566.7,28335.0,2025-07-30 12:28:17.628951
2025-07-30,98063,2025073003008929,KSBBL,Neev Securities Pvt. Ltd.,Dynamic Money Managers Securities Pvt. Ltd.,50,566.7,28335.0,2025-07-30 12:28:38.188655
2025-07-30,97888,2025073003008966,KSBBL,Kumari Securities Private Limited,Kohinoor Investment & Securities Pvt. Ltd.,50,566.7,28335.0,2025-07-30 12:29:04.113478
2025-07-30,97770,2025073003009002,KSBBL,Imperial Securities Company Pvt. Ltd.,Kohinoor Investment & Securities Pvt. Ltd.,200,566.5,113300.0,2025-07-30 12:29:18.660071
2025-07-30,97377,2025073003009054,KSBBL,Imperial Securities Company Pvt. Ltd.,SUN SECURITIES PVT LTD,100,566.5,56650.0,2025-07-30 12:29:59.120661
2025-07-30,97376,2025073003009055,KSBBL,Cristal Kanchanjanga Securites Pvt. Ltd.,SUN SECURITIES PVT LTD,164,566.4,92889.6,2025-07-30 12:29:59.120805
2025-07-30,97292,2025073003009086,KSBBL,Cristal Kanchanjanga Securites Pvt. Ltd.,Kumari Securities Private Limited,36,566.4,20390.4,2025-07-30 12:30:11.513252
2025-07-30,97291,2025073003009087,KSBBL,Sri Hari Securities Pvt. Ltd.,Kumari Securities Private Limited,1000,566.3,566300.0,2025-07-30 12:30:11.513357
2025-07-30,97290,2025073003009088,KSBBL,N.M.B. SECURITIES LIMITED,Kumari Securities Private Limited,964,566.2,545816.8,2025-07-30 12:30:11.513431
2025-07-30,97233,2025073003009100,KSBBL,Linch Stock Market Ltd.,Nabil Stock Dealer Ltd.,20,566.2,11324.0,2025-07-30 12:30:18.656854
2025-07-30,97232,2025073003009101,KSBBL,Primo Securities (PVT) Ltd.,Nabil Stock Dealer Ltd.,1000,566.1,566100.0,2025-07-30 12:30:18.657312
2025-07-30,97231,2025073003009102,KSBBL,Cristal Kanchanjanga Securites Pvt. Ltd.,Nabil Stock Dealer Ltd.,527,566.0,298282.0,2025-07-30 12:30:18.657575
2025-07-30,97230,2025073003009103,KSBBL,Bhrikuti Stock Broking Co. Pvt. Ltd.,Nabil Stock Dealer Ltd.,1000,566.0,566000.0,2025-07-30 12:30:18.657825
2025-07-30,97229,2025073003009104,KSBBL,Sani Securities Company Ltd.,Nabil Stock Dealer Ltd.,200,566.0,113200.0,2025-07-30 12:30:18.658092
2025-07-30,97228,2025073003009105,KSBBL,Deevyaa Securities & Stock House Pvt. Ltd,Nabil Stock Dealer Ltd.,87,566.0,49242.0,2025-07-30 12:30:18.658342
2025-07-30,97211,2025073003009108,KSBBL,Neev Securities Pvt. Ltd.,Nabil Stock Dealer Ltd.,200,566.0,113200.0,2025-07-30 12:30:20.139116
2025-07-30,96980,2025073003009129,KSBBL,South Asian Bulls Pvt. Ltd.,Vision Securities Pvt. Ltd,50,565.4,28270.0,2025-07-30 12:30:45.417803
2025-07-30,96979,2025073003009130,KSBBL,Vision Securities Pvt. Ltd,Vision Securities Pvt. Ltd,330,565.2,186516.0,2025-07-30 12:30:45.418278
2025-07-30,96743,2025073003009170,KSBBL,Linch Stock Market Ltd.,Nepal Investment And Securities Trading Private Limited,50,565.5,28275.0,2025-07-30 12:31:17.593990
2025-07-30,96742,2025073003009171,KSBBL,Vision Securities Pvt. Ltd,Nepal Investment And Securities Trading Private Limited,50,565.2,28260.0,2025-07-30 12:31:17.594255
2025-07-30,95778,2025073003009256,KSBBL,Naasa Securities Co. Ltd.,Cristal Kanchanjanga Securites Pvt. Ltd.,130,565.3,73489.0,2025-07-30 12:33:07.286434
2025-07-30,95777,2025073003009257,KSBBL,Vision Securities Pvt. Ltd,Cristal Kanchanjanga Securites Pvt. Ltd.,120,565.2,67824.0,2025-07-30 12:33:07.286852
2025-07-30,95776,2025073003009258,KSBBL,Kumari Securities Private Limited,Cristal Kanchanjanga Securites Pvt. Ltd.,100,565.2,56520.0,2025-07-30 12:33:07.287216
2025-07-30,95775,2025073003009259,KSBBL,Sri Hari Securities Pvt. Ltd.,Cristal Kanchanjanga Securites Pvt. Ltd.,150,565.1,84765.0,2025-07-30 12:33:07.287556
2025-07-30,95655,2025073003009283,KSBBL,Neev Securities Pvt. Ltd.,Dipshikha Dhitopatra Karobar Co. Pvt Ltd.,100,566.0,56600.0,2025-07-30 12:33:22.688829
2025-07-30,95533,2025073003009308,KSBBL,Naasa Securities Co. Ltd.,Dipshikha Dhitopatra Karobar Co. Pvt Ltd.,1,555.0,555.0,2025-07-30 12:33:38.958842
2025-07-30,95489,2025073003009310,KSBBL,Sri Hari Securities Pvt. Ltd.,Siprabi Securities Pvt. Ltd.,100,565.1,56510.0,2025-07-30 12:33:44.758569
2025-07-30,95239,2025073003009342,KSBBL,Kumari Securities Private Limited,Nabil Stock Dealer Ltd.,20,565.2,11304.0,2025-07-30 12:34:08.771509
2025-07-30,95238,2025073003009343,KSBBL,Sri Hari Securities Pvt. Ltd.,Nabil Stock Dealer Ltd.,50,565.1,28255.0,2025-07-30 12:34:08.771733
2025-07-30,95237,2025073003009344,KSBBL,Cristal Kanchanjanga Securites Pvt. Ltd.,Nabil Stock Dealer Ltd.,4609,565.1,2604545.9,2025-07-30 12:34:08.771820
2025-07-30,95236,2025073003009345,KSBBL,Premier Securities Company Ltd.,Nabil Stock Dealer Ltd.,1000,565.0,565000.0,2025-07-30 12:34:08.771904
2025-07-30,95235,2025073003009346,KSBBL,Cristal Kanchanjanga Securites Pvt. Ltd.,Nabil Stock Dealer Ltd.,1000,565.0,565000.0,2025-07-30 12:34:08.771987
2025-07-30,95234,2025073003009347,KSBBL,Trisul Securities & Invt. Ltd.,Nabil Stock Dealer Ltd.,20,565.0,11300.0,2025-07-30 12:34:08.772072
2025-07-30,95233,2025073003009348,KSBBL,Investment Management Nepal Pvt. Ltd.,Nabil Stock Dealer Ltd.,767,565.0,433355.0,2025-07-30 12:34:08.772151
2025-07-30,94691,2025073003009444,KSBBL,Naasa Securities Co. Ltd.,Shree Krishna Securities Ltd.,1,566.0,566.0,2025-07-30 12:34:55.936530
2025-07-30,94357,2025073003009470,KSBBL,Neev Securities Pvt. Ltd.,Online Securities Pvt. Ltd.,50,566.0,28300.0,2025-07-30 12:35:34.687395
2025-07-30,94126,2025073003009498,KSBBL,Kumari Securities Private Limited,Swarna Laxmi Securities Pvt. Ltd.,10,565.1,5651.0,2025-07-30 12:36:08.460407
2025-07-30,94125,2025073003009499,KSBBL,Investment Management Nepal Pvt. Ltd.,Swarna Laxmi Securities Pvt. Ltd.,500,565.0,282500.0,2025-07-30 12:36:08.460633
2025-07-30,93821,2025073003009543,KSBBL,Kumari Securities Private Limited,Vision Securities Pvt. Ltd,10,565.1,5651.0,2025-07-30 12:36:47.150357
2025-07-30,93820,2025073003009544,KSBBL,Investment Management Nepal Pvt. Ltd.,Vision Securities Pvt. Ltd,60,565.0,33900.0,2025-07-30 12:36:47.150754
2025-07-30,93810,2025073003009545,KSBBL,Naasa Securities Co. Ltd.,Trishakti Securities Public Limited,1,555.0,555.0,2025-07-30 12:36:48.273532
2025-07-30,92886,2025073003009656,KSBBL,Kumari Securities Private Limited,Market Securities & Exchange (PVT) Ltd.,10,565.2,5652.0,2025-07-30 12:38:28.173937
2025-07-30,92885,2025073003009657,KSBBL,Investment Management Nepal Pvt. Ltd.,Market Securities & Exchange (PVT) Ltd.,90,565.1,50859.0,2025-07-30 12:38:28.174188
2025-07-30,92345,2025073003009703,KSBBL,Kumari Securities Private Limited,Vision Securities Pvt. Ltd,10,565.2,5652.0,2025-07-30 12:39:30.113671
2025-07-30,92344,2025073003009704,KSBBL,Investment Management Nepal Pvt. Ltd.,Vision Securities Pvt. Ltd,60,565.1,33906.0,2025-07-30 12:39:30.114114
2025-07-30,92324,2025073003009708,KSBBL,Nepal Stock House (PVT) Ltd.,Neev Securities Pvt. Ltd.,10,566.9,5669.0,2025-07-30 12:39:32.599129
2025-07-30,92158,2025073003009726,KSBBL,Naasa Securities Co. Ltd.,Naasa Securities Co. Ltd.,42,565.1,23734.2,2025-07-30 12:39:54.917891
2025-07-30,92157,2025073003009727,KSBBL,Vision Securities Pvt. Ltd,Naasa Securities Co. Ltd.,300,565.1,169530.0,2025-07-30 12:39:54.918287
2025-07-30,92156,2025073003009728,KSBBL,Investment Management Nepal Pvt. Ltd.,Naasa Securities Co. Ltd.,178,565.0,100570.0,2025-07-30 12:39:54.918543
2025-07-30,91576,2025073003009855,KSBBL,Naasa Securities Co. Ltd.,Sharepro Securities Private Limited,2,553.7,1107.4,2025-07-30 12:40:59.482473
2025-07-30,91442,2025073003009882,KSBBL,Asian Securities Private Ltd.,Imperial Securities Company Pvt. Ltd.,50,565.5,28275.0,2025-07-30 12:41:13.219008
2025-07-30,91441,2025073003009883,KSBBL,Dynamic Money Managers Securities Pvt. Ltd.,Imperial Securities Company Pvt. Ltd.,161,565.2,90997.2,2025-07-30 12:41:13.219246
2025-07-30,90542,2025073003010078,KSBBL,South Asian Bulls Pvt. Ltd.,Vision Securities Pvt. Ltd,520,567.0,294840.0,2025-07-30 12:43:11.818581
2025-07-30,90541,2025073003010079,KSBBL,South Asian Bulls Pvt. Ltd.,Vision Securities Pvt. Ltd,378,567.0,214326.0,2025-07-30 12:43:11.818836
2025-07-30,90493,2025073003010084,KSBBL,Shree Krishna Securities Ltd.,Vision Securities Pvt. Ltd,500,567.0,283500.0,2025-07-30 12:43:16.602460
2025-07-30,89777,2025073003010205,KSBBL,Dynamic Money Managers Securities Pvt. Ltd.,Vision Securities Pvt. Ltd,170,566.1,96237.0,2025-07-30 12:44:54.649902
2025-07-30,89664,2025073003010224,KSBBL,Dynamic Money Managers Securities Pvt. Ltd.,Neev Securities Pvt. Ltd.,350,566.1,198135.0,2025-07-30 12:45:08.593506
2025-07-30,89261,2025073003010289,KSBBL,Dynamic Money Managers Securities Pvt. Ltd.,Naasa Securities Co. Ltd.,300,566.1,169830.0,2025-07-30 12:46:08.942761
2025-07-30,89167,2025073003010316,KSBBL,Secured Securities Ltd.,Agrawal Securities (PVT) Ltd.,25,566.2,14155.0,2025-07-30 12:46:24.914126
2025-07-30,88906,2025073003010357,KSBBL,Secured Securities Ltd.,Vision Securities Pvt. Ltd,54,566.2,30574.8,2025-07-30 12:47:01.960561
2025-07-30,88711,2025073003010410,KSBBL,Secured Securities Ltd.,Cristal Kanchanjanga Securites Pvt. Ltd.,745,566.2,421819.0,2025-07-30 12:47:31.162219
2025-07-30,88671,2025073003010419,KSBBL,Secured Securities Ltd.,Vision Securities Pvt. Ltd,130,566.2,73606.0,2025-07-30 12:47:38.952005
2025-07-30,88329,2025073003010486,KSBBL,Secured Securities Ltd.,Kohinoor Investment & Securities Pvt. Ltd.,46,566.2,26045.2,2025-07-30 12:48:25.579293
2025-07-30,88328,2025073003010487,KSBBL,Dynamic Money Managers Securities Pvt. Ltd.,Kohinoor Investment & Securities Pvt. Ltd.,130,566.1,73593.0,2025-07-30 12:48:25.579561
2025-07-30,88327,2025073003010488,KSBBL,Market Securities & Exchange (PVT) Ltd.,Kohinoor Investment & Securities Pvt. Ltd.,100,566.0,56600.0,2025-07-30 12:48:25.579661
2025-07-30,88005,2025073003010547,KSBBL,Nagarik Stock Dealer ,Opal Securities Investment (PVT) Ltd.,20,565.3,11306.0,2025-07-30 12:49:04.954448
2025-07-30,88004,2025073003010548,KSBBL,Property Wiard Limited,Opal Securities Investment (PVT) Ltd.,300,565.3,169590.0,2025-07-30 12:49:04.954683
2025-07-30,87637,2025073003010639,KSBBL,Indira securities pvt. ltd,Opal Securities Investment (PVT) Ltd.,50,565.1,28255.0,2025-07-30 12:49:49.927417
2025-07-30,87636,2025073003010640,KSBBL,Investment Management Nepal Pvt. Ltd.,Opal Securities Investment (PVT) Ltd.,495,565.0,279675.0,2025-07-30 12:49:49.927840
2025-07-30,87635,2025073003010641,KSBBL,Sharepro Securities Private Limited,Opal Securities Investment (PVT) Ltd.,135,565.0,76275.0,2025-07-30 12:49:49.928118
2025-07-30,87397,2025073003010664,KSBBL,Secured Securities Ltd.,Vision Securities Pvt. Ltd,20,565.3,11306.0,2025-07-30 12:50:18.602502
2025-07-30,87396,2025073003010665,KSBBL,Sharepro Securities Private Limited,Vision Securities Pvt. Ltd,65,565.0,36725.0,2025-07-30 12:50:18.602746
2025-07-30,87395,2025073003010666,KSBBL,Kalika Securities Pvt. Ltd.,Vision Securities Pvt. Ltd,136,565.0,76840.0,2025-07-30 12:50:18.602836
2025-07-30,87394,2025073003010667,KSBBL,Blue Chip Securities Ltd,Vision Securities Pvt. Ltd,50,565.0,28250.0,2025-07-30 12:50:18.602921
2025-07-30,87393,2025073003010668,KSBBL,Online Securities Pvt. Ltd.,Vision Securities Pvt. Ltd,100,565.0,56500.0,2025-07-30 12:50:18.603007
2025-07-30,87392,2025073003010669,KSBBL,Sani Securities Company Ltd.,Vision Securities Pvt. Ltd,155,565.0,87575.0,2025-07-30 12:50:18.603103
2025-07-30,87391,2025073003010670,KSBBL,Himalayan Brokerage Company Limited,Vision Securities Pvt. Ltd,50,565.0,28250.0,2025-07-30 12:50:18.603214
2025-07-30,87290,2025073003010682,KSBBL,Aryatara Investment & Securities,Vision Securities Pvt. Ltd,424,564.2,239220.8,2025-07-30 12:50:35.160283
2025-07-30,86671,2025073003010751,KSBBL,Aryatara Investment & Securities,Sri Hari Securities Pvt. Ltd.,376,564.2,212139.2,2025-07-30 12:51:58.835627
2025-07-30,86618,2025073003010766,KSBBL,Imperial Securities Company Pvt. Ltd.,Dakshinkali Investment & Securities Pvt. Ltd.,50,564.0,28200.0,2025-07-30 12:52:05.905341
2025-07-30,86617,2025073003010767,KSBBL,Cristal Kanchanjanga Securites Pvt. Ltd.,Dakshinkali Investment & Securities Pvt. Ltd.,200,564.0,112800.0,2025-07-30 12:52:05.905832
2025-07-30,86262,2025073003010826,KSBBL,Asian Securities Private Ltd.,Sani Securities Company Ltd.,50,563.1,28155.0,2025-07-30 12:52:51.366106
2025-07-30,86261,2025073003010827,KSBBL,Imperial Securities Company Pvt. Ltd.,Sani Securities Company Ltd.,450,563.1,253395.0,2025-07-30 12:52:51.366312
2025-07-30,86228,2025073003010830,KSBBL,Imperial Securities Company Pvt. Ltd.,Nepal Stock House (PVT) Ltd.,65,563.1,36601.5,2025-07-30 12:52:58.868696
2025-07-30,85959,2025073003010880,KSBBL,South Asian Bulls Pvt. Ltd.,Nepal Stock House (PVT) Ltd.,135,563.1,76018.5,2025-07-30 12:53:24.944592
2025-07-30,85935,2025073003010888,KSBBL,Trisul Securities & Invt. Ltd.,Capital Hub P. Ltd,100,563.0,56300.0,2025-07-30 12:53:30.434063
2025-07-30,85745,2025073003010921,KSBBL,Trisul Securities & Invt. Ltd.,Kalika Securities Pvt. Ltd.,80,563.0,45040.0,2025-07-30 12:53:49.345874
2025-07-30,84983,2025073003011116,KSBBL,Trisul Securities & Invt. Ltd.,Trisul Securities & Invt. Ltd.,107,563.0,60241.0,2025-07-30 12:55:24.844991
2025-07-30,84239,2025073003011278,KSBBL,Trisul Securities & Invt. Ltd.,Nagarik Stock Dealer ,188,563.0,105844.0,2025-07-30 12:56:37.042371
2025-07-30,84238,2025073003011279,KSBBL,Naasa Securities Co. Ltd.,Nagarik Stock Dealer ,100,563.0,56300.0,2025-07-30 12:56:37.042416
2025-07-30,84237,2025073003011280,KSBBL,South Asian Bulls Pvt. Ltd.,Nagarik Stock Dealer ,50,562.2,28110.0,2025-07-30 12:56:37.042445
2025-07-30,84236,2025073003011281,KSBBL,South Asian Bulls Pvt. Ltd.,Nagarik Stock Dealer ,50,562.2,28110.0,2025-07-30 12:56:37.042524
2025-07-30,84235,2025073003011282,KSBBL,Linch Stock Market Ltd.,Nagarik Stock Dealer ,112,562.1,62955.2,2025-07-30 12:56:37.042560
2025-07-30,83532,2025073003011469,KSBBL,Linch Stock Market Ltd.,Cristal Kanchanjanga Securites Pvt. Ltd.,388,562.1,218094.8,2025-07-30 12:57:41.881313
2025-07-30,83531,2025073003011470,KSBBL,Bhrikuti Stock Broking Co. Pvt. Ltd.,Cristal Kanchanjanga Securites Pvt. Ltd.,100,562.0,56200.0,2025-07-30 12:57:41.881743
2025-07-30,83530,2025073003011471,KSBBL,Kumari Securities Private Limited,Cristal Kanchanjanga Securites Pvt. Ltd.,100,562.0,56200.0,2025-07-30 12:57:41.882005
2025-07-30,83529,2025073003011472,KSBBL,Cristal Kanchanjanga Securites Pvt. Ltd.,Cristal Kanchanjanga Securites Pvt. Ltd.,1000,562.0,562000.0,2025-07-30 12:57:41.882283
2025-07-30,83528,2025073003011473,KSBBL,Imperial Securities Company Pvt. Ltd.,Cristal Kanchanjanga Securites Pvt. Ltd.,300,561.0,168300.0,2025-07-30 12:57:41.882538
2025-07-30,83527,2025073003011474,KSBBL,Sweta Securities Private Limited,Cristal Kanchanjanga Securites Pvt. Ltd.,51,561.0,28611.0,2025-07-30 12:57:41.882793
2025-07-30,83526,2025073003011475,KSBBL,Vision Securities Pvt. Ltd,Cristal Kanchanjanga Securites Pvt. Ltd.,50,560.2,28010.0,2025-07-30 12:57:41.883065
2025-07-30,83525,2025073003011476,KSBBL,South Asian Bulls Pvt. Ltd.,Cristal Kanchanjanga Securites Pvt. Ltd.,50,560.2,28010.0,2025-07-30 12:57:41.883315
2025-07-30,83524,2025073003011477,KSBBL,Dipshikha Dhitopatra Karobar Co. Pvt Ltd.,Cristal Kanchanjanga Securites Pvt. Ltd.,300,560.2,168060.0,2025-07-30 12:57:41.883564
2025-07-30,83523,2025073003011478,KSBBL,Property Wiard Limited,Cristal Kanchanjanga Securites Pvt. Ltd.,3000,560.1,1680300.0,2025-07-30 12:57:41.883816
2025-07-30,83522,2025073003011479,KSBBL,Secured Securities Ltd.,Cristal Kanchanjanga Securites Pvt. Ltd.,850,560.1,476085.0,2025-07-30 12:57:41.884084
2025-07-30,83521,2025073003011480,KSBBL,Sri Hari Securities Pvt. Ltd.,Cristal Kanchanjanga Securites Pvt. Ltd.,500,560.1,280050.0,2025-07-30 12:57:41.884334
2025-07-30,83520,2025073003011481,KSBBL,Sumeru Securities Pvt. Ltd.,Cristal Kanchanjanga Securites Pvt. Ltd.,500,560.0,280000.0,2025-07-30 12:57:41.884584
2025-07-30,83519,2025073003011482,KSBBL,Dipshikha Dhitopatra Karobar Co. Pvt Ltd.,Cristal Kanchanjanga Securites Pvt. Ltd.,11,560.0,6160.0,2025-07-30 12:57:41.884824
2025-07-30,83518,2025073003011483,KSBBL,Dipshikha Dhitopatra Karobar Co. Pvt Ltd.,Cristal Kanchanjanga Securites Pvt. Ltd.,100,560.0,56000.0,2025-07-30 12:57:41.885081
2025-07-30,83517,2025073003011484,KSBBL,Imperial Securities Company Pvt. Ltd.,Cristal Kanchanjanga Securites Pvt. Ltd.,150,560.0,84000.0,2025-07-30 12:57:41.885322
2025-07-30,83516,2025073003011485,KSBBL,Agrawal Securities (PVT) Ltd.,Cristal Kanchanjanga Securites Pvt. Ltd.,2550,560.0,1428000.0,2025-07-30 12:57:41.885569
2025-07-30,83243,2025073003011561,KSBBL,Market Securities & Exchange (PVT) Ltd.,Vision Securities Pvt. Ltd,10,562.2,5622.0,2025-07-30 12:58:08.515793
2025-07-30,83242,2025073003011562,KSBBL,Agrawal Securities (PVT) Ltd.,Vision Securities Pvt. Ltd,110,560.0,61600.0,2025-07-30 12:58:08.515835
2025-07-30,82890,2025073003011629,KSBBL,Agrawal Securities (PVT) Ltd.,Trisul Securities & Invt. Ltd.,4840,560.0,2710400.0,2025-07-30 12:58:39.247453
2025-07-30,82889,2025073003011630,KSBBL,Kalika Securities Pvt. Ltd.,Trisul Securities & Invt. Ltd.,100,560.0,56000.0,2025-07-30 12:58:39.247528
2025-07-30,82888,2025073003011631,KSBBL,SUN SECURITIES PVT LTD,Trisul Securities & Invt. Ltd.,200,560.0,112000.0,2025-07-30 12:58:39.247555
2025-07-30,82887,2025073003011632,KSBBL,Aryatara Investment & Securities,Trisul Securities & Invt. Ltd.,100,560.0,56000.0,2025-07-30 12:58:39.247580
2025-07-30,82886,2025073003011633,KSBBL,Trisul Securities & Invt. Ltd.,Trisul Securities & Invt. Ltd.,20,560.0,11200.0,2025-07-30 12:58:39.247617
2025-07-30,82885,2025073003011634,KSBBL,Cristal Kanchanjanga Securites Pvt. Ltd.,Trisul Securities & Invt. Ltd.,1000,560.0,560000.0,2025-07-30 12:58:39.247644
2025-07-30,82884,2025073003011635,KSBBL,Deevyaa Securities & Stock House Pvt. Ltd,Trisul Securities & Invt. Ltd.,325,560.0,182000.0,2025-07-30 12:58:39.247668
2025-07-30,82883,2025073003011636,KSBBL,Shree Krishna Securities Ltd.,Trisul Securities & Invt. Ltd.,2000,560.0,1120000.0,2025-07-30 12:58:39.247689
2025-07-30,82882,2025073003011637,KSBBL,Premier Securities Company Ltd.,Trisul Securities & Invt. Ltd.,100,560.0,56000.0,2025-07-30 12:58:39.247711
2025-07-30,82881,2025073003011638,KSBBL,Capital Max Securities Ltd,Trisul Securities & Invt. Ltd.,315,560.0,176400.0,2025-07-30 12:58:39.247734
2025-07-30,82690,2025073003011679,KSBBL,Capital Max Securities Ltd,Midas Stock Broking Company Private Limited,185,560.0,103600.0,2025-07-30 12:59:00.651510
2025-07-30,82689,2025073003011680,KSBBL,Property Wiard Limited,Midas Stock Broking Company Private Limited,200,560.0,112000.0,2025-07-30 12:59:00.651917
2025-07-30,82688,2025073003011681,KSBBL,Naasa Securities Co. Ltd.,Midas Stock Broking Company Private Limited,10,560.0,5600.0,2025-07-30 12:59:00.652178
2025-07-30,82687,2025073003011682,KSBBL,South Asian Bulls Pvt. Ltd.,Midas Stock Broking Company Private Limited,605,560.0,338800.0,2025-07-30 12:59:00.652420
2025-07-30,82599,2025073003011693,KSBBL,South Asian Bulls Pvt. Ltd.,Secured Securities Ltd.,100,560.0,56000.0,2025-07-30 12:59:08.976526
2025-07-30,82164,2025073003011784,KSBBL,Thrive Brokerage House Pvt. Ltd,Aryatara Investment & Securities,12,561.0,6732.0,2025-07-30 12:59:53.609093
2025-07-30,82163,2025073003011785,KSBBL,Market Securities & Exchange (PVT) Ltd.,Aryatara Investment & Securities,10,560.1,5601.0,2025-07-30 12:59:53.609289
2025-07-30,82162,2025073003011786,KSBBL,South Asian Bulls Pvt. Ltd.,Aryatara Investment & Securities,295,560.0,165200.0,2025-07-30 12:59:53.609380
2025-07-30,82161,2025073003011787,KSBBL,Cristal Kanchanjanga Securites Pvt. Ltd.,Aryatara Investment & Securities,100,560.0,56000.0,2025-07-30 12:59:53.609460
2025-07-30,82160,2025073003011788,KSBBL,Vision Securities Pvt. Ltd,Aryatara Investment & Securities,500,560.0,280000.0,2025-07-30 12:59:53.609548
2025-07-30,82159,2025073003011789,KSBBL,Aryatara Investment & Securities,Aryatara Investment & Securities,250,559.0,139750.0,2025-07-30 12:59:53.609641
2025-07-30,81950,2025073003011839,KSBBL,Dipshikha Dhitopatra Karobar Co. Pvt Ltd.,Premier Securities Company Ltd.,300,558.1,167430.0,2025-07-30 13:00:12.583604
2025-07-30,81949,2025073003011840,KSBBL,Primo Securities (PVT) Ltd.,Premier Securities Company Ltd.,500,558.0,279000.0,2025-07-30 13:00:12.583982
2025-07-30,81948,2025073003011841,KSBBL,Siprabi Securities Pvt. Ltd.,Premier Securities Company Ltd.,100,558.0,55800.0,2025-07-30 13:00:12.584261
2025-07-30,81947,2025073003011842,KSBBL,Sharepro Securities Private Limited,Premier Securities Company Ltd.,300,558.0,167400.0,2025-07-30 13:00:12.584547
2025-07-30,81946,2025073003011843,KSBBL,Dipshikha Dhitopatra Karobar Co. Pvt Ltd.,Premier Securities Company Ltd.,100,558.0,55800.0,2025-07-30 13:00:12.584795
2025-07-30,81945,2025073003011844,KSBBL,Dipshikha Dhitopatra Karobar Co. Pvt Ltd.,Premier Securities Company Ltd.,300,557.1,167130.0,2025-07-30 13:00:12.585124
2025-07-30,81372,2025073003011948,KSBBL,Naasa Securities Co. Ltd.,Sharepro Securities Private Limited,50,557.0,27850.0,2025-07-30 13:00:49.633198
2025-07-30,81371,2025073003011949,KSBBL,Trishakti Securities Public Limited,Sharepro Securities Private Limited,95,557.0,52915.0,2025-07-30 13:00:49.633402
2025-07-30,81370,2025073003011950,KSBBL,Creative Securities Pvt Ltd,Sharepro Securities Private Limited,69,556.7,38412.3,2025-07-30 13:00:49.633484
2025-07-30,81229,2025073003011961,KSBBL,Creative Securities Pvt Ltd,Premier Securities Company Ltd.,385,556.7,214329.5,2025-07-30 13:01:00.218365
2025-07-30,81014,2025073003012029,KSBBL,Naasa Securities Co. Ltd.,Naasa Securities Co. Ltd.,10,557.0,5570.0,2025-07-30 13:01:16.840490
2025-07-30,80971,2025073003012042,KSBBL,Vision Securities Pvt. Ltd,Naasa Securities Co. Ltd.,30,557.0,16710.0,2025-07-30 13:01:20.507042
2025-07-30,80951,2025073003012050,KSBBL,Capital Max Securities Ltd,Naasa Securities Co. Ltd.,100,557.0,55700.0,2025-07-30 13:01:22.491522
2025-07-30,80542,2025073003012178,KSBBL,South Asian Bulls Pvt. Ltd.,Trisul Securities & Invt. Ltd.,50,556.8,27840.0,2025-07-30 13:01:59.306363
2025-07-30,80541,2025073003012179,KSBBL,Creative Securities Pvt Ltd,Trisul Securities & Invt. Ltd.,46,556.7,25608.2,2025-07-30 13:01:59.306789
2025-07-30,80236,2025073003012246,KSBBL,South Asian Bulls Pvt. Ltd.,Imperial Securities Company Pvt. Ltd.,50,556.2,27810.0,2025-07-30 13:02:21.500461
2025-07-30,80235,2025073003012247,KSBBL,Sumeru Securities Pvt. Ltd.,Imperial Securities Company Pvt. Ltd.,50,556.2,27810.0,2025-07-30 13:02:21.500823
2025-07-30,79896,2025073003012323,KSBBL,Sumeru Securities Pvt. Ltd.,Sharepro Securities Private Limited,135,556.2,75087.0,2025-07-30 13:02:40.989850
2025-07-30,79879,2025073003012325,KSBBL,Sumeru Securities Pvt. Ltd.,Kohinoor Investment & Securities Pvt. Ltd.,50,556.2,27810.0,2025-07-30 13:02:42.113710
2025-07-30,79373,2025073003012457,KSBBL,Sumeru Securities Pvt. Ltd.,Premier Securities Company Ltd.,65,556.2,36153.0,2025-07-30 13:03:11.792512
2025-07-30,79372,2025073003012458,KSBBL,South Asian Bulls Pvt. Ltd.,Premier Securities Company Ltd.,50,556.2,27810.0,2025-07-30 13:03:11.792717
2025-07-30,79367,2025073003012461,KSBBL,Deevyaa Securities & Stock House Pvt. Ltd,Premier Securities Company Ltd.,50,556.2,27810.0,2025-07-30 13:03:12.152324
2025-07-30,79331,2025073003012467,KSBBL,Naasa Securities Co. Ltd.,Online Securities Pvt. Ltd.,410,556.1,228001.0,2025-07-30 13:03:16.105387
2025-07-30,79273,2025073003012482,KSBBL,BHOLE GANESH SECURITIES LTD,Trisul Securities & Invt. Ltd.,54,556.7,30061.8,2025-07-30 13:03:19.902310
2025-07-30,79272,2025073003012483,KSBBL,BHOLE GANESH SECURITIES LTD,Naasa Securities Co. Ltd.,46,557.0,25622.0,2025-07-30 13:03:19.902579
2025-07-30,79103,2025073003012538,KSBBL,Kohinoor Investment & Securities Pvt. Ltd.,Aryatara Investment & Securities,100,556.2,55620.0,2025-07-30 13:03:28.873195
2025-07-30,79102,2025073003012539,KSBBL,Naasa Securities Co. Ltd.,Aryatara Investment & Securities,1152,556.1,640627.2,2025-07-30 13:03:28.873564
2025-07-30,79061,2025073003012548,KSBBL,Naasa Securities Co. Ltd.,Capital Hub P. Ltd,300,556.1,166830.0,2025-07-30 13:03:31.479498
2025-07-30,78738,2025073003012591,KSBBL,Aryatara Investment & Securities,Naasa Securities Co. Ltd.,50,557.0,27850.0,2025-07-30 13:03:47.679592
2025-07-30,78603,2025073003012615,KSBBL,Naasa Securities Co. Ltd.,Premier Securities Company Ltd.,10,556.1,5561.0,2025-07-30 13:03:53.230277
2025-07-30,78548,2025073003012621,KSBBL,Dakshinkali Investment & Securities Pvt. Ltd.,Naasa Securities Co. Ltd.,464,557.0,258448.0,2025-07-30 13:03:56.381843
2025-07-30,78547,2025073003012622,KSBBL,Dakshinkali Investment & Securities Pvt. Ltd.,Naasa Securities Co. Ltd.,1080,557.0,601560.0,2025-07-30 13:03:56.382077
2025-07-30,78541,2025073003012624,KSBBL,Dakshinkali Investment & Securities Pvt. Ltd.,Naasa Securities Co. Ltd.,100,557.0,55700.0,2025-07-30 13:03:56.972193
2025-07-30,78454,2025073003012643,KSBBL,Dakshinkali Investment & Securities Pvt. Ltd.,Linch Stock Market Ltd.,100,557.0,55700.0,2025-07-30 13:04:06.376367
2025-07-30,78437,2025073003012648,KSBBL,Dakshinkali Investment & Securities Pvt. Ltd.,Sani Securities Company Ltd.,256,557.0,142592.0,2025-07-30 13:04:07.983731
2025-07-30,78436,2025073003012649,KSBBL,Naasa Securities Co. Ltd.,Sani Securities Company Ltd.,128,556.1,71180.8,2025-07-30 13:04:07.983957
2025-07-30,78435,2025073003012650,KSBBL,Dipshikha Dhitopatra Karobar Co. Pvt Ltd.,Sani Securities Company Ltd.,116,556.1,64507.6,2025-07-30 13:04:07.984062
2025-07-30,78432,2025073003012651,KSBBL,Sweta Securities Private Limited,Sajilo Broker Limited,50,557.1,27855.0,2025-07-30 13:04:08.447186
2025-07-30,78273,2025073003012676,KSBBL,Indira securities pvt. ltd,Market Securities & Exchange (PVT) Ltd.,50,557.1,27855.0,2025-07-30 13:04:19.739210
2025-07-30,78272,2025073003012677,KSBBL,Midas Stock Broking Company Private Limited,Market Securities & Exchange (PVT) Ltd.,500,557.1,278550.0,2025-07-30 13:04:19.739253
2025-07-30,78271,2025073003012678,KSBBL,Dipshikha Dhitopatra Karobar Co. Pvt Ltd.,Market Securities & Exchange (PVT) Ltd.,184,556.1,102322.4,2025-07-30 13:04:19.739278
2025-07-30,78270,2025073003012679,KSBBL,ABC Securities Private Limited,Market Securities & Exchange (PVT) Ltd.,100,556.0,55600.0,2025-07-30 13:04:19.739313
2025-07-30,78269,2025073003012680,KSBBL,Sani Securities Company Ltd.,Market Securities & Exchange (PVT) Ltd.,500,556.0,278000.0,2025-07-30 13:04:19.739354
2025-07-30,78268,2025073003012681,KSBBL,Secured Securities Ltd.,Market Securities & Exchange (PVT) Ltd.,50,556.0,27800.0,2025-07-30 13:04:19.739380
2025-07-30,78267,2025073003012682,KSBBL,ABC Securities Private Limited,Market Securities & Exchange (PVT) Ltd.,100,556.0,55600.0,2025-07-30 13:04:19.739404
2025-07-30,78266,2025073003012683,KSBBL,Thrive Brokerage House Pvt. Ltd,Market Securities & Exchange (PVT) Ltd.,150,556.0,83400.0,2025-07-30 13:04:19.739427
2025-07-30,78265,2025073003012684,KSBBL,Dipshikha Dhitopatra Karobar Co. Pvt Ltd.,Market Securities & Exchange (PVT) Ltd.,50,556.0,27800.0,2025-07-30 13:04:19.739451
2025-07-30,78264,2025073003012685,KSBBL,Trisul Securities & Invt. Ltd.,Market Securities & Exchange (PVT) Ltd.,10,556.0,5560.0,2025-07-30 13:04:19.739474
2025-07-30,78263,2025073003012686,KSBBL,Secured Securities Ltd.,Market Securities & Exchange (PVT) Ltd.,306,556.0,170136.0,2025-07-30 13:04:19.739497
2025-07-30,78209,2025073003012703,KSBBL,Secured Securities Ltd.,Cristal Kanchanjanga Securites Pvt. Ltd.,194,556.0,107864.0,2025-07-30 13:04:26.831008
2025-07-30,78208,2025073003012704,KSBBL,Trisul Securities & Invt. Ltd.,Cristal Kanchanjanga Securites Pvt. Ltd.,10,556.0,5560.0,2025-07-30 13:04:26.831225
2025-07-30,78207,2025073003012705,KSBBL,Property Wiard Limited,Cristal Kanchanjanga Securites Pvt. Ltd.,100,556.0,55600.0,2025-07-30 13:04:26.831307
2025-07-30,78206,2025073003012706,KSBBL,Cristal Kanchanjanga Securites Pvt. Ltd.,Cristal Kanchanjanga Securites Pvt. Ltd.,76,556.0,42256.0,2025-07-30 13:04:26.831386
2025-07-30,77753,2025073003012785,KSBBL,Oxford Securities Pvt. Ltd.,Dipshikha Dhitopatra Karobar Co. Pvt Ltd.,380,556.2,211356.0,2025-07-30 13:05:06.296443
2025-07-30,77715,2025073003012793,KSBBL,Oxford Securities Pvt. Ltd.,Investment Management Nepal Pvt. Ltd.,95,556.2,52839.0,2025-07-30 13:05:09.364880
2025-07-30,77713,2025073003012795,KSBBL,Oxford Securities Pvt. Ltd.,Kohinoor Investment & Securities Pvt. Ltd.,438,556.2,243615.6,2025-07-30 13:05:09.842222
2025-07-30,77288,2025073003012897,KSBBL,Oxford Securities Pvt. Ltd.,Aryatara Investment & Securities,50,556.2,27810.0,2025-07-30 13:05:40.834726
2025-07-30,76849,2025073003012982,KSBBL,Oxford Securities Pvt. Ltd.,Cristal Kanchanjanga Securites Pvt. Ltd.,37,556.2,20579.4,2025-07-30 13:06:06.360888
2025-07-30,76848,2025073003012983,KSBBL,Sweta Securities Private Limited,Cristal Kanchanjanga Securites Pvt. Ltd.,43,556.2,23916.6,2025-07-30 13:06:06.361106
2025-07-30,76805,2025073003012984,KSBBL,Midas Stock Broking Company Private Limited,Bhrikuti Stock Broking Co. Pvt. Ltd.,200,556.1,111220.0,2025-07-30 13:06:10.672166
2025-07-30,76762,2025073003012994,KSBBL,BHOLE GANESH SECURITIES LTD,Sweta Securities Private Limited,25,556.8,13920.0,2025-07-30 13:06:13.637003
2025-07-30,76761,2025073003012995,KSBBL,BHOLE GANESH SECURITIES LTD,South Asian Bulls Pvt. Ltd.,15,557.0,8355.0,2025-07-30 13:06:13.637213
2025-07-30,76388,2025073003013079,KSBBL,BHOLE GANESH SECURITIES LTD,Aryatara Investment & Securities,34,557.0,18938.0,2025-07-30 13:06:38.065746
2025-07-30,76042,2025073003013151,KSBBL,BHOLE GANESH SECURITIES LTD,Malla & Malla Stock Broking Company Pvt. Limited,26,557.0,14482.0,2025-07-30 13:07:07.579922
2025-07-30,76041,2025073003013152,KSBBL,Online Securities Pvt. Ltd.,Malla & Malla Stock Broking Company Pvt. Limited,174,557.0,96918.0,2025-07-30 13:07:07.580140
2025-07-30,75423,2025073003013289,KSBBL,Online Securities Pvt. Ltd.,Vision Securities Pvt. Ltd,14,557.0,7798.0,2025-07-30 13:07:54.024944
2025-07-30,75029,2025073003013371,KSBBL,Online Securities Pvt. Ltd.,Sri Hari Securities Pvt. Ltd.,112,557.0,62384.0,2025-07-30 13:08:20.341880
2025-07-30,75028,2025073003013372,KSBBL,Dipshikha Dhitopatra Karobar Co. Pvt Ltd.,Sri Hari Securities Pvt. Ltd.,50,557.0,27850.0,2025-07-30 13:08:20.342116
2025-07-30,75027,2025073003013373,KSBBL,Property Wiard Limited,Sri Hari Securities Pvt. Ltd.,138,557.0,76866.0,2025-07-30 13:08:20.342225
2025-07-30,73304,2025073003013762,KSBBL,Nagarik Stock Dealer ,Sharepro Securities Private Limited,30,557.6,16728.0,2025-07-30 13:10:31.078559
2025-07-30,73303,2025073003013763,KSBBL,Aryatara Investment & Securities,Sharepro Securities Private Limited,98,557.5,54635.0,2025-07-30 13:10:31.078980
2025-07-30,73127,2025073003013791,KSBBL,Aryatara Investment & Securities,Investment Management Nepal Pvt. Ltd.,102,557.5,56865.0,2025-07-30 13:10:42.335780
2025-07-30,73126,2025073003013792,KSBBL,J.F. Securites (PVT) Ltd.,Investment Management Nepal Pvt. Ltd.,48,557.4,26755.2,2025-07-30 13:10:42.336050
2025-07-30,73051,2025073003013804,KSBBL,Citizens Share Broker Limited,Online Securities Pvt. Ltd.,300,558.0,167400.0,2025-07-30 13:10:48.828982
2025-07-30,72846,2025073003013856,KSBBL,Sani Securities Company Ltd.,Cristal Kanchanjanga Securites Pvt. Ltd.,480,558.0,267840.0,2025-07-30 13:11:11.935768
2025-07-30,72845,2025073003013857,KSBBL,Sani Securities Company Ltd.,Agrawal Securities (PVT) Ltd.,20,558.0,11160.0,2025-07-30 13:11:11.936041
2025-07-30,72736,2025073003013895,KSBBL,Vision Securities Pvt. Ltd,Agrawal Securities (PVT) Ltd.,80,558.0,44640.0,2025-07-30 13:11:21.896731
2025-07-30,72735,2025073003013896,KSBBL,Vision Securities Pvt. Ltd,Investment Management Nepal Pvt. Ltd.,400,558.0,223200.0,2025-07-30 13:11:21.896978
2025-07-30,72633,2025073003013928,KSBBL,Vision Securities Pvt. Ltd,Investment Management Nepal Pvt. Ltd.,31,558.0,17298.0,2025-07-30 13:11:29.499224
2025-07-30,72525,2025073003013965,KSBBL,Citizens Share Broker Limited,Investment Management Nepal Pvt. Ltd.,69,558.0,38502.0,2025-07-30 13:11:41.099162
2025-07-30,72511,2025073003013967,KSBBL,Citizens Share Broker Limited,Sewa Securities Pvt. Ltd.,31,558.0,17298.0,2025-07-30 13:11:42.891296
2025-07-30,72510,2025073003013968,KSBBL,Trisul Securities & Invt. Ltd.,Sewa Securities Pvt. Ltd.,69,557.6,38474.4,2025-07-30 13:11:42.891348
2025-07-30,72446,2025073003013986,KSBBL,Sani Securities Company Ltd.,Naasa Securities Co. Ltd.,50,558.0,27900.0,2025-07-30 13:11:48.829188
2025-07-30,72445,2025073003013987,KSBBL,Trisul Securities & Invt. Ltd.,Naasa Securities Co. Ltd.,431,557.6,240325.6,2025-07-30 13:11:48.829415
2025-07-30,72444,2025073003013988,KSBBL,Thrive Brokerage House Pvt. Ltd,Naasa Securities Co. Ltd.,500,557.5,278750.0,2025-07-30 13:11:48.829508
2025-07-30,72443,2025073003013989,KSBBL,J.F. Securites (PVT) Ltd.,Naasa Securities Co. Ltd.,52,557.4,28984.8,2025-07-30 13:11:48.829597
2025-07-30,72442,2025073003013990,KSBBL,Sri Hari Securities Pvt. Ltd.,Naasa Securities Co. Ltd.,97,557.4,54067.8,2025-07-30 13:11:48.829679
2025-07-30,72441,2025073003013991,KSBBL,Nepal Investment And Securities Trading Private Limited,Naasa Securities Co. Ltd.,76,557.4,42362.4,2025-07-30 13:11:48.829765
2025-07-30,72440,2025073003013992,KSBBL,Imperial Securities Company Pvt. Ltd.,Naasa Securities Co. Ltd.,500,557.3,278650.0,2025-07-30 13:11:48.829850
2025-07-30,72439,2025073003013993,KSBBL,Capital Hub P. Ltd,Naasa Securities Co. Ltd.,1294,557.2,721016.8,2025-07-30 13:11:48.829936
2025-07-30,71595,2025073003014190,KSBBL,Naasa Securities Co. Ltd.,Investment Management Nepal Pvt. Ltd.,20,558.1,11162.0,2025-07-30 13:13:00.202902
2025-07-30,71594,2025073003014191,KSBBL,Cristal Kanchanjanga Securites Pvt. Ltd.,Investment Management Nepal Pvt. Ltd.,480,558.1,267888.0,2025-07-30 13:13:00.203171
2025-07-30,71263,2025073003014275,KSBBL,Kohinoor Investment & Securities Pvt. Ltd.,Online Securities Pvt. Ltd.,21,560.0,11760.0,2025-07-30 13:13:31.607590
2025-07-30,71200,2025073003014292,KSBBL,Capital Hub P. Ltd,Investment Management Nepal Pvt. Ltd.,10,560.0,5600.0,2025-07-30 13:13:43.087609
2025-07-30,70991,2025073003014353,KSBBL,Sri Hari Securities Pvt. Ltd.,Naasa Securities Co. Ltd.,20,558.3,11166.0,2025-07-30 13:14:03.457495
2025-07-30,69961,2025073003014553,KSBBL,J.F. Securites (PVT) Ltd.,Deevyaa Securities & Stock House Pvt. Ltd,200,562.0,112400.0,2025-07-30 13:15:45.387825
2025-07-30,69960,2025073003014554,KSBBL,J.F. Securites (PVT) Ltd.,Siprabi Securities Pvt. Ltd.,92,562.0,51704.0,2025-07-30 13:15:45.388076
2025-07-30,69701,2025073003014612,KSBBL,Kohinoor Investment & Securities Pvt. Ltd.,Siprabi Securities Pvt. Ltd.,19,562.0,10678.0,2025-07-30 13:16:05.735622
2025-07-30,69384,2025073003014673,KSBBL,Midas Stock Broking Company Private Limited,Siprabi Securities Pvt. Ltd.,81,562.0,45522.0,2025-07-30 13:16:35.325142
2025-07-30,69383,2025073003014674,KSBBL,Midas Stock Broking Company Private Limited,Kohinoor Investment & Securities Pvt. Ltd.,99,563.0,55737.0,2025-07-30 13:16:35.325375
2025-07-30,69315,2025073003014689,KSBBL,Deevyaa Securities & Stock House Pvt. Ltd,Sharepro Securities Private Limited,107,559.5,59866.5,2025-07-30 13:16:41.896594
2025-07-30,68635,2025073003014900,KSBBL,Himalayan Brokerage Company Limited,Trisul Securities & Invt. Ltd.,300,562.0,168600.0,2025-07-30 13:17:38.180217
2025-07-30,68556,2025073003014922,KSBBL,Sharepro Securities Private Limited,Trisul Securities & Invt. Ltd.,500,562.0,281000.0,2025-07-30 13:17:46.331670
2025-07-30,68319,2025073003014960,KSBBL,Siprabi Securities Pvt. Ltd.,Nepal Stock House (PVT) Ltd.,50,562.0,28100.0,2025-07-30 13:18:09.488171
2025-07-30,68302,2025073003014972,KSBBL,Vision Securities Pvt. Ltd,Linch Stock Market Ltd.,100,560.3,56030.0,2025-07-30 13:18:10.997887
2025-07-30,68272,2025073003014978,KSBBL,Kohinoor Investment & Securities Pvt. Ltd.,Trisul Securities & Invt. Ltd.,100,562.0,56200.0,2025-07-30 13:18:13.976182
2025-07-30,68247,2025073003014984,KSBBL,Midas Stock Broking Company Private Limited,Trisul Securities & Invt. Ltd.,50,562.0,28100.0,2025-07-30 13:18:16.871110
2025-07-30,68208,2025073003014996,KSBBL,Kalika Securities Pvt. Ltd.,Trisul Securities & Invt. Ltd.,200,562.0,112400.0,2025-07-30 13:18:22.087461
2025-07-30,68144,2025073003015009,KSBBL,Midas Stock Broking Company Private Limited,Trisul Securities & Invt. Ltd.,400,562.0,224800.0,2025-07-30 13:18:30.481093
2025-07-30,67925,2025073003015052,KSBBL,Sweta Securities Private Limited,Trisul Securities & Invt. Ltd.,18,562.0,10116.0,2025-07-30 13:18:53.543057
2025-07-30,67759,2025073003015078,KSBBL,Himalayan Brokerage Company Limited,Trisul Securities & Invt. Ltd.,32,562.0,17984.0,2025-07-30 13:19:11.322344
2025-07-30,67758,2025073003015079,KSBBL,Himalayan Brokerage Company Limited,Trisul Securities & Invt. Ltd.,168,562.0,94416.0,2025-07-30 13:19:11.322585
2025-07-30,67736,2025073003015082,KSBBL,Midas Stock Broking Company Private Limited,Trisul Securities & Invt. Ltd.,500,562.0,281000.0,2025-07-30 13:19:13.814772
2025-07-30,67573,2025073003015109,KSBBL,Capital Hub P. Ltd,Trisul Securities & Invt. Ltd.,132,562.0,74184.0,2025-07-30 13:19:29.198351
2025-07-30,67482,2025073003015121,KSBBL,Siprabi Securities Pvt. Ltd.,Kumari Securities Private Limited,100,562.0,56200.0,2025-07-30 13:19:40.387850
2025-07-30,67108,2025073003015217,KSBBL,Indira securities pvt. ltd,Trisul Securities & Invt. Ltd.,200,562.0,112400.0,2025-07-30 13:20:23.203119
2025-07-30,67031,2025073003015233,KSBBL,Malla & Malla Stock Broking Company Pvt. Limited,Trisul Securities & Invt. Ltd.,100,562.0,56200.0,2025-07-30 13:20:33.608615
2025-07-30,66710,2025073003015318,KSBBL,Online Securities Pvt. Ltd.,Trisul Securities & Invt. Ltd.,90,562.0,50580.0,2025-07-30 13:21:16.200430
2025-07-30,66588,2025073003015346,KSBBL,Naasa Securities Co. Ltd.,Vision Securities Pvt. Ltd,2,570.0,1140.0,2025-07-30 13:21:35.541398
2025-07-30,66519,2025073003015359,KSBBL,Dipshikha Dhitopatra Karobar Co. Pvt Ltd.,Trisul Securities & Invt. Ltd.,350,562.0,196700.0,2025-07-30 13:21:46.864295
2025-07-30,66430,2025073003015374,KSBBL,Siprabi Securities Pvt. Ltd.,Trisul Securities & Invt. Ltd.,50,562.0,28100.0,2025-07-30 13:22:00.116953
2025-07-30,66385,2025073003015380,KSBBL,Premier Securities Company Ltd.,Trisul Securities & Invt. Ltd.,10,562.0,5620.0,2025-07-30 13:22:07.936793
2025-07-30,66049,2025073003015448,KSBBL,Premier Securities Company Ltd.,Naasa Securities Co. Ltd.,50,562.0,28100.0,2025-07-30 13:23:00.498144
2025-07-30,66048,2025073003015449,KSBBL,Sri Hari Securities Pvt. Ltd.,Naasa Securities Co. Ltd.,10,562.0,5620.0,2025-07-30 13:23:00.498621
2025-07-30,66024,2025073003015452,KSBBL,Premier Securities Company Ltd.,Trisul Securities & Invt. Ltd.,53,562.0,29786.0,2025-07-30 13:23:05.602804
2025-07-30,66023,2025073003015453,KSBBL,Premier Securities Company Ltd.,Sri Hari Securities Pvt. Ltd.,47,563.0,26461.0,2025-07-30 13:23:05.603075
2025-07-30,65715,2025073003015497,KSBBL,Sri Hari Securities Pvt. Ltd.,Sri Hari Securities Pvt. Ltd.,16,563.0,9008.0,2025-07-30 13:23:39.116372
2025-07-30,65435,2025073003015574,KSBBL,Imperial Securities Company Pvt. Ltd.,Naasa Securities Co. Ltd.,26,561.2,14591.2,2025-07-30 13:24:13.625914
2025-07-30,65367,2025073003015588,KSBBL,Naasa Securities Co. Ltd.,ABC Securities Private Limited,1,561.0,561.0,2025-07-30 13:24:19.845765
2025-07-30,65223,2025073003015613,KSBBL,Dipshikha Dhitopatra Karobar Co. Pvt Ltd.,Sri Hari Securities Pvt. Ltd.,104,563.0,58552.0,2025-07-30 13:24:37.543257
2025-07-30,65222,2025073003015614,KSBBL,Dipshikha Dhitopatra Karobar Co. Pvt Ltd.,Naasa Securities Co. Ltd.,96,563.0,54048.0,2025-07-30 13:24:37.543301
2025-07-30,65079,2025073003015639,KSBBL,Imperial Securities Company Pvt. Ltd.,Vision Securities Pvt. Ltd,474,561.2,266008.8,2025-07-30 13:24:57.491274
2025-07-30,65078,2025073003015640,KSBBL,Kohinoor Investment & Securities Pvt. Ltd.,Vision Securities Pvt. Ltd,10,561.2,5612.0,2025-07-30 13:24:57.491535
2025-07-30,65077,2025073003015641,KSBBL,Naasa Securities Co. Ltd.,Vision Securities Pvt. Ltd,40,561.1,22444.0,2025-07-30 13:24:57.491639
2025-07-30,65076,2025073003015642,KSBBL,Sri Hari Securities Pvt. Ltd.,Vision Securities Pvt. Ltd,26,561.1,14588.6,2025-07-30 13:24:57.491737
2025-07-30,65075,2025073003015643,KSBBL,Kohinoor Investment & Securities Pvt. Ltd.,Vision Securities Pvt. Ltd,50,561.0,28050.0,2025-07-30 13:24:57.491835
2025-07-30,65074,2025073003015644,KSBBL,Asian Securities Private Ltd.,Vision Securities Pvt. Ltd,1000,561.0,561000.0,2025-07-30 13:24:57.491930
2025-07-30,65073,2025073003015645,KSBBL,Siprabi Securities Pvt. Ltd.,Vision Securities Pvt. Ltd,200,560.3,112060.0,2025-07-30 13:24:57.492036
2025-07-30,65072,2025073003015646,KSBBL,Vision Securities Pvt. Ltd,Vision Securities Pvt. Ltd,100,560.2,56020.0,2025-07-30 13:24:57.492131
2025-07-30,65071,2025073003015647,KSBBL,Vision Securities Pvt. Ltd,Vision Securities Pvt. Ltd,1000,560.2,560200.0,2025-07-30 13:24:57.492226
2025-07-30,65070,2025073003015648,KSBBL,Vision Securities Pvt. Ltd,Vision Securities Pvt. Ltd,900,560.2,504180.0,2025-07-30 13:24:57.492322
2025-07-30,65069,2025073003015649,KSBBL,Secured Securities Ltd.,Vision Securities Pvt. Ltd,400,560.0,224000.0,2025-07-30 13:24:57.492418
2025-07-30,65068,2025073003015650,KSBBL,Aryatara Investment & Securities,Vision Securities Pvt. Ltd,25,560.0,14000.0,2025-07-30 13:24:57.492513
2025-07-30,65067,2025073003015651,KSBBL,Vision Securities Pvt. Ltd,Vision Securities Pvt. Ltd,775,560.0,434000.0,2025-07-30 13:24:57.492604
2025-07-30,65033,2025073003015654,KSBBL,Vision Securities Pvt. Ltd,Vision Securities Pvt. Ltd,225,560.0,126000.0,2025-07-30 13:25:02.976086
2025-07-30,65032,2025073003015655,KSBBL,Vision Securities Pvt. Ltd,Vision Securities Pvt. Ltd,1000,560.0,560000.0,2025-07-30 13:25:02.976576
2025-07-30,65031,2025073003015656,KSBBL,Malla & Malla Stock Broking Company Pvt. Limited,Vision Securities Pvt. Ltd,30,560.0,16800.0,2025-07-30 13:25:02.976929
2025-07-30,64957,2025073003015667,KSBBL,Siprabi Securities Pvt. Ltd.,Vision Securities Pvt. Ltd,10,560.0,5600.0,2025-07-30 13:25:12.856535
2025-07-30,64929,2025073003015683,KSBBL,Deevyaa Securities & Stock House Pvt. Ltd,Imperial Securities Company Pvt. Ltd.,393,559.5,219883.5,2025-07-30 13:25:17.420660
2025-07-30,64928,2025073003015684,KSBBL,Vision Securities Pvt. Ltd,Imperial Securities Company Pvt. Ltd.,57,559.5,31891.5,2025-07-30 13:25:17.420928
2025-07-30,64805,2025073003015713,KSBBL,Vision Securities Pvt. Ltd,Kohinoor Investment & Securities Pvt. Ltd.,100,559.5,55950.0,2025-07-30 13:25:29.554093
2025-07-30,64794,2025073003015715,KSBBL,Vision Securities Pvt. Ltd,Imperial Securities Company Pvt. Ltd.,450,559.5,251775.0,2025-07-30 13:25:31.696461
2025-07-30,64720,2025073003015726,KSBBL,Arun Securities (PVT) Ltd.,Vision Securities Pvt. Ltd,3735,560.0,2091600.0,2025-07-30 13:25:43.936461
2025-07-30,63923,2025073003015884,KSBBL,Arun Securities (PVT) Ltd.,Aryatara Investment & Securities,10,560.0,5600.0,2025-07-30 13:27:24.032758
2025-07-30,63922,2025073003015885,KSBBL,Sundhara Securities Limited,Aryatara Investment & Securities,10,560.0,5600.0,2025-07-30 13:27:24.033014
2025-07-30,63811,2025073003015916,KSBBL,Sundhara Securities Limited,Aryatara Investment & Securities,90,560.0,50400.0,2025-07-30 13:27:36.906271
2025-07-30,63810,2025073003015917,KSBBL,Nepal Stock House (PVT) Ltd.,Aryatara Investment & Securities,10,560.0,5600.0,2025-07-30 13:27:36.906749
2025-07-30,63730,2025073003015942,KSBBL,Nepal Stock House (PVT) Ltd.,Kohinoor Investment & Securities Pvt. Ltd.,42,560.0,23520.0,2025-07-30 13:27:46.840036
2025-07-30,63698,2025073003015955,KSBBL,Naasa Securities Co. Ltd.,Dynamic Money Managers Securities Pvt. Ltd.,1,549.0,549.0,2025-07-30 13:27:52.301995
2025-07-30,63622,2025073003015988,KSBBL,Vision Securities Pvt. Ltd,Kohinoor Investment & Securities Pvt. Ltd.,255,559.5,142672.5,2025-07-30 13:28:01.297570
2025-07-30,63586,2025073003015995,KSBBL,Vision Securities Pvt. Ltd,Kohinoor Investment & Securities Pvt. Ltd.,138,559.5,77211.0,2025-07-30 13:28:09.130900
2025-07-30,63431,2025073003016045,KSBBL,Shree Krishna Securities Ltd.,Vision Securities Pvt. Ltd,100,558.8,55880.0,2025-07-30 13:28:24.272489
2025-07-30,63430,2025073003016046,KSBBL,Cristal Kanchanjanga Securites Pvt. Ltd.,Vision Securities Pvt. Ltd,170,558.5,94945.0,2025-07-30 13:28:24.272780
2025-07-30,63380,2025073003016056,KSBBL,Siprabi Securities Pvt. Ltd.,Kohinoor Investment & Securities Pvt. Ltd.,75,558.8,41910.0,2025-07-30 13:28:32.436824
2025-07-30,62995,2025073003016157,KSBBL,Cristal Kanchanjanga Securites Pvt. Ltd.,Vision Securities Pvt. Ltd,500,558.6,279300.0,2025-07-30 13:29:26.050771
2025-07-30,62994,2025073003016158,KSBBL,Cristal Kanchanjanga Securites Pvt. Ltd.,Vision Securities Pvt. Ltd,330,558.5,184305.0,2025-07-30 13:29:26.051021
2025-07-30,62993,2025073003016159,KSBBL,NIMB Stock Markets Limited,Vision Securities Pvt. Ltd,162,558.5,90477.0,2025-07-30 13:29:26.051127
2025-07-30,61409,2025073003016508,KSBBL,Premier Securities Company Ltd.,Neev Securities Pvt. Ltd.,100,559.0,55900.0,2025-07-30 13:32:29.665823
2025-07-30,61408,2025073003016509,KSBBL,Property Wiard Limited,Neev Securities Pvt. Ltd.,62,559.0,34658.0,2025-07-30 13:32:29.666314
2025-07-30,61407,2025073003016510,KSBBL,NIMB Stock Markets Limited,Neev Securities Pvt. Ltd.,338,558.5,188773.0,2025-07-30 13:32:29.666626
2025-07-30,61270,2025073003016526,KSBBL,Himalayan Brokerage Company Limited,Cristal Kanchanjanga Securites Pvt. Ltd.,1200,560.0,672000.0,2025-07-30 13:32:41.901497
2025-07-30,60933,2025073003016626,KSBBL,NIMB Stock Markets Limited,Asian Securities Private Ltd.,50,558.5,27925.0,2025-07-30 13:33:27.275579
2025-07-30,60776,2025073003016651,KSBBL,NIMB Stock Markets Limited,Imperial Securities Company Pvt. Ltd.,300,558.5,167550.0,2025-07-30 13:33:45.465799
2025-07-30,60775,2025073003016652,KSBBL,Kohinoor Investment & Securities Pvt. Ltd.,Imperial Securities Company Pvt. Ltd.,50,558.5,27925.0,2025-07-30 13:33:45.466062
2025-07-30,60774,2025073003016653,KSBBL,Capital Hub P. Ltd,Imperial Securities Company Pvt. Ltd.,200,558.5,111700.0,2025-07-30 13:33:45.466170
2025-07-30,60773,2025073003016654,KSBBL,Sri Hari Securities Pvt. Ltd.,Imperial Securities Company Pvt. Ltd.,380,558.3,212154.0,2025-07-30 13:33:45.466278
2025-07-30,60772,2025073003016655,KSBBL,Sani Securities Company Ltd.,Imperial Securities Company Pvt. Ltd.,70,558.3,39081.0,2025-07-30 13:33:45.466732
2025-07-30,60692,2025073003016668,KSBBL,Sani Securities Company Ltd.,Imperial Securities Company Pvt. Ltd.,480,558.3,267984.0,2025-07-30 13:33:52.509327
2025-07-30,60691,2025073003016669,KSBBL,Cristal Kanchanjanga Securites Pvt. Ltd.,Imperial Securities Company Pvt. Ltd.,520,558.1,290212.0,2025-07-30 13:33:52.509570
2025-07-30,60434,2025073003016752,KSBBL,Siprabi Securities Pvt. Ltd.,Sewa Securities Pvt. Ltd.,3,568.2,1704.6,2025-07-30 13:34:23.500237
2025-07-30,60395,2025073003016764,KSBBL,Cristal Kanchanjanga Securites Pvt. Ltd.,Cristal Kanchanjanga Securites Pvt. Ltd.,1000,558.1,558100.0,2025-07-30 13:34:27.091316
2025-07-30,60209,2025073003016807,KSBBL,Deevyaa Securities & Stock House Pvt. Ltd,Cristal Kanchanjanga Securites Pvt. Ltd.,800,558.0,446400.0,2025-07-30 13:34:44.236991
2025-07-30,60048,2025073003016846,KSBBL,Deevyaa Securities & Stock House Pvt. Ltd,Aakashbhairab Securities Ltd.,1000,558.0,558000.0,2025-07-30 13:34:55.462217
2025-07-30,59994,2025073003016865,KSBBL,Deevyaa Securities & Stock House Pvt. Ltd,Capital Max Securities Ltd,100,558.0,55800.0,2025-07-30 13:34:59.705313
2025-07-30,59981,2025073003016874,KSBBL,Kalika Securities Pvt. Ltd.,Midas Stock Broking Company Private Limited,20,559.0,11180.0,2025-07-30 13:35:01.546083
2025-07-30,59733,2025073003016937,KSBBL,Deevyaa Securities & Stock House Pvt. Ltd,Online Securities Pvt. Ltd.,30,558.0,16740.0,2025-07-30 13:35:25.720596
2025-07-30,57553,2025073003017380,KSBBL,Deevyaa Securities & Stock House Pvt. Ltd,Opal Securities Investment (PVT) Ltd.,70,558.0,39060.0,2025-07-30 13:39:22.819254
2025-07-30,56884,2025073003017508,KSBBL,Machhapuchchhre Securities Limited,Sumeru Securities Pvt. Ltd.,300,557.5,167250.0,2025-07-30 13:40:24.713175
2025-07-30,56412,2025073003017617,KSBBL,Naasa Securities Co. Ltd.,Opal Securities Investment (PVT) Ltd.,10,558.0,5580.0,2025-07-30 13:41:07.932510
2025-07-30,56399,2025073003017623,KSBBL,Machhapuchchhre Securities Limited,Vision Securities Pvt. Ltd,200,557.5,111500.0,2025-07-30 13:41:08.511846
2025-07-30,56294,2025073003017675,KSBBL,Machhapuchchhre Securities Limited,Creative Securities Pvt Ltd,500,557.5,278750.0,2025-07-30 13:41:18.463608
2025-07-30,56286,2025073003017676,KSBBL,Agrawal Securities (PVT) Ltd.,Online Securities Pvt. Ltd.,100,557.5,55750.0,2025-07-30 13:41:20.410108
2025-07-30,56285,2025073003017677,KSBBL,Vision Securities Pvt. Ltd,Online Securities Pvt. Ltd.,20,557.5,11150.0,2025-07-30 13:41:20.410375
2025-07-30,56137,2025073003017704,KSBBL,Naasa Securities Co. Ltd.,Cristal Kanchanjanga Securites Pvt. Ltd.,10,557.3,5573.0,2025-07-30 13:41:37.231564
2025-07-30,56136,2025073003017705,KSBBL,Aryatara Investment & Securities,Cristal Kanchanjanga Securites Pvt. Ltd.,500,557.3,278650.0,2025-07-30 13:41:37.231810
2025-07-30,56135,2025073003017706,KSBBL,Capital Hub P. Ltd,Cristal Kanchanjanga Securites Pvt. Ltd.,1490,557.2,830228.0,2025-07-30 13:41:37.231913
2025-07-30,55739,2025073003017816,KSBBL,Aryatara Investment & Securities,Opal Securities Investment (PVT) Ltd.,46,558.0,25668.0,2025-07-30 13:42:22.987155
2025-07-30,55155,2025073003017960,KSBBL,Capital Hub P. Ltd,SHUBHAKAMANA SECURITIES PVT. LTD,2000,557.2,1114400.0,2025-07-30 13:43:18.992253
2025-07-30,54541,2025073003018126,KSBBL,Cristal Kanchanjanga Securites Pvt. Ltd.,Nepal Stock House (PVT) Ltd.,150,557.3,83595.0,2025-07-30 13:44:23.064332
2025-07-30,54067,2025073003018227,KSBBL,Imperial Securities Company Pvt. Ltd.,Sani Securities Company Ltd.,200,558.0,111600.0,2025-07-30 13:45:10.840455
2025-07-30,53808,2025073003018258,KSBBL,Premier Securities Company Ltd.,Midas Stock Broking Company Private Limited,13,559.0,7267.0,2025-07-30 13:45:38.639938
2025-07-30,53357,2025073003018323,KSBBL,Sweta Securities Private Limited,Vision Securities Pvt. Ltd,50,560.0,28000.0,2025-07-30 13:46:19.704160
2025-07-30,52877,2025073003018425,KSBBL,Vision Securities Pvt. Ltd,Online Securities Pvt. Ltd.,215,560.0,120400.0,2025-07-30 13:47:14.447700
2025-07-30,52876,2025073003018426,KSBBL,Vision Securities Pvt. Ltd,Trademow Securities Private Limited,2700,561.9,1517130.0,2025-07-30 13:47:14.447754
2025-07-30,52875,2025073003018427,KSBBL,Vision Securities Pvt. Ltd,Kumari Securities Private Limited,85,562.0,47770.0,2025-07-30 13:47:14.447797
2025-07-30,52578,2025073003018479,KSBBL,J.F. Securites (PVT) Ltd.,Kumari Securities Private Limited,15,562.0,8430.0,2025-07-30 13:47:41.941930
2025-07-30,52577,2025073003018480,KSBBL,J.F. Securites (PVT) Ltd.,Sundhara Securities Limited,100,562.0,56200.0,2025-07-30 13:47:41.942238
2025-07-30,52576,2025073003018481,KSBBL,J.F. Securites (PVT) Ltd.,Creative Securities Pvt Ltd,110,562.0,61820.0,2025-07-30 13:47:41.942453
2025-07-30,52139,2025073003018586,KSBBL,ABC Securities Private Limited,Creative Securities Pvt Ltd,212,562.0,119144.0,2025-07-30 13:48:35.226469
2025-07-30,52138,2025073003018587,KSBBL,ABC Securities Private Limited,Online Securities Pvt. Ltd.,14,562.0,7868.0,2025-07-30 13:48:35.226752
2025-07-30,52137,2025073003018588,KSBBL,ABC Securities Private Limited,Kohinoor Investment & Securities Pvt. Ltd.,50,562.9,28145.0,2025-07-30 13:48:35.226900
2025-07-30,52136,2025073003018589,KSBBL,ABC Securities Private Limited,Naasa Securities Co. Ltd.,104,563.0,58552.0,2025-07-30 13:48:35.227006
2025-07-30,52135,2025073003018590,KSBBL,ABC Securities Private Limited,Kohinoor Investment & Securities Pvt. Ltd.,120,563.0,67560.0,2025-07-30 13:48:35.227123
2025-07-30,51860,2025073003018673,KSBBL,BHOLE GANESH SECURITIES LTD,Kohinoor Investment & Securities Pvt. Ltd.,39,563.0,21957.0,2025-07-30 13:49:22.857440
2025-07-30,51738,2025073003018694,KSBBL,BHOLE GANESH SECURITIES LTD,Kohinoor Investment & Securities Pvt. Ltd.,50,563.9,28195.0,2025-07-30 13:49:46.400869
2025-07-30,51737,2025073003018695,KSBBL,BHOLE GANESH SECURITIES LTD,Trishakti Securities Public Limited,11,564.2,6206.2,2025-07-30 13:49:46.401144
2025-07-30,51442,2025073003018761,KSBBL,BHOLE GANESH SECURITIES LTD,Trishakti Securities Public Limited,18,564.2,10155.6,2025-07-30 13:50:30.983539
2025-07-30,51398,2025073003018773,KSBBL,KALASH STOCK MARKET PVT. LTD.,Sri Hari Securities Pvt. Ltd.,20,565.0,11300.0,2025-07-30 13:50:39.108457
2025-07-30,51397,2025073003018774,KSBBL,KALASH STOCK MARKET PVT. LTD.,Sewa Securities Pvt. Ltd.,50,565.0,28250.0,2025-07-30 13:50:39.108939
2025-07-30,51396,2025073003018775,KSBBL,KALASH STOCK MARKET PVT. LTD.,Siprabi Securities Pvt. Ltd.,80,565.0,45200.0,2025-07-30 13:50:39.109267
2025-07-30,50542,2025073003018923,KSBBL,Sweta Securities Private Limited,Online Securities Pvt. Ltd.,20,562.0,11240.0,2025-07-30 13:52:51.509172
2025-07-30,50478,2025073003018931,KSBBL,Kumari Securities Private Limited,Sani Securities Company Ltd.,500,561.0,280500.0,2025-07-30 13:53:03.707649
2025-07-30,50477,2025073003018932,KSBBL,Imperial Securities Company Pvt. Ltd.,Sani Securities Company Ltd.,56,560.0,31360.0,2025-07-30 13:53:03.707689
2025-07-30,50476,2025073003018933,KSBBL,Trishakti Securities Public Limited,Sani Securities Company Ltd.,300,558.7,167610.0,2025-07-30 13:53:03.707713
2025-07-30,50475,2025073003018934,KSBBL,Naasa Securities Co. Ltd.,Sani Securities Company Ltd.,144,558.6,80438.4,2025-07-30 13:53:03.707739
2025-07-30,49825,2025073003019075,KSBBL,Aryatara Investment & Securities,SHUBHAKAMANA SECURITIES PVT. LTD,99,561.0,55539.0,2025-07-30 13:54:36.199835
2025-07-30,49509,2025073003019138,KSBBL,Aryatara Investment & Securities,Aryatara Investment & Securities,200,561.0,112200.0,2025-07-30 13:55:16.920754
2025-07-30,49372,2025073003019170,KSBBL,Aryatara Investment & Securities,Opal Securities Investment (PVT) Ltd.,61,561.0,34221.0,2025-07-30 13:55:29.676353
2025-07-30,49092,2025073003019229,KSBBL,Online Securities Pvt. Ltd.,Midas Stock Broking Company Private Limited,100,561.0,56100.0,2025-07-30 13:56:01.592893
2025-07-30,49091,2025073003019230,KSBBL,Cristal Kanchanjanga Securites Pvt. Ltd.,Midas Stock Broking Company Private Limited,350,560.1,196035.0,2025-07-30 13:56:01.593416
2025-07-30,49090,2025073003019231,KSBBL,Himalayan Brokerage Company Limited,Midas Stock Broking Company Private Limited,550,560.1,308055.0,2025-07-30 13:56:01.593780
2025-07-30,48861,2025073003019301,KSBBL,Himalayan Brokerage Company Limited,Nepal Stock House (PVT) Ltd.,100,560.1,56010.0,2025-07-30 13:56:29.786309
2025-07-30,48706,2025073003019341,KSBBL,Himalayan Brokerage Company Limited,Nepal Stock House (PVT) Ltd.,100,560.1,56010.0,2025-07-30 13:56:59.632680
2025-07-30,48568,2025073003019366,KSBBL,Himalayan Brokerage Company Limited,Vision Securities Pvt. Ltd,200,560.1,112020.0,2025-07-30 13:57:14.991839
2025-07-30,48490,2025073003019376,KSBBL,Himalayan Brokerage Company Limited,Sri Hari Securities Pvt. Ltd.,24,560.1,13442.4,2025-07-30 13:57:25.385457
2025-07-30,47861,2025073003019521,KSBBL,Himalayan Brokerage Company Limited,Trishakti Securities Public Limited,26,560.1,14562.6,2025-07-30 13:58:47.093579
2025-07-30,47860,2025073003019522,KSBBL,Online Securities Pvt. Ltd.,Trishakti Securities Public Limited,100,559.0,55900.0,2025-07-30 13:58:47.093623
2025-07-30,47859,2025073003019523,KSBBL,Naasa Securities Co. Ltd.,Trishakti Securities Public Limited,24,558.6,13406.4,2025-07-30 13:58:47.093657
2025-07-30,47501,2025073003019585,KSBBL,Naasa Securities Co. Ltd.,Creative Securities Pvt Ltd,32,558.6,17875.2,2025-07-30 13:59:40.117871
2025-07-30,47500,2025073003019586,KSBBL,Kalika Securities Pvt. Ltd.,Creative Securities Pvt Ltd,50,558.6,27930.0,2025-07-30 13:59:40.117921
2025-07-30,47499,2025073003019587,KSBBL,Sewa Securities Pvt. Ltd.,Creative Securities Pvt Ltd,18,558.5,10053.0,2025-07-30 13:59:40.117950
2025-07-30,47301,2025073003019624,KSBBL,Sewa Securities Pvt. Ltd.,Vision Securities Pvt. Ltd,10,558.5,5585.0,2025-07-30 14:00:11.182712
2025-07-30,47262,2025073003019631,KSBBL,Sewa Securities Pvt. Ltd.,SHUBHAKAMANA SECURITIES PVT. LTD,22,558.5,12287.0,2025-07-30 14:00:16.411955
2025-07-30,47261,2025073003019632,KSBBL,Capital Hub P. Ltd,SHUBHAKAMANA SECURITIES PVT. LTD,35,558.5,19547.5,2025-07-30 14:00:16.412002
2025-07-30,46645,2025073003019766,KSBBL,Premier Securities Company Ltd.,Trisul Securities & Invt. Ltd.,420,558.6,234612.0,2025-07-30 14:01:40.847785
2025-07-30,46174,2025073003019865,KSBBL,Premier Securities Company Ltd.,SHUBHAKAMANA SECURITIES PVT. LTD,54,558.6,30164.4,2025-07-30 14:02:57.296240
2025-07-30,46044,2025073003019897,KSBBL,Cristal Kanchanjanga Securites Pvt. Ltd.,Sani Securities Company Ltd.,100,558.7,55870.0,2025-07-30 14:03:16.626173
2025-07-30,45809,2025073003019938,KSBBL,Oxford Securities Pvt. Ltd.,Midas Stock Broking Company Private Limited,1,550.0,550.0,2025-07-30 14:03:47.123685
2025-07-30,45731,2025073003019960,KSBBL,Capital Hub P. Ltd,Siprabi Securities Pvt. Ltd.,50,558.8,27940.0,2025-07-30 14:04:05.179546
2025-07-30,45280,2025073003020072,KSBBL,Oxford Securities Pvt. Ltd.,Naasa Securities Co. Ltd.,5,558.5,2792.5,2025-07-30 14:05:19.174170
2025-07-30,45054,2025073003020115,KSBBL,Primo Securities (PVT) Ltd.,Imperial Securities Company Pvt. Ltd.,10,559.0,5590.0,2025-07-30 14:05:47.545758
2025-07-30,44780,2025073003020173,KSBBL,Sundhara Securities Limited,Agrawal Securities (PVT) Ltd.,94,558.9,52536.6,2025-07-30 14:06:21.302097
2025-07-30,44536,2025073003020230,KSBBL,Pragyan Securities (PVT) Ltd.,Imperial Securities Company Pvt. Ltd.,12,559.0,6708.0,2025-07-30 14:07:02.721267
2025-07-30,44535,2025073003020231,KSBBL,Pragyan Securities (PVT) Ltd.,Cristal Kanchanjanga Securites Pvt. Ltd.,88,559.0,49192.0,2025-07-30 14:07:02.721931
2025-07-30,44526,2025073003020235,KSBBL,Sundhara Securities Limited,Aryatara Investment & Securities,50,558.9,27945.0,2025-07-30 14:07:04.037326
2025-07-30,44510,2025073003020239,KSBBL,Sweta Securities Private Limited,Cristal Kanchanjanga Securites Pvt. Ltd.,14,559.0,7826.0,2025-07-30 14:07:07.255079
2025-07-30,44426,2025073003020256,KSBBL,Oxford Securities Pvt. Ltd.,Deevyaa Securities & Stock House Pvt. Ltd,2,555.0,1110.0,2025-07-30 14:07:18.218191
2025-07-30,44365,2025073003020265,KSBBL,Midas Stock Broking Company Private Limited,Aryatara Investment & Securities,460,560.0,257600.0,2025-07-30 14:07:30.889625
2025-07-30,44159,2025073003020319,KSBBL,ABC Securities Private Limited,Trishakti Securities Public Limited,200,561.0,112200.0,2025-07-30 14:07:56.160164
2025-07-30,44007,2025073003020343,KSBBL,Secured Securities Ltd.,Trishakti Securities Public Limited,160,561.0,89760.0,2025-07-30 14:08:12.129221
2025-07-30,43924,2025073003020361,KSBBL,Midas Stock Broking Company Private Limited,Vision Securities Pvt. Ltd,40,560.0,22400.0,2025-07-30 14:08:29.218562
2025-07-30,43923,2025073003020362,KSBBL,Sani Securities Company Ltd.,Vision Securities Pvt. Ltd,100,559.3,55930.0,2025-07-30 14:08:29.219090
2025-07-30,43922,2025073003020363,KSBBL,Sani Securities Company Ltd.,Vision Securities Pvt. Ltd,100,559.2,55920.0,2025-07-30 14:08:29.219415
2025-07-30,43921,2025073003020364,KSBBL,Cristal Kanchanjanga Securites Pvt. Ltd.,Vision Securities Pvt. Ltd,500,559.1,279550.0,2025-07-30 14:08:29.219740
2025-07-30,43920,2025073003020365,KSBBL,Kalika Securities Pvt. Ltd.,Vision Securities Pvt. Ltd,500,559.0,279500.0,2025-07-30 14:08:29.220067
2025-07-30,43919,2025073003020366,KSBBL,Sundhara Securities Limited,Vision Securities Pvt. Ltd,356,558.9,198968.4,2025-07-30 14:08:29.220389
2025-07-30,43918,2025073003020367,KSBBL,Sweta Securities Private Limited,Vision Securities Pvt. Ltd,98,558.9,54772.2,2025-07-30 14:08:29.220695
2025-07-30,43917,2025073003020368,KSBBL,Capital Hub P. Ltd,Vision Securities Pvt. Ltd,415,558.8,231902.0,2025-07-30 14:08:29.221005
2025-07-30,43916,2025073003020369,KSBBL,Cristal Kanchanjanga Securites Pvt. Ltd.,Vision Securities Pvt. Ltd,399,558.7,222921.3,2025-07-30 14:08:29.221327
2025-07-30,43915,2025073003020370,KSBBL,Trisul Securities & Invt. Ltd.,Vision Securities Pvt. Ltd,500,558.7,279350.0,2025-07-30 14:08:29.221615
2025-07-30,43914,2025073003020371,KSBBL,Premier Securities Company Ltd.,Vision Securities Pvt. Ltd,1526,558.6,852423.6,2025-07-30 14:08:29.221908
2025-07-30,43913,2025073003020372,KSBBL,Naasa Securities Co. Ltd.,Vision Securities Pvt. Ltd,200,558.1,111620.0,2025-07-30 14:08:29.222221
2025-07-30,43912,2025073003020373,KSBBL,Cristal Kanchanjanga Securites Pvt. Ltd.,Vision Securities Pvt. Ltd,266,558.1,148454.6,2025-07-30 14:08:29.222524
2025-07-30,43821,2025073003020389,KSBBL,Aryatara Investment & Securities,Online Securities Pvt. Ltd.,200,560.0,112000.0,2025-07-30 14:08:45.772829
2025-07-30,43719,2025073003020422,KSBBL,Cristal Kanchanjanga Securites Pvt. Ltd.,Dynamic Money Managers Securities Pvt. Ltd.,234,558.1,130595.4,2025-07-30 14:09:03.119849
2025-07-30,43718,2025073003020423,KSBBL,Imperial Securities Company Pvt. Ltd.,Dynamic Money Managers Securities Pvt. Ltd.,300,558.0,167400.0,2025-07-30 14:09:03.120165
