Date,S.N.,Contract ID,Symbol,Buyer Broker,Seller Broker,quantity,rate,amount,transaction_time
2025-07-30,140749,2025073001000295,MBL,Midas Stock Broking Company Private Limited,Bhrikuti Stock Broking Co. Pvt. Ltd.,10,268.0,2680.0,2025-07-30 11:02:26.207369
2025-07-30,140518,2025073001000372,MBL,Nepal Investment And Securities Trading Private Limited,Bhrikuti Stock Broking Co. Pvt. Ltd.,290,268.0,77720.0,2025-07-30 11:02:59.407634
2025-07-30,140124,2025073001000479,MBL,Sundhara Securities Limited,Dynamic Money Managers Securities Pvt. Ltd.,200,268.9,53780.0,2025-07-30 11:03:43.230018
2025-07-30,138448,2025073001001048,MBL,Indira securities pvt. ltd,Vision Securities Pvt. Ltd,30,268.8,8064.0,2025-07-30 11:07:20.248792
2025-07-30,138447,2025073001001049,MBL,Indira securities pvt. ltd,Premier Securities Company Ltd.,10,268.8,2688.0,2025-07-30 11:07:20.248870
2025-07-30,138446,2025073001001050,MBL,Indira securities pvt. ltd,Dynamic Money Managers Securities Pvt. Ltd.,800,268.9,215120.0,2025-07-30 11:07:20.248918
2025-07-30,138445,2025073001001051,MBL,Indira securities pvt. ltd,Bhrikuti Stock Broking Co. Pvt. Ltd.,1000,269.0,269000.0,2025-07-30 11:07:20.248955
2025-07-30,138444,2025073001001052,MBL,Indira securities pvt. ltd,Imperial Securities Company Pvt. Ltd.,1000,269.0,269000.0,2025-07-30 11:07:20.248994
2025-07-30,138443,2025073001001053,MBL,Indira securities pvt. ltd,Opal Securities Investment (PVT) Ltd.,160,269.0,43040.0,2025-07-30 11:07:20.249037
2025-07-30,137638,2025073001001305,MBL,Dipshikha Dhitopatra Karobar Co. Pvt Ltd.,Opal Securities Investment (PVT) Ltd.,155,269.0,41695.0,2025-07-30 11:08:55.237998
2025-07-30,137231,2025073001001452,MBL,Indira securities pvt. ltd,Opal Securities Investment (PVT) Ltd.,685,269.0,184265.0,2025-07-30 11:09:43.447724
2025-07-30,137230,2025073001001453,MBL,Indira securities pvt. ltd,Online Securities Pvt. Ltd.,1315,269.0,353735.0,2025-07-30 11:09:43.447811
2025-07-30,137088,2025073001001500,MBL,Imperial Securities Company Pvt. Ltd.,Online Securities Pvt. Ltd.,200,269.0,53800.0,2025-07-30 11:09:59.063101
2025-07-30,136994,2025073001001535,MBL,K.B.L. Securities Limited ,Kumari Securities Private Limited,50,268.0,13400.0,2025-07-30 11:10:08.670759
2025-07-30,135405,2025073001002000,MBL,K.B.L. Securities Limited ,Online Securities Pvt. Ltd.,450,268.0,120600.0,2025-07-30 11:12:57.496608
2025-07-30,134036,2025073001002399,MBL,Aryatara Investment & Securities,Online Securities Pvt. Ltd.,10,268.0,2680.0,2025-07-30 11:14:57.896433
2025-07-30,133481,2025073001002576,MBL,Nepal Investment And Securities Trading Private Limited,Online Securities Pvt. Ltd.,2000,267.0,534000.0,2025-07-30 11:15:47.130853
2025-07-30,133324,2025073001002628,MBL,Nepal Investment And Securities Trading Private Limited,Imperial Securities Company Pvt. Ltd.,500,267.0,133500.0,2025-07-30 11:16:02.707740
2025-07-30,132823,2025073001002758,MBL,Primo Securities (PVT) Ltd.,Nagarik Stock Dealer ,500,267.0,133500.0,2025-07-30 11:16:36.116983
2025-07-30,131829,2025073001003054,MBL,Sweta Securities Private Limited,Online Securities Pvt. Ltd.,1000,267.0,267000.0,2025-07-30 11:18:10.886003
2025-07-30,131699,2025073001003069,MBL,Neev Securities Pvt. Ltd.,Online Securities Pvt. Ltd.,10,267.0,2670.0,2025-07-30 11:18:26.947298
2025-07-30,130718,2025073001003411,MBL,Premier Securities Company Ltd.,Asian Securities Private Ltd.,226,266.6,60251.6,2025-07-30 11:20:12.724064
2025-07-30,130581,2025073001003447,MBL,Premier Securities Company Ltd.,Naasa Securities Co. Ltd.,493,266.6,131433.8,2025-07-30 11:20:30.217910
2025-07-30,130364,2025073001003499,MBL,Premier Securities Company Ltd.,Imperial Securities Company Pvt. Ltd.,20,266.6,5332.0,2025-07-30 11:21:00.485607
2025-07-30,130147,2025073001003558,MBL,Premier Securities Company Ltd.,Secured Securities Ltd.,200,266.6,53320.0,2025-07-30 11:21:28.588282
2025-07-30,129840,2025073001003626,MBL,Premier Securities Company Ltd.,Dipshikha Dhitopatra Karobar Co. Pvt Ltd.,61,266.6,16262.6,2025-07-30 11:22:06.948592
2025-07-30,129583,2025073001003703,MBL,Indira securities pvt. ltd,Dipshikha Dhitopatra Karobar Co. Pvt Ltd.,34,266.6,9064.4,2025-07-30 11:22:31.155314
2025-07-30,129526,2025073001003726,MBL,Indira securities pvt. ltd,Cristal Kanchanjanga Securites Pvt. Ltd.,1133,266.6,302057.8,2025-07-30 11:22:37.280542
2025-07-30,129376,2025073001003775,MBL,Nepal Investment And Securities Trading Private Limited,Online Securities Pvt. Ltd.,990,267.0,264330.0,2025-07-30 11:22:49.737528
2025-07-30,129174,2025073001003825,MBL,Nepal Investment And Securities Trading Private Limited,Asian Securities Private Ltd.,6000,267.0,1602000.0,2025-07-30 11:23:09.902748
2025-07-30,128277,2025073001004065,MBL,Oxford Securities Pvt. Ltd.,Naasa Securities Co. Ltd.,110,267.1,29381.0,2025-07-30 11:24:39.172267
2025-07-30,128276,2025073001004066,MBL,Nepal Investment And Securities Trading Private Limited,Naasa Securities Co. Ltd.,220,267.0,58740.0,2025-07-30 11:24:39.172417
2025-07-30,127922,2025073001004154,MBL,Indira securities pvt. ltd,Dynamic Money Managers Securities Pvt. Ltd.,350,266.6,93310.0,2025-07-30 11:25:15.674581
2025-07-30,127345,2025073001004336,MBL,Indira securities pvt. ltd,Sri Hari Securities Pvt. Ltd.,1000,266.7,266700.0,2025-07-30 11:26:18.638118
2025-07-30,127344,2025073001004337,MBL,Indira securities pvt. ltd,Sri Hari Securities Pvt. Ltd.,500,266.6,133300.0,2025-07-30 11:26:18.638251
2025-07-30,126581,2025073001004550,MBL,Asian Securities Private Ltd.,Online Securities Pvt. Ltd.,25,268.0,6700.0,2025-07-30 11:27:43.417736
2025-07-30,126580,2025073001004551,MBL,Asian Securities Private Ltd.,Siprabi Securities Pvt. Ltd.,20,268.0,5360.0,2025-07-30 11:27:43.417869
2025-07-30,126579,2025073001004552,MBL,Asian Securities Private Ltd.,Investment Management Nepal Pvt. Ltd.,45,268.0,12060.0,2025-07-30 11:27:43.417924
2025-07-30,125357,2025073001004966,MBL,Online Securities Pvt. Ltd.,Capital Max Securities Ltd,300,266.8,80040.0,2025-07-30 11:30:02.286750
2025-07-30,125356,2025073001004967,MBL,Asian Securities Private Ltd.,Capital Max Securities Ltd,100,266.7,26670.0,2025-07-30 11:30:02.286876
2025-07-30,125355,2025073001004968,MBL,Indira securities pvt. ltd,Capital Max Securities Ltd,483,266.6,128767.8,2025-07-30 11:30:02.286965
2025-07-30,125354,2025073001004969,MBL,Online Securities Pvt. Ltd.,Capital Max Securities Ltd,1800,266.2,479160.0,2025-07-30 11:30:02.287085
2025-07-30,125353,2025073001004970,MBL,Sharepro Securities Private Limited,Capital Max Securities Ltd,10000,266.2,2662000.0,2025-07-30 11:30:02.287179
2025-07-30,125352,2025073001004971,MBL,Primo Securities (PVT) Ltd.,Capital Max Securities Ltd,1317,266.1,350453.7,2025-07-30 11:30:02.287309
2025-07-30,124254,2025073001005348,MBL,Primo Securities (PVT) Ltd.,Siprabi Securities Pvt. Ltd.,683,266.1,181746.3,2025-07-30 11:32:11.561342
2025-07-30,124159,2025073001005372,MBL,Vision Securities Pvt. Ltd,Capital Max Securities Ltd,2000,265.1,530200.0,2025-07-30 11:32:20.648232
2025-07-30,124158,2025073001005373,MBL,Siprabi Securities Pvt. Ltd.,Capital Max Securities Ltd,300,265.0,79500.0,2025-07-30 11:32:20.648337
2025-07-30,124157,2025073001005374,MBL,Trishakti Securities Public Limited,Capital Max Securities Ltd,1000,265.0,265000.0,2025-07-30 11:32:20.648420
2025-07-30,124156,2025073001005375,MBL,Dipshikha Dhitopatra Karobar Co. Pvt Ltd.,Capital Max Securities Ltd,500,265.0,132500.0,2025-07-30 11:32:20.648487
2025-07-30,124155,2025073001005376,MBL,Capital Hub P. Ltd,Capital Max Securities Ltd,200,264.0,52800.0,2025-07-30 11:32:20.648560
2025-07-30,123728,2025073001005508,MBL,Capital Hub P. Ltd,Secured Securities Ltd.,800,264.0,211200.0,2025-07-30 11:33:14.004865
2025-07-30,119060,2025073001006942,MBL,Vision Securities Pvt. Ltd,Imperial Securities Company Pvt. Ltd.,70,264.2,18494.0,2025-07-30 11:43:28.735797
2025-07-30,118885,2025073001006997,MBL,Vision Securities Pvt. Ltd,Siprabi Securities Pvt. Ltd.,500,264.2,132100.0,2025-07-30 11:43:54.000252
2025-07-30,118791,2025073001007030,MBL,Siprabi Securities Pvt. Ltd.,Linch Stock Market Ltd.,50,265.0,13250.0,2025-07-30 11:44:10.699884
2025-07-30,118295,2025073001007188,MBL,Sunrise Securities Limited,Secured Securities Ltd.,100,264.3,26430.0,2025-07-30 11:45:16.814990
2025-07-30,113540,2025073001008685,MBL,Kumari Securities Private Limited,Online Securities Pvt. Ltd.,97,265.0,25705.0,2025-07-30 11:56:34.271115
2025-07-30,112034,2025073001009214,MBL,Vision Securities Pvt. Ltd,Investment Management Nepal Pvt. Ltd.,19,264.7,5029.3,2025-07-30 12:00:10.857743
2025-07-30,111618,2025073001009384,MBL,Vision Securities Pvt. Ltd,Capital Max Securities Ltd,50,264.7,13235.0,2025-07-30 12:01:10.999919
2025-07-30,111093,2025073001009503,MBL,Sunrise Securities Limited,Thrive Brokerage House Pvt. Ltd,400,265.0,106000.0,2025-07-30 12:02:27.044136
2025-07-30,110538,2025073001009752,MBL,Vision Securities Pvt. Ltd,Opal Securities Investment (PVT) Ltd.,200,264.7,52940.0,2025-07-30 12:03:53.847177
2025-07-30,110327,2025073001009805,MBL,Asian Securities Private Ltd.,Thrive Brokerage House Pvt. Ltd,50,265.0,13250.0,2025-07-30 12:04:13.735990
2025-07-30,110284,2025073001009824,MBL,Trishakti Securities Public Limited,Thrive Brokerage House Pvt. Ltd,300,265.0,79500.0,2025-07-30 12:04:21.090266
2025-07-30,110283,2025073001009825,MBL,Trishakti Securities Public Limited,Property Wiard Limited,500,265.0,132500.0,2025-07-30 12:04:21.090600
2025-07-30,109829,2025073001009983,MBL,Trishakti Securities Public Limited,Aryatara Investment & Securities,30,265.0,7950.0,2025-07-30 12:05:31.633261
2025-07-30,109661,2025073001010070,MBL,Sweta Securities Private Limited,Dipshikha Dhitopatra Karobar Co. Pvt Ltd.,57,265.5,15133.5,2025-07-30 12:05:49.867306
2025-07-30,109280,2025073001010174,MBL,Vision Securities Pvt. Ltd,Aryatara Investment & Securities,1008,266.0,268128.0,2025-07-30 12:06:37.266878
2025-07-30,109279,2025073001010175,MBL,Vision Securities Pvt. Ltd,Dynamic Money Managers Securities Pvt. Ltd.,190,266.0,50540.0,2025-07-30 12:06:37.266979
2025-07-30,109278,2025073001010176,MBL,Vision Securities Pvt. Ltd,Cristal Kanchanjanga Securites Pvt. Ltd.,120,267.0,32040.0,2025-07-30 12:06:37.267089
2025-07-30,109277,2025073001010177,MBL,Vision Securities Pvt. Ltd,Dipshikha Dhitopatra Karobar Co. Pvt Ltd.,500,267.0,133500.0,2025-07-30 12:06:37.267159
2025-07-30,109276,2025073001010178,MBL,Vision Securities Pvt. Ltd,Siprabi Securities Pvt. Ltd.,1000,267.0,267000.0,2025-07-30 12:06:37.267220
2025-07-30,109275,2025073001010179,MBL,Vision Securities Pvt. Ltd,Siprabi Securities Pvt. Ltd.,182,267.5,48685.0,2025-07-30 12:06:37.267286
2025-07-30,108789,2025073001010282,MBL,South Asian Bulls Pvt. Ltd.,Naasa Securities Co. Ltd.,19,266.0,5054.0,2025-07-30 12:07:28.055563
2025-07-30,108788,2025073001010283,MBL,South Asian Bulls Pvt. Ltd.,Siprabi Securities Pvt. Ltd.,281,267.5,75167.5,2025-07-30 12:07:28.055742
2025-07-30,107887,2025073001010584,MBL,KALASH STOCK MARKET PVT. LTD.,Asian Securities Private Ltd.,450,267.0,120150.0,2025-07-30 12:09:00.225502
2025-07-30,107886,2025073001010585,MBL,Sani Securities Company Ltd.,Asian Securities Private Ltd.,1000,267.0,267000.0,2025-07-30 12:09:00.225847
2025-07-30,104183,2025073001011585,MBL,ABC Securities Private Limited,Asian Securities Private Ltd.,550,267.0,146850.0,2025-07-30 12:15:06.708951
2025-07-30,104082,2025073001011619,MBL,ABC Securities Private Limited,Bhrikuti Stock Broking Co. Pvt. Ltd.,950,267.0,253650.0,2025-07-30 12:15:22.782721
2025-07-30,104081,2025073001011620,MBL,Premier Securities Company Ltd.,Bhrikuti Stock Broking Co. Pvt. Ltd.,550,265.7,146135.0,2025-07-30 12:15:22.782949
2025-07-30,103932,2025073001011660,MBL,Premier Securities Company Ltd.,Bhrikuti Stock Broking Co. Pvt. Ltd.,950,265.7,252415.0,2025-07-30 12:15:43.195288
2025-07-30,103931,2025073001011661,MBL,Dynamic Money Managers Securities Pvt. Ltd.,Bhrikuti Stock Broking Co. Pvt. Ltd.,50,265.6,13280.0,2025-07-30 12:15:43.195630
2025-07-30,103474,2025073001011831,MBL,Trishakti Securities Public Limited,Bhrikuti Stock Broking Co. Pvt. Ltd.,1000,265.7,265700.0,2025-07-30 12:16:27.141707
2025-07-30,103059,2025073001012000,MBL,Dynamic Money Managers Securities Pvt. Ltd.,Bhrikuti Stock Broking Co. Pvt. Ltd.,500,265.6,132800.0,2025-07-30 12:17:06.427358
2025-07-30,102568,2025073001012147,MBL,Sewa Securities Pvt. Ltd.,Bhrikuti Stock Broking Co. Pvt. Ltd.,30,265.7,7971.0,2025-07-30 12:18:17.460934
2025-07-30,102567,2025073001012148,MBL,Dynamic Money Managers Securities Pvt. Ltd.,Bhrikuti Stock Broking Co. Pvt. Ltd.,450,265.6,119520.0,2025-07-30 12:18:17.461312
2025-07-30,102566,2025073001012149,MBL,Nepal Stock House (PVT) Ltd.,Bhrikuti Stock Broking Co. Pvt. Ltd.,500,265.5,132750.0,2025-07-30 12:18:17.461532
2025-07-30,102565,2025073001012150,MBL,Bhrikuti Stock Broking Co. Pvt. Ltd.,Bhrikuti Stock Broking Co. Pvt. Ltd.,20,265.3,5306.0,2025-07-30 12:18:17.461734
2025-07-30,102562,2025073001012152,MBL,Trisul Securities & Invt. Ltd.,Naasa Securities Co. Ltd.,10,267.5,2675.0,2025-07-30 12:18:18.562482
2025-07-30,102223,2025073001012284,MBL,Dipshikha Dhitopatra Karobar Co. Pvt Ltd.,Bhrikuti Stock Broking Co. Pvt. Ltd.,200,266.0,53200.0,2025-07-30 12:19:01.210772
2025-07-30,102222,2025073001012285,MBL,Bhrikuti Stock Broking Co. Pvt. Ltd.,Bhrikuti Stock Broking Co. Pvt. Ltd.,980,265.3,259994.0,2025-07-30 12:19:01.210965
2025-07-30,102221,2025073001012286,MBL,Trishakti Securities Public Limited,Bhrikuti Stock Broking Co. Pvt. Ltd.,49,265.0,12985.0,2025-07-30 12:19:01.211074
2025-07-30,101944,2025073001012373,MBL,Trishakti Securities Public Limited,Vision Securities Pvt. Ltd,11,265.0,2915.0,2025-07-30 12:19:41.922084
2025-07-30,101686,2025073001012460,MBL,Online Securities Pvt. Ltd.,Naasa Securities Co. Ltd.,40,267.5,10700.0,2025-07-30 12:20:19.363482
2025-07-30,101685,2025073001012461,MBL,Online Securities Pvt. Ltd.,Trishakti Securities Public Limited,10,267.6,2676.0,2025-07-30 12:20:19.363583
2025-07-30,99060,2025073001013214,MBL,Deevyaa Securities & Stock House Pvt. Ltd,Trisul Securities & Invt. Ltd.,20,265.3,5306.0,2025-07-30 12:26:17.082604
2025-07-30,99039,2025073001013221,MBL,Deevyaa Securities & Stock House Pvt. Ltd,Shree Krishna Securities Ltd.,100,265.3,26530.0,2025-07-30 12:26:21.494822
2025-07-30,98372,2025073001013380,MBL,Deevyaa Securities & Stock House Pvt. Ltd,Kohinoor Investment & Securities Pvt. Ltd.,88,265.3,23346.4,2025-07-30 12:27:49.467658
2025-07-30,97208,2025073001013732,MBL,Deevyaa Securities & Stock House Pvt. Ltd,Capital Max Securities Ltd,92,265.3,24407.6,2025-07-30 12:30:21.985135
2025-07-30,97207,2025073001013733,MBL,Creative Securities Pvt Ltd,Capital Max Securities Ltd,100,265.2,26520.0,2025-07-30 12:30:21.985575
2025-07-30,97206,2025073001013734,MBL,Sharepro Securities Private Limited,Capital Max Securities Ltd,1000,265.1,265100.0,2025-07-30 12:30:21.986005
2025-07-30,97205,2025073001013735,MBL,Trishakti Securities Public Limited,Capital Max Securities Ltd,110,265.0,29150.0,2025-07-30 12:30:21.986406
2025-07-30,97204,2025073001013736,MBL,Vision Securities Pvt. Ltd,Capital Max Securities Ltd,1161,265.0,307665.0,2025-07-30 12:30:21.986791
2025-07-30,97203,2025073001013737,MBL,Secured Securities Ltd.,Capital Max Securities Ltd,500,265.0,132500.0,2025-07-30 12:30:21.987205
2025-07-30,97202,2025073001013738,MBL,Imperial Securities Company Pvt. Ltd.,Capital Max Securities Ltd,20,265.0,5300.0,2025-07-30 12:30:21.987656
2025-07-30,97201,2025073001013739,MBL,Asian Securities Private Ltd.,Capital Max Securities Ltd,50,264.6,13230.0,2025-07-30 12:30:21.988234
2025-07-30,97200,2025073001013740,MBL,Kumari Securities Private Limited,Capital Max Securities Ltd,303,264.6,80173.8,2025-07-30 12:30:21.988543
2025-07-30,97199,2025073001013741,MBL,Nagarik Stock Dealer ,Capital Max Securities Ltd,140,264.6,37044.0,2025-07-30 12:30:21.988889
2025-07-30,97198,2025073001013742,MBL,Capital Hub P. Ltd,Capital Max Securities Ltd,1800,264.5,476100.0,2025-07-30 12:30:21.989341
2025-07-30,97197,2025073001013743,MBL,Naasa Securities Co. Ltd.,Capital Max Securities Ltd,20,264.5,5290.0,2025-07-30 12:30:21.989759
2025-07-30,97196,2025073001013744,MBL,Ashutosh Brokerage & Securities (PVT) Ltd.,Capital Max Securities Ltd,128,264.3,33830.4,2025-07-30 12:30:21.990258
2025-07-30,97195,2025073001013745,MBL,Creative Securities Pvt Ltd,Capital Max Securities Ltd,1476,264.3,390106.8,2025-07-30 12:30:21.990628
2025-07-30,97064,2025073001013785,MBL,Creative Securities Pvt Ltd,Capital Max Securities Ltd,524,264.3,138493.2,2025-07-30 12:30:34.180037
2025-07-30,97063,2025073001013786,MBL,Trishakti Securities Public Limited,Capital Max Securities Ltd,1003,264.2,264992.6,2025-07-30 12:30:34.180253
2025-07-30,97062,2025073001013787,MBL,Opal Securities Investment (PVT) Ltd.,Capital Max Securities Ltd,1500,264.1,396150.0,2025-07-30 12:30:34.180341
2025-07-30,97061,2025073001013788,MBL,Aryatara Investment & Securities,Capital Max Securities Ltd,500,264.1,132050.0,2025-07-30 12:30:34.180418
2025-07-30,97060,2025073001013789,MBL,Vision Securities Pvt. Ltd,Capital Max Securities Ltd,2000,264.0,528000.0,2025-07-30 12:30:34.180494
2025-07-30,97059,2025073001013790,MBL,Sumeru Securities Pvt. Ltd.,Capital Max Securities Ltd,1000,264.0,264000.0,2025-07-30 12:30:34.180570
2025-07-30,97058,2025073001013791,MBL,Capital Hub P. Ltd,Capital Max Securities Ltd,500,264.0,132000.0,2025-07-30 12:30:34.180666
2025-07-30,97057,2025073001013792,MBL,Nagarik Stock Dealer ,Capital Max Securities Ltd,1965,264.0,518760.0,2025-07-30 12:30:34.180790
2025-07-30,97056,2025073001013793,MBL,Trisul Securities & Invt. Ltd.,Capital Max Securities Ltd,1000,264.0,264000.0,2025-07-30 12:30:34.180883
2025-07-30,95110,2025073001014226,MBL,Online Securities Pvt. Ltd.,Sundhara Securities Limited,75,265.4,19905.0,2025-07-30 12:34:24.906524
2025-07-30,94392,2025073001014379,MBL,Sani Securities Company Ltd.,Bhrikuti Stock Broking Co. Pvt. Ltd.,5000,265.0,1325000.0,2025-07-30 12:35:27.201747
2025-07-30,94350,2025073001014390,MBL,Capital Hub P. Ltd,Sweta Securities Private Limited,80,264.1,21128.0,2025-07-30 12:35:35.187437
2025-07-30,94349,2025073001014391,MBL,Secured Securities Ltd.,Sweta Securities Private Limited,20,264.1,5282.0,2025-07-30 12:35:35.187857
2025-07-30,93161,2025073001014738,MBL,Siprabi Securities Pvt. Ltd.,Creative Securities Pvt Ltd,1000,264.3,264300.0,2025-07-30 12:37:58.658210
2025-07-30,93160,2025073001014739,MBL,Sharepro Securities Private Limited,Creative Securities Pvt Ltd,1000,264.2,264200.0,2025-07-30 12:37:58.658599
2025-07-30,91739,2025073001015029,MBL,Siprabi Securities Pvt. Ltd.,Sundhara Securities Limited,25,265.4,6635.0,2025-07-30 12:40:40.717114
2025-07-30,91738,2025073001015030,MBL,Siprabi Securities Pvt. Ltd.,Imperial Securities Company Pvt. Ltd.,30,265.5,7965.0,2025-07-30 12:40:40.717345
2025-07-30,91737,2025073001015031,MBL,Siprabi Securities Pvt. Ltd.,Sweta Securities Private Limited,50,265.8,13290.0,2025-07-30 12:40:40.717430
2025-07-30,91736,2025073001015032,MBL,Siprabi Securities Pvt. Ltd.,Aryatara Investment & Securities,50,266.0,13300.0,2025-07-30 12:40:40.717529
2025-07-30,91735,2025073001015033,MBL,Siprabi Securities Pvt. Ltd.,Opal Securities Investment (PVT) Ltd.,200,266.0,53200.0,2025-07-30 12:40:40.717608
2025-07-30,91734,2025073001015034,MBL,Siprabi Securities Pvt. Ltd.,Linch Stock Market Ltd.,30,267.0,8010.0,2025-07-30 12:40:40.717685
2025-07-30,91733,2025073001015035,MBL,Siprabi Securities Pvt. Ltd.,Kohinoor Investment & Securities Pvt. Ltd.,100,267.3,26730.0,2025-07-30 12:40:40.717764
2025-07-30,91732,2025073001015036,MBL,Siprabi Securities Pvt. Ltd.,ABC Securities Private Limited,15,267.5,4012.5,2025-07-30 12:40:40.717842
2025-07-30,89619,2025073001015595,MBL,Kumari Securities Private Limited,Siprabi Securities Pvt. Ltd.,6,268.0,1608.0,2025-07-30 12:45:15.406761
2025-07-30,89469,2025073001015635,MBL,Oxford Securities Pvt. Ltd.,Asian Securities Private Ltd.,50,265.5,13275.0,2025-07-30 12:45:38.935123
2025-07-30,89468,2025073001015636,MBL,Vision Securities Pvt. Ltd,Asian Securities Private Ltd.,2000,265.3,530600.0,2025-07-30 12:45:38.935351
2025-07-30,89467,2025073001015637,MBL,Siprabi Securities Pvt. Ltd.,Asian Securities Private Ltd.,1000,265.1,265100.0,2025-07-30 12:45:38.935436
2025-07-30,89466,2025073001015638,MBL,Asian Securities Private Ltd.,Asian Securities Private Ltd.,500,265.0,132500.0,2025-07-30 12:45:38.935519
2025-07-30,89465,2025073001015639,MBL,Secured Securities Ltd.,Asian Securities Private Ltd.,280,265.0,74200.0,2025-07-30 12:45:38.935600
2025-07-30,89464,2025073001015640,MBL,Nagarik Stock Dealer ,Asian Securities Private Ltd.,700,265.0,185500.0,2025-07-30 12:45:38.935679
2025-07-30,89339,2025073001015668,MBL,Opal Securities Investment (PVT) Ltd.,Asian Securities Private Ltd.,30,265.0,7950.0,2025-07-30 12:45:57.505222
2025-07-30,88149,2025073001015934,MBL,Malla & Malla Stock Broking Company Pvt. Limited,Asian Securities Private Ltd.,75,265.0,19875.0,2025-07-30 12:48:51.463334
2025-07-30,87385,2025073001016091,MBL,Sharepro Securities Private Limited,Asian Securities Private Ltd.,365,265.0,96725.0,2025-07-30 12:50:19.515503
2025-07-30,87384,2025073001016092,MBL,Sharepro Securities Private Limited,Online Securities Pvt. Ltd.,88,265.0,23320.0,2025-07-30 12:50:19.515753
2025-07-30,87105,2025073001016168,MBL,Sharepro Securities Private Limited,Asian Securities Private Ltd.,47,265.0,12455.0,2025-07-30 12:51:02.122207
2025-07-30,87104,2025073001016169,MBL,S.P.S.A. Securities Limited,Asian Securities Private Ltd.,653,265.0,173045.0,2025-07-30 12:51:02.122421
2025-07-30,86751,2025073001016275,MBL,Sundhara Securities Limited,Asian Securities Private Ltd.,1000,265.1,265100.0,2025-07-30 12:51:51.105108
2025-07-30,86065,2025073001016458,MBL,Naasa Securities Co. Ltd.,Asian Securities Private Ltd.,10,266.0,2660.0,2025-07-30 12:53:15.174474
2025-07-30,85952,2025073001016476,MBL,S.P.S.A. Securities Limited,Asian Securities Private Ltd.,97,266.0,25802.0,2025-07-30 12:53:26.742830
2025-07-30,85614,2025073001016558,MBL,Sani Securities Company Ltd.,Asian Securities Private Ltd.,1000,265.1,265100.0,2025-07-30 12:54:11.665608
2025-07-30,84741,2025073001016794,MBL,Sani Securities Company Ltd.,Asian Securities Private Ltd.,13,266.0,3458.0,2025-07-30 12:55:48.612548
2025-07-30,81545,2025073001017599,MBL,Naasa Securities Co. Ltd.,Asian Securities Private Ltd.,110,264.7,29117.0,2025-07-30 13:00:41.568441
2025-07-30,81544,2025073001017600,MBL,Asian Securities Private Ltd.,Asian Securities Private Ltd.,50,264.6,13230.0,2025-07-30 13:00:41.568675
2025-07-30,81543,2025073001017601,MBL,Creative Securities Pvt Ltd,Asian Securities Private Ltd.,100,264.6,26460.0,2025-07-30 13:00:41.568760
2025-07-30,81542,2025073001017602,MBL,Kohinoor Investment & Securities Pvt. Ltd.,Asian Securities Private Ltd.,1000,264.5,264500.0,2025-07-30 13:00:41.568850
2025-07-30,81541,2025073001017603,MBL,Capital Hub P. Ltd,Asian Securities Private Ltd.,1880,264.1,496508.0,2025-07-30 13:00:41.568930
2025-07-30,81540,2025073001017604,MBL,Creative Securities Pvt Ltd,Asian Securities Private Ltd.,500,264.0,132000.0,2025-07-30 13:00:41.569009
2025-07-30,81539,2025073001017605,MBL,Primo Securities (PVT) Ltd.,Asian Securities Private Ltd.,290,264.0,76560.0,2025-07-30 13:00:41.569117
2025-07-30,81538,2025073001017606,MBL,Linch Stock Market Ltd.,Asian Securities Private Ltd.,70,264.0,18480.0,2025-07-30 13:00:41.569200
2025-07-30,79580,2025073001018103,MBL,Vision Securities Pvt. Ltd,Naasa Securities Co. Ltd.,220,264.0,58080.0,2025-07-30 13:02:57.487536
2025-07-30,79579,2025073001018104,MBL,Vision Securities Pvt. Ltd,Sani Securities Company Ltd.,1100,264.0,290400.0,2025-07-30 13:02:57.487985
2025-07-30,79438,2025073001018128,MBL,Himalayan Securities Limited,Naasa Securities Co. Ltd.,10,265.0,2650.0,2025-07-30 13:03:06.313304
2025-07-30,78257,2025073001018413,MBL,Vision Securities Pvt. Ltd,Vision Securities Pvt. Ltd,231,264.0,60984.0,2025-07-30 13:04:21.822291
2025-07-30,78013,2025073001018477,MBL,Vision Securities Pvt. Ltd,Opal Securities Investment (PVT) Ltd.,250,264.0,66000.0,2025-07-30 13:04:42.770373
2025-07-30,77877,2025073001018530,MBL,Vision Securities Pvt. Ltd,Asian Securities Private Ltd.,120,264.0,31680.0,2025-07-30 13:04:56.551074
2025-07-30,77300,2025073001018651,MBL,Vision Securities Pvt. Ltd,Asian Securities Private Ltd.,60,264.0,15840.0,2025-07-30 13:05:39.424380
2025-07-30,73677,2025073001019613,MBL,Vision Securities Pvt. Ltd,Dipshikha Dhitopatra Karobar Co. Pvt Ltd.,19,264.0,5016.0,2025-07-30 13:10:01.416564
2025-07-30,73676,2025073001019614,MBL,Dipshikha Dhitopatra Karobar Co. Pvt Ltd.,Dipshikha Dhitopatra Karobar Co. Pvt Ltd.,100,264.0,26400.0,2025-07-30 13:10:01.416801
2025-07-30,73675,2025073001019615,MBL,Creative Securities Pvt Ltd,Dipshikha Dhitopatra Karobar Co. Pvt Ltd.,100,263.8,26380.0,2025-07-30 13:10:01.416893
2025-07-30,73674,2025073001019616,MBL,Sharepro Securities Private Limited,Dipshikha Dhitopatra Karobar Co. Pvt Ltd.,791,263.8,208665.8,2025-07-30 13:10:01.416976
2025-07-30,72995,2025073001019779,MBL,Sharepro Securities Private Limited,Opal Securities Investment (PVT) Ltd.,169,263.8,44582.2,2025-07-30 13:10:55.531143
2025-07-30,72764,2025073001019859,MBL,Sharepro Securities Private Limited,Asian Securities Private Ltd.,4040,263.8,1065752.0,2025-07-30 13:11:20.133320
2025-07-30,72763,2025073001019860,MBL,Opal Securities Investment (PVT) Ltd.,Asian Securities Private Ltd.,2500,263.7,659250.0,2025-07-30 13:11:20.133574
2025-07-30,72762,2025073001019861,MBL,Sani Securities Company Ltd.,Asian Securities Private Ltd.,1000,263.7,263700.0,2025-07-30 13:11:20.133657
2025-07-30,72761,2025073001019862,MBL,Opal Securities Investment (PVT) Ltd.,Asian Securities Private Ltd.,1500,263.0,394500.0,2025-07-30 13:11:20.133743
2025-07-30,72760,2025073001019863,MBL,Opal Securities Investment (PVT) Ltd.,Asian Securities Private Ltd.,2500,263.0,657500.0,2025-07-30 13:11:20.133858
2025-07-30,72759,2025073001019864,MBL,Malla & Malla Stock Broking Company Pvt. Limited,Asian Securities Private Ltd.,100,263.0,26300.0,2025-07-30 13:11:20.133948
2025-07-30,72758,2025073001019865,MBL,Capital Hub P. Ltd,Asian Securities Private Ltd.,360,263.0,94680.0,2025-07-30 13:11:20.134048
2025-07-30,71996,2025073001020059,MBL,Capital Hub P. Ltd,Online Securities Pvt. Ltd.,200,263.0,52600.0,2025-07-30 13:12:24.504644
2025-07-30,71899,2025073001020085,MBL,Capital Hub P. Ltd,Sundhara Securities Limited,440,263.0,115720.0,2025-07-30 13:12:32.949218
2025-07-30,71898,2025073001020086,MBL,Premier Securities Company Ltd.,Sundhara Securities Limited,60,263.0,15780.0,2025-07-30 13:12:32.949440
2025-07-30,71841,2025073001020101,MBL,Premier Securities Company Ltd.,Opal Securities Investment (PVT) Ltd.,106,263.0,27878.0,2025-07-30 13:12:36.407827
2025-07-30,70426,2025073001020508,MBL,Premier Securities Company Ltd.,Shree Krishna Securities Ltd.,34,263.0,8942.0,2025-07-30 13:15:00.679466
2025-07-30,70425,2025073001020509,MBL,Sundhara Securities Limited,Shree Krishna Securities Ltd.,50,263.0,13150.0,2025-07-30 13:15:00.679787
2025-07-30,70424,2025073001020510,MBL,Sumeru Securities Pvt. Ltd.,Shree Krishna Securities Ltd.,416,263.0,109408.0,2025-07-30 13:15:00.679918
2025-07-30,70051,2025073001020574,MBL,Kohinoor Investment & Securities Pvt. Ltd.,South Asian Bulls Pvt. Ltd.,50,263.0,13150.0,2025-07-30 13:15:36.973841
2025-07-30,70050,2025073001020575,MBL,Online Securities Pvt. Ltd.,South Asian Bulls Pvt. Ltd.,350,263.0,92050.0,2025-07-30 13:15:36.974074
2025-07-30,68361,2025073001020933,MBL,Online Securities Pvt. Ltd.,Naasa Securities Co. Ltd.,150,263.0,39450.0,2025-07-30 13:18:06.366229
2025-07-30,67943,2025073001021050,MBL,Dipshikha Dhitopatra Karobar Co. Pvt Ltd.,Sharepro Securities Private Limited,100,263.0,26300.0,2025-07-30 13:18:52.560711
2025-07-30,67942,2025073001021051,MBL,Thrive Brokerage House Pvt. Ltd,Sharepro Securities Private Limited,200,262.6,52520.0,2025-07-30 13:18:52.560927
2025-07-30,66920,2025073001021320,MBL,Asian Securities Private Ltd.,Sri Hari Securities Pvt. Ltd.,50,262.6,13130.0,2025-07-30 13:20:50.606931
2025-07-30,66541,2025073001021404,MBL,Creative Securities Pvt Ltd,Sri Hari Securities Pvt. Ltd.,500,262.6,131300.0,2025-07-30 13:21:42.412020
2025-07-30,66386,2025073001021466,MBL,Dynamic Money Managers Securities Pvt. Ltd.,Sri Hari Securities Pvt. Ltd.,450,262.6,118170.0,2025-07-30 13:22:07.770799
2025-07-30,65861,2025073001021598,MBL,Trishakti Securities Public Limited,Trisul Securities & Invt. Ltd.,15,263.0,3945.0,2025-07-30 13:23:22.389540
2025-07-30,65471,2025073001021664,MBL,Siprabi Securities Pvt. Ltd.,Kohinoor Investment & Securities Pvt. Ltd.,100,262.5,26250.0,2025-07-30 13:24:09.673584
2025-07-30,65470,2025073001021665,MBL,Online Securities Pvt. Ltd.,Kohinoor Investment & Securities Pvt. Ltd.,400,262.5,105000.0,2025-07-30 13:24:09.673790
2025-07-30,65349,2025073001021693,MBL,Midas Stock Broking Company Private Limited,Vision Securities Pvt. Ltd,200,262.9,52580.0,2025-07-30 13:24:22.512307
2025-07-30,65348,2025073001021694,MBL,Midas Stock Broking Company Private Limited,Trisul Securities & Invt. Ltd.,485,263.0,127555.0,2025-07-30 13:24:22.512538
2025-07-30,65117,2025073001021763,MBL,Midas Stock Broking Company Private Limited,Sani Securities Company Ltd.,100,263.0,26300.0,2025-07-30 13:24:51.218657
2025-07-30,65038,2025073001021783,MBL,Imperial Securities Company Pvt. Ltd.,Siprabi Securities Pvt. Ltd.,20,264.5,5290.0,2025-07-30 13:25:02.100041
2025-07-30,64103,2025073001022030,MBL,Midas Stock Broking Company Private Limited,Vision Securities Pvt. Ltd,67,263.0,17621.0,2025-07-30 13:27:05.913149
2025-07-30,64102,2025073001022031,MBL,Imperial Securities Company Pvt. Ltd.,Vision Securities Pvt. Ltd,20,263.0,5260.0,2025-07-30 13:27:05.913383
2025-07-30,64101,2025073001022032,MBL,Premier Securities Company Ltd.,Vision Securities Pvt. Ltd,113,263.0,29719.0,2025-07-30 13:27:05.913471
2025-07-30,64019,2025073001022046,MBL,Premier Securities Company Ltd.,Siprabi Securities Pvt. Ltd.,87,263.0,22881.0,2025-07-30 13:27:12.074278
2025-07-30,63132,2025073001022250,MBL,Online Securities Pvt. Ltd.,Primo Securities (PVT) Ltd.,100,262.5,26250.0,2025-07-30 13:29:13.598158
2025-07-30,63131,2025073001022251,MBL,Linch Stock Market Ltd.,Primo Securities (PVT) Ltd.,930,262.5,244125.0,2025-07-30 13:29:13.598400
2025-07-30,63130,2025073001022252,MBL,Imperial Securities Company Pvt. Ltd.,Primo Securities (PVT) Ltd.,20,262.5,5250.0,2025-07-30 13:29:13.598498
2025-07-30,63129,2025073001022253,MBL,Thrive Brokerage House Pvt. Ltd,Primo Securities (PVT) Ltd.,800,262.4,209920.0,2025-07-30 13:29:13.598585
2025-07-30,63128,2025073001022254,MBL,Sri Hari Securities Pvt. Ltd.,Primo Securities (PVT) Ltd.,200,262.2,52440.0,2025-07-30 13:29:13.598673
2025-07-30,63127,2025073001022255,MBL,Online Securities Pvt. Ltd.,Primo Securities (PVT) Ltd.,500,262.1,131050.0,2025-07-30 13:29:13.598758
2025-07-30,63126,2025073001022256,MBL,Kumari Securities Private Limited,Primo Securities (PVT) Ltd.,200,262.0,52400.0,2025-07-30 13:29:13.598854
2025-07-30,63125,2025073001022257,MBL,Nagarik Stock Dealer ,Primo Securities (PVT) Ltd.,1500,262.0,393000.0,2025-07-30 13:29:13.598953
2025-07-30,63124,2025073001022258,MBL,Malla & Malla Stock Broking Company Pvt. Limited,Primo Securities (PVT) Ltd.,100,262.0,26200.0,2025-07-30 13:29:13.599044
2025-07-30,63123,2025073001022259,MBL,Capital Hub P. Ltd,Primo Securities (PVT) Ltd.,650,262.0,170300.0,2025-07-30 13:29:13.599134
2025-07-30,62224,2025073001022562,MBL,Capital Hub P. Ltd,Aryatara Investment & Securities,43,262.0,11266.0,2025-07-30 13:31:01.520867
2025-07-30,62172,2025073001022573,MBL,Capital Hub P. Ltd,Siprabi Securities Pvt. Ltd.,307,262.0,80434.0,2025-07-30 13:31:10.060644
2025-07-30,62171,2025073001022574,MBL,Deevyaa Securities & Stock House Pvt. Ltd,Siprabi Securities Pvt. Ltd.,10,262.0,2620.0,2025-07-30 13:31:10.060883
2025-07-30,62170,2025073001022575,MBL,Roadshow securities limited,Siprabi Securities Pvt. Ltd.,1000,262.0,262000.0,2025-07-30 13:31:10.060971
2025-07-30,62169,2025073001022576,MBL,Naasa Securities Co. Ltd.,Siprabi Securities Pvt. Ltd.,10,262.0,2620.0,2025-07-30 13:31:10.061066
2025-07-30,62168,2025073001022577,MBL,Deevyaa Securities & Stock House Pvt. Ltd,Siprabi Securities Pvt. Ltd.,15,262.0,3930.0,2025-07-30 13:31:10.061150
2025-07-30,62167,2025073001022578,MBL,Asian Securities Private Ltd.,Siprabi Securities Pvt. Ltd.,158,262.0,41396.0,2025-07-30 13:31:10.061236
2025-07-30,62018,2025073001022617,MBL,Asian Securities Private Ltd.,Sweta Securities Private Limited,142,262.0,37204.0,2025-07-30 13:31:29.620594
2025-07-30,62017,2025073001022618,MBL,Midas Stock Broking Company Private Limited,Sweta Securities Private Limited,500,261.3,130650.0,2025-07-30 13:31:29.620825
2025-07-30,62016,2025073001022619,MBL,Deevyaa Securities & Stock House Pvt. Ltd,Sweta Securities Private Limited,550,261.1,143605.0,2025-07-30 13:31:29.620914
2025-07-30,62015,2025073001022620,MBL,Oxford Securities Pvt. Ltd.,Sweta Securities Private Limited,108,261.0,28188.0,2025-07-30 13:31:29.620998
2025-07-30,62014,2025073001022621,MBL,Opal Securities Investment (PVT) Ltd.,Sweta Securities Private Limited,3000,261.0,783000.0,2025-07-30 13:31:29.621095
2025-07-30,62013,2025073001022622,MBL,Capital Hub P. Ltd,Sweta Securities Private Limited,1000,261.0,261000.0,2025-07-30 13:31:29.621178
2025-07-30,62012,2025073001022623,MBL,Dipshikha Dhitopatra Karobar Co. Pvt Ltd.,Sweta Securities Private Limited,1000,261.0,261000.0,2025-07-30 13:31:29.621261
2025-07-30,62011,2025073001022624,MBL,Online Securities Pvt. Ltd.,Sweta Securities Private Limited,500,261.0,130500.0,2025-07-30 13:31:29.621342
2025-07-30,62010,2025073001022625,MBL,Online Securities Pvt. Ltd.,Sweta Securities Private Limited,500,261.0,130500.0,2025-07-30 13:31:29.621424
2025-07-30,61103,2025073001022842,MBL,Primo Securities (PVT) Ltd.,Sweta Securities Private Limited,15,261.9,3928.5,2025-07-30 13:33:07.148006
2025-07-30,59956,2025073001023203,MBL,Online Securities Pvt. Ltd.,Capital Max Securities Ltd,500,261.0,130500.0,2025-07-30 13:35:04.739104
2025-07-30,59955,2025073001023204,MBL,Creative Securities Pvt Ltd,Capital Max Securities Ltd,500,261.0,130500.0,2025-07-30 13:35:04.739318
2025-07-30,59921,2025073001023212,MBL,Creative Securities Pvt Ltd,Sweta Securities Private Limited,1500,261.0,391500.0,2025-07-30 13:35:07.731163
2025-07-30,59546,2025073001023309,MBL,Online Securities Pvt. Ltd.,Nepal Stock House (PVT) Ltd.,68,260.9,17741.2,2025-07-30 13:35:46.375262
2025-07-30,59361,2025073001023361,MBL,Imperial Securities Company Pvt. Ltd.,Cristal Kanchanjanga Securites Pvt. Ltd.,500,260.8,130400.0,2025-07-30 13:36:09.428526
2025-07-30,59213,2025073001023402,MBL,Opal Securities Investment (PVT) Ltd.,Cristal Kanchanjanga Securites Pvt. Ltd.,600,260.8,156480.0,2025-07-30 13:36:26.919084
2025-07-30,59212,2025073001023403,MBL,Opal Securities Investment (PVT) Ltd.,Sweta Securities Private Limited,5400,261.0,1409400.0,2025-07-30 13:36:26.919306
2025-07-30,59022,2025073001023484,MBL,Sharepro Securities Private Limited,Sweta Securities Private Limited,1000,261.0,261000.0,2025-07-30 13:36:46.588550
2025-07-30,58990,2025073001023495,MBL,Online Securities Pvt. Ltd.,Sweta Securities Private Limited,14,261.0,3654.0,2025-07-30 13:36:51.533270
2025-07-30,58192,2025073001023780,MBL,Online Securities Pvt. Ltd.,Naasa Securities Co. Ltd.,486,261.0,126846.0,2025-07-30 13:38:11.952436
2025-07-30,58191,2025073001023781,MBL,Blue Chip Securities Ltd,Naasa Securities Co. Ltd.,694,261.0,181134.0,2025-07-30 13:38:11.952719
2025-07-30,57281,2025073001024032,MBL,Premier Securities Company Ltd.,Kumari Securities Private Limited,10,261.1,2611.0,2025-07-30 13:39:44.705127
2025-07-30,57280,2025073001024033,MBL,Blue Chip Securities Ltd,Kumari Securities Private Limited,306,261.0,79866.0,2025-07-30 13:39:44.705389
2025-07-30,57279,2025073001024034,MBL,Sani Securities Company Ltd.,Kumari Securities Private Limited,150,261.0,39150.0,2025-07-30 13:39:44.705482
2025-07-30,57278,2025073001024035,MBL,Kohinoor Investment & Securities Pvt. Ltd.,Kumari Securities Private Limited,422,261.0,110142.0,2025-07-30 13:39:44.705569
2025-07-30,56174,2025073001024306,MBL,Kohinoor Investment & Securities Pvt. Ltd.,Capital Max Securities Ltd,78,261.0,20358.0,2025-07-30 13:41:33.796319
2025-07-30,55856,2025073001024397,MBL,Sharepro Securities Private Limited,Capital Max Securities Ltd,1982,260.8,516905.6,2025-07-30 13:42:10.560202
2025-07-30,55325,2025073001024521,MBL,Sharepro Securities Private Limited,Primo Securities (PVT) Ltd.,3018,260.8,787094.4,2025-07-30 13:43:02.751883
2025-07-30,55324,2025073001024522,MBL,Asian Securities Private Ltd.,Primo Securities (PVT) Ltd.,100,260.7,26070.0,2025-07-30 13:43:02.752151
2025-07-30,55323,2025073001024523,MBL,Imperial Securities Company Pvt. Ltd.,Primo Securities (PVT) Ltd.,100,260.7,26070.0,2025-07-30 13:43:02.752253
2025-07-30,55322,2025073001024524,MBL,Online Securities Pvt. Ltd.,Primo Securities (PVT) Ltd.,130,260.5,33865.0,2025-07-30 13:43:02.752345
2025-07-30,55321,2025073001024525,MBL,Sweta Securities Private Limited,Primo Securities (PVT) Ltd.,500,260.2,130100.0,2025-07-30 13:43:02.752435
2025-07-30,55320,2025073001024526,MBL,Sani Securities Company Ltd.,Primo Securities (PVT) Ltd.,152,260.2,39550.4,2025-07-30 13:43:02.752524
2025-07-30,54873,2025073001024649,MBL,Sweta Securities Private Limited,Primo Securities (PVT) Ltd.,100,260.3,26030.0,2025-07-30 13:43:49.519409
2025-07-30,54872,2025073001024650,MBL,Sani Securities Company Ltd.,Primo Securities (PVT) Ltd.,148,260.2,38509.6,2025-07-30 13:43:49.519644
2025-07-30,54871,2025073001024651,MBL,Cristal Kanchanjanga Securites Pvt. Ltd.,Primo Securities (PVT) Ltd.,2000,260.2,520400.0,2025-07-30 13:43:49.519747
2025-07-30,54870,2025073001024652,MBL,Sweta Securities Private Limited,Primo Securities (PVT) Ltd.,500,260.1,130050.0,2025-07-30 13:43:49.519831
2025-07-30,54869,2025073001024653,MBL,Arun Securities (PVT) Ltd.,Primo Securities (PVT) Ltd.,380,260.1,98838.0,2025-07-30 13:43:49.519923
2025-07-30,53822,2025073001024883,MBL,Online Securities Pvt. Ltd.,Sani Securities Company Ltd.,10,262.0,2620.0,2025-07-30 13:45:37.785445
2025-07-30,52946,2025073001025089,MBL,Midas Stock Broking Company Private Limited,Neev Securities Pvt. Ltd.,2,257.4,514.8,2025-07-30 13:47:06.227747
2025-07-30,51802,2025073001025349,MBL,Sewa Securities Pvt. Ltd.,Aryatara Investment & Securities,60,262.0,15720.0,2025-07-30 13:49:33.903703
2025-07-30,51801,2025073001025350,MBL,Sewa Securities Pvt. Ltd.,Premier Securities Company Ltd.,40,262.0,10480.0,2025-07-30 13:49:33.904193
2025-07-30,51790,2025073001025357,MBL,Dipshikha Dhitopatra Karobar Co. Pvt Ltd.,Premier Securities Company Ltd.,360,262.0,94320.0,2025-07-30 13:49:38.062435
2025-07-30,51399,2025073001025439,MBL,Dipshikha Dhitopatra Karobar Co. Pvt Ltd.,Siprabi Securities Pvt. Ltd.,40,262.0,10480.0,2025-07-30 13:50:38.528524
2025-07-30,51331,2025073001025450,MBL,Sharepro Securities Private Limited,Sumeru Securities Pvt. Ltd.,1,257.0,257.0,2025-07-30 13:50:49.617636
2025-07-30,51196,2025073001025470,MBL,Online Securities Pvt. Ltd.,Siprabi Securities Pvt. Ltd.,60,262.0,15720.0,2025-07-30 13:51:06.790180
2025-07-30,51195,2025073001025471,MBL,Online Securities Pvt. Ltd.,Kumari Securities Private Limited,440,262.0,115280.0,2025-07-30 13:51:06.790421
2025-07-30,50529,2025073001025641,MBL,Siprabi Securities Pvt. Ltd.,Naasa Securities Co. Ltd.,37,261.5,9675.5,2025-07-30 13:52:53.458142
2025-07-30,50443,2025073001025683,MBL,Creative Securities Pvt Ltd,Kumari Securities Private Limited,360,262.0,94320.0,2025-07-30 13:53:11.922581
2025-07-30,50442,2025073001025684,MBL,Creative Securities Pvt Ltd,Sweta Securities Private Limited,125,262.0,32750.0,2025-07-30 13:53:11.922829
2025-07-30,50368,2025073001025713,MBL,Kumari Securities Private Limited,Siprabi Securities Pvt. Ltd.,50,262.9,13145.0,2025-07-30 13:53:24.074480
2025-07-30,50173,2025073001025762,MBL,Creative Securities Pvt Ltd,SHUBHAKAMANA SECURITIES PVT. LTD,15,262.0,3930.0,2025-07-30 13:53:44.116187
2025-07-30,50172,2025073001025763,MBL,Primo Securities (PVT) Ltd.,SHUBHAKAMANA SECURITIES PVT. LTD,85,261.3,22210.5,2025-07-30 13:53:44.116257
2025-07-30,48834,2025073001026156,MBL,Malla & Malla Stock Broking Company Pvt. Limited,Market Securities & Exchange (PVT) Ltd.,100,262.0,26200.0,2025-07-30 13:56:35.781841
2025-07-30,48520,2025073001026269,MBL,Primo Securities (PVT) Ltd.,Siprabi Securities Pvt. Ltd.,415,261.3,108439.5,2025-07-30 13:57:21.831461
2025-07-30,48519,2025073001026270,MBL,Sani Securities Company Ltd.,Siprabi Securities Pvt. Ltd.,200,261.3,52260.0,2025-07-30 13:57:21.831726
2025-07-30,48518,2025073001026271,MBL,Dipshikha Dhitopatra Karobar Co. Pvt Ltd.,Siprabi Securities Pvt. Ltd.,500,261.2,130600.0,2025-07-30 13:57:21.831822
2025-07-30,48517,2025073001026272,MBL,Sharepro Securities Private Limited,Siprabi Securities Pvt. Ltd.,1000,261.1,261100.0,2025-07-30 13:57:21.831920
2025-07-30,48516,2025073001026273,MBL,Opal Securities Investment (PVT) Ltd.,Siprabi Securities Pvt. Ltd.,2000,261.1,522200.0,2025-07-30 13:57:21.832015
2025-07-30,48515,2025073001026274,MBL,Vision Securities Pvt. Ltd,Siprabi Securities Pvt. Ltd.,30,261.0,7830.0,2025-07-30 13:57:21.832117
2025-07-30,48514,2025073001026275,MBL,Sweta Securities Private Limited,Siprabi Securities Pvt. Ltd.,855,261.0,223155.0,2025-07-30 13:57:21.832210
2025-07-30,47711,2025073001026484,MBL,Sweta Securities Private Limited,ABC Securities Private Limited,145,261.0,37845.0,2025-07-30 13:59:06.888586
2025-07-30,47710,2025073001026485,MBL,Sundhara Securities Limited,ABC Securities Private Limited,840,261.0,219240.0,2025-07-30 13:59:06.888830
2025-07-30,47637,2025073001026501,MBL,Sharepro Securities Private Limited,Primo Securities (PVT) Ltd.,500,261.3,130650.0,2025-07-30 13:59:21.695713
2025-07-30,46472,2025073001026801,MBL,South Asian Bulls Pvt. Ltd.,Aryatara Investment & Securities,120,261.3,31356.0,2025-07-30 14:02:08.308011
2025-07-30,46471,2025073001026802,MBL,Linch Stock Market Ltd.,Aryatara Investment & Securities,1380,261.1,360318.0,2025-07-30 14:02:08.308309
2025-07-30,46390,2025073001026816,MBL,Linch Stock Market Ltd.,Aryatara Investment & Securities,620,261.1,161882.0,2025-07-30 14:02:23.389198
2025-07-30,46389,2025073001026817,MBL,Sundhara Securities Limited,Aryatara Investment & Securities,880,261.0,229680.0,2025-07-30 14:02:23.389660
2025-07-30,46305,2025073001026855,MBL,Sundhara Securities Limited,Aryatara Investment & Securities,1500,261.0,391500.0,2025-07-30 14:02:37.254759
2025-07-30,46097,2025073001026894,MBL,Opal Securities Investment (PVT) Ltd.,SHUBHAKAMANA SECURITIES PVT. LTD,100,261.1,26110.0,2025-07-30 14:03:09.411242
2025-07-30,44636,2025073001027268,MBL,Nagarik Stock Dealer ,Oxford Securities Pvt. Ltd.,4100,261.2,1070920.0,2025-07-30 14:06:44.018488
2025-07-30,43361,2025073001027547,MBL,Capital Max Securities Ltd,Sani Securities Company Ltd.,10,262.0,2620.0,2025-07-30 14:09:49.558952
2025-07-30,43308,2025073001027557,MBL,Vision Securities Pvt. Ltd,J.F. Securites (PVT) Ltd.,10,261.5,2615.0,2025-07-30 14:09:57.269270
2025-07-30,43295,2025073001027565,MBL,Capital Max Securities Ltd,Sani Securities Company Ltd.,130,262.0,34060.0,2025-07-30 14:09:59.986720
2025-07-30,43293,2025073001027567,MBL,Vision Securities Pvt. Ltd,Sharepro Securities Private Limited,1390,261.5,363485.0,2025-07-30 14:10:00.276415
2025-07-30,43292,2025073001027568,MBL,Nepal Stock House (PVT) Ltd.,Sharepro Securities Private Limited,20,261.5,5230.0,2025-07-30 14:10:00.276918
2025-07-30,42952,2025073001027681,MBL,Nagarik Stock Dealer ,Oxford Securities Pvt. Ltd.,500,261.2,130600.0,2025-07-30 14:10:47.695051
2025-07-30,42595,2025073001027766,MBL,Trishakti Securities Public Limited,Sharepro Securities Private Limited,590,261.5,154285.0,2025-07-30 14:11:32.239678
2025-07-30,41719,2025073001027958,MBL,Trishakti Securities Public Limited,Dakshinkali Investment & Securities Pvt. Ltd.,410,261.5,107215.0,2025-07-30 14:13:31.173528
2025-07-30,41718,2025073001027959,MBL,Opal Securities Investment (PVT) Ltd.,Dakshinkali Investment & Securities Pvt. Ltd.,590,261.5,154285.0,2025-07-30 14:13:31.173835
2025-07-30,40594,2025073001028282,MBL,Opal Securities Investment (PVT) Ltd.,Sani Securities Company Ltd.,60,262.0,15720.0,2025-07-30 14:16:25.740626
2025-07-30,40593,2025073001028283,MBL,Opal Securities Investment (PVT) Ltd.,Online Securities Pvt. Ltd.,1000,262.0,262000.0,2025-07-30 14:16:25.740907
2025-07-30,40592,2025073001028284,MBL,Opal Securities Investment (PVT) Ltd.,Midas Stock Broking Company Private Limited,150,262.0,39300.0,2025-07-30 14:16:25.741007
2025-07-30,40591,2025073001028285,MBL,Opal Securities Investment (PVT) Ltd.,Capital Max Securities Ltd,500,262.0,131000.0,2025-07-30 14:16:25.741110
2025-07-30,40590,2025073001028286,MBL,Opal Securities Investment (PVT) Ltd.,Dakshinkali Investment & Securities Pvt. Ltd.,990,262.0,259380.0,2025-07-30 14:16:25.741233
2025-07-30,39005,2025073001028751,MBL,J.F. Securites (PVT) Ltd.,Linch Stock Market Ltd.,47,262.8,12351.6,2025-07-30 14:20:14.693676
2025-07-30,39004,2025073001028752,MBL,J.F. Securites (PVT) Ltd.,Dakshinkali Investment & Securities Pvt. Ltd.,10,262.8,2628.0,2025-07-30 14:20:14.693958
2025-07-30,36310,2025073001029445,MBL,Nagarik Stock Dealer ,Dakshinkali Investment & Securities Pvt. Ltd.,400,261.9,104760.0,2025-07-30 14:24:49.557341
2025-07-30,35871,2025073001029550,MBL,South Asian Bulls Pvt. Ltd.,Sundhara Securities Limited,40,261.7,10468.0,2025-07-30 14:25:43.783558
2025-07-30,35870,2025073001029551,MBL,Creative Securities Pvt Ltd,Sundhara Securities Limited,100,261.7,26170.0,2025-07-30 14:25:43.784077
2025-07-30,35869,2025073001029552,MBL,Opal Securities Investment (PVT) Ltd.,Sundhara Securities Limited,860,261.5,224890.0,2025-07-30 14:25:43.784386
2025-07-30,35807,2025073001029585,MBL,Opal Securities Investment (PVT) Ltd.,Sundhara Securities Limited,500,261.5,130750.0,2025-07-30 14:25:52.429131
2025-07-30,34771,2025073001029855,MBL,Opal Securities Investment (PVT) Ltd.,Kalika Securities Pvt. Ltd.,300,261.5,78450.0,2025-07-30 14:28:10.405324
2025-07-30,33150,2025073001030242,MBL,Kohinoor Investment & Securities Pvt. Ltd.,Dakshinkali Investment & Securities Pvt. Ltd.,10,262.7,2627.0,2025-07-30 14:31:32.544136
2025-07-30,33114,2025073001030253,MBL,Opal Securities Investment (PVT) Ltd.,Investment Management Nepal Pvt. Ltd.,250,261.5,65375.0,2025-07-30 14:31:39.177571
2025-07-30,33113,2025073001030254,MBL,Sweta Securities Private Limited,Investment Management Nepal Pvt. Ltd.,500,261.5,130750.0,2025-07-30 14:31:39.178060
2025-07-30,33112,2025073001030255,MBL,Sundhara Securities Limited,Investment Management Nepal Pvt. Ltd.,4250,261.3,1110525.0,2025-07-30 14:31:39.178372
2025-07-30,32348,2025073001030481,MBL,Sundhara Securities Limited,Market Securities & Exchange (PVT) Ltd.,200,261.3,52260.0,2025-07-30 14:32:55.228085
2025-07-30,29583,2025073001031213,MBL,Sundhara Securities Limited,Imperial Securities Company Pvt. Ltd.,2330,261.3,608829.0,2025-07-30 14:37:20.993512
2025-07-30,29582,2025073001031214,MBL,Nepal Investment And Securities Trading Private Limited,Imperial Securities Company Pvt. Ltd.,500,261.3,130650.0,2025-07-30 14:37:20.993777
2025-07-30,29581,2025073001031215,MBL,Opal Securities Investment (PVT) Ltd.,Imperial Securities Company Pvt. Ltd.,670,261.1,174937.0,2025-07-30 14:37:20.993959
2025-07-30,28631,2025073001031465,MBL,Imperial Securities Company Pvt. Ltd.,Dakshinkali Investment & Securities Pvt. Ltd.,100,262.0,26200.0,2025-07-30 14:38:35.555402
2025-07-30,28056,2025073001031619,MBL,Kohinoor Investment & Securities Pvt. Ltd.,Dakshinkali Investment & Securities Pvt. Ltd.,100,262.0,26200.0,2025-07-30 14:39:10.214536
2025-07-30,27136,2025073001031786,MBL,Agrawal Securities (PVT) Ltd.,Kumari Securities Private Limited,115,261.2,30038.0,2025-07-30 14:40:06.818143
2025-07-30,27135,2025073001031787,MBL,Opal Securities Investment (PVT) Ltd.,Kumari Securities Private Limited,1230,261.1,321153.0,2025-07-30 14:40:06.818408
2025-07-30,27134,2025073001031788,MBL,Linch Stock Market Ltd.,Kumari Securities Private Limited,50,261.0,13050.0,2025-07-30 14:40:06.818514
2025-07-30,27133,2025073001031789,MBL,Linch Stock Market Ltd.,Kumari Securities Private Limited,50,261.0,13050.0,2025-07-30 14:40:06.818610
2025-07-30,27132,2025073001031790,MBL,Malla & Malla Stock Broking Company Pvt. Limited,Kumari Securities Private Limited,100,261.0,26100.0,2025-07-30 14:40:06.818719
2025-07-30,27131,2025073001031791,MBL,Sumeru Securities Pvt. Ltd.,Kumari Securities Private Limited,84,261.0,21924.0,2025-07-30 14:40:06.818815
2025-07-30,27130,2025073001031792,MBL,Asian Securities Private Ltd.,Kumari Securities Private Limited,300,261.0,78300.0,2025-07-30 14:40:06.818911
2025-07-30,27129,2025073001031793,MBL,Bhrikuti Stock Broking Co. Pvt. Ltd.,Kumari Securities Private Limited,1000,261.0,261000.0,2025-07-30 14:40:06.819005
2025-07-30,26528,2025073001031918,MBL,Dynamic Money Managers Securities Pvt. Ltd.,Kumari Securities Private Limited,100,260.9,26090.0,2025-07-30 14:40:41.422707
2025-07-30,26312,2025073001031963,MBL,Dynamic Money Managers Securities Pvt. Ltd.,Dakshinkali Investment & Securities Pvt. Ltd.,400,260.9,104360.0,2025-07-30 14:40:54.227099
2025-07-30,25911,2025073001032059,MBL,Sharepro Securities Private Limited,Dakshinkali Investment & Securities Pvt. Ltd.,1190,260.8,310352.0,2025-07-30 14:41:17.283621
2025-07-30,25723,2025073001032092,MBL,Sharepro Securities Private Limited,Kumari Securities Private Limited,2071,260.8,540116.8,2025-07-30 14:41:25.509663
2025-07-30,25468,2025073001032131,MBL,Sharepro Securities Private Limited,Asian Securities Private Ltd.,500,260.8,130400.0,2025-07-30 14:41:38.366505
2025-07-30,25088,2025073001032205,MBL,Nagarik Stock Dealer ,Nepal Stock House (PVT) Ltd.,400,260.9,104360.0,2025-07-30 14:42:00.541177
2025-07-30,25011,2025073001032228,MBL,Sharepro Securities Private Limited,Trisul Securities & Invt. Ltd.,100,260.8,26080.0,2025-07-30 14:42:04.349030
2025-07-30,24842,2025073001032253,MBL,Sharepro Securities Private Limited,Naasa Securities Co. Ltd.,10,260.8,2608.0,2025-07-30 14:42:13.552849
2025-07-30,23436,2025073001032644,MBL,Sharepro Securities Private Limited,Online Securities Pvt. Ltd.,195,260.8,50856.0,2025-07-30 14:43:38.628462
2025-07-30,22770,2025073001032878,MBL,Sharepro Securities Private Limited,Vision Securities Pvt. Ltd,576,260.8,150220.8,2025-07-30 14:44:17.523064
2025-07-30,22194,2025073001032988,MBL,Sharepro Securities Private Limited,Trisul Securities & Invt. Ltd.,358,260.8,93366.4,2025-07-30 14:44:40.346149
2025-07-30,21730,2025073001033184,MBL,South Asian Bulls Pvt. Ltd.,Property Wiard Limited,500,260.6,130300.0,2025-07-30 14:45:07.101303
2025-07-30,21729,2025073001033185,MBL,Naasa Securities Co. Ltd.,Property Wiard Limited,500,260.5,130250.0,2025-07-30 14:45:07.101549
2025-07-30,21491,2025073001033266,MBL,Naasa Securities Co. Ltd.,Primo Securities (PVT) Ltd.,1000,260.5,260500.0,2025-07-30 14:45:20.739226
2025-07-30,21449,2025073001033271,MBL,Naasa Securities Co. Ltd.,Sumeru Securities Pvt. Ltd.,500,260.5,130250.0,2025-07-30 14:45:23.177789
2025-07-30,21011,2025073001033425,MBL,Sumeru Securities Pvt. Ltd.,Vision Securities Pvt. Ltd,300,260.6,78180.0,2025-07-30 14:45:58.318480
2025-07-30,19381,2025073001033879,MBL,Kohinoor Investment & Securities Pvt. Ltd.,Cristal Kanchanjanga Securites Pvt. Ltd.,10,260.5,2605.0,2025-07-30 14:47:54.650142
2025-07-30,19380,2025073001033880,MBL,Kumari Securities Private Limited,Cristal Kanchanjanga Securites Pvt. Ltd.,490,260.5,127645.0,2025-07-30 14:47:54.650465
2025-07-30,19355,2025073001033885,MBL,Kumari Securities Private Limited,Oxford Securities Pvt. Ltd.,10,260.5,2605.0,2025-07-30 14:47:56.105506
2025-07-30,17935,2025073001034297,MBL,Trishakti Securities Public Limited,Capital Max Securities Ltd,10,260.4,2604.0,2025-07-30 14:49:28.826373
2025-07-30,17934,2025073001034298,MBL,Linch Stock Market Ltd.,Capital Max Securities Ltd,990,260.4,257796.0,2025-07-30 14:49:28.826612
2025-07-30,17883,2025073001034316,MBL,Linch Stock Market Ltd.,Nepal Investment And Securities Trading Private Limited,10,260.4,2604.0,2025-07-30 14:49:32.880707
2025-07-30,17841,2025073001034320,MBL,Naasa Securities Co. Ltd.,Naasa Securities Co. Ltd.,300,260.3,78090.0,2025-07-30 14:49:35.100520
2025-07-30,16648,2025073001034590,MBL,Naasa Securities Co. Ltd.,Imperial Securities Company Pvt. Ltd.,530,260.3,137959.0,2025-07-30 14:50:42.936822
2025-07-30,16449,2025073001034659,MBL,Naasa Securities Co. Ltd.,Oxford Securities Pvt. Ltd.,170,260.3,44251.0,2025-07-30 14:50:53.418812
2025-07-30,16448,2025073001034660,MBL,Arun Securities (PVT) Ltd.,Oxford Securities Pvt. Ltd.,120,260.1,31212.0,2025-07-30 14:50:53.418865
2025-07-30,16447,2025073001034661,MBL,Kohinoor Investment & Securities Pvt. Ltd.,Oxford Securities Pvt. Ltd.,800,260.1,208080.0,2025-07-30 14:50:53.418896
2025-07-30,16446,2025073001034662,MBL,Sani Securities Company Ltd.,Oxford Securities Pvt. Ltd.,200,260.1,52020.0,2025-07-30 14:50:53.418921
2025-07-30,16445,2025073001034663,MBL,Imperial Securities Company Pvt. Ltd.,Oxford Securities Pvt. Ltd.,710,260.0,184600.0,2025-07-30 14:50:53.418948
2025-07-30,16209,2025073001034736,MBL,Imperial Securities Company Pvt. Ltd.,Imperial Securities Company Pvt. Ltd.,88,260.0,22880.0,2025-07-30 14:51:01.194677
2025-07-30,16176,2025073001034745,MBL,Imperial Securities Company Pvt. Ltd.,Sharepro Securities Private Limited,4202,260.0,1092520.0,2025-07-30 14:51:03.100633
2025-07-30,16175,2025073001034746,MBL,Malla & Malla Stock Broking Company Pvt. Limited,Sharepro Securities Private Limited,200,260.0,52000.0,2025-07-30 14:51:03.100871
2025-07-30,16174,2025073001034747,MBL,Aryatara Investment & Securities,Sharepro Securities Private Limited,200,260.0,52000.0,2025-07-30 14:51:03.100966
2025-07-30,16173,2025073001034748,MBL,Siprabi Securities Pvt. Ltd.,Sharepro Securities Private Limited,100,260.0,26000.0,2025-07-30 14:51:03.101077
2025-07-30,16172,2025073001034749,MBL,Sajilo Broker Limited,Sharepro Securities Private Limited,500,260.0,130000.0,2025-07-30 14:51:03.101179
2025-07-30,16171,2025073001034750,MBL,Malla & Malla Stock Broking Company Pvt. Limited,Sharepro Securities Private Limited,100,260.0,26000.0,2025-07-30 14:51:03.101273
2025-07-30,16170,2025073001034751,MBL,Shree Krishna Securities Ltd.,Sharepro Securities Private Limited,200,260.0,52000.0,2025-07-30 14:51:03.101369
2025-07-30,16169,2025073001034752,MBL,Malla & Malla Stock Broking Company Pvt. Limited,Sharepro Securities Private Limited,333,260.0,86580.0,2025-07-30 14:51:03.101492
2025-07-30,16137,2025073001034756,MBL,Malla & Malla Stock Broking Company Pvt. Limited,Market Securities & Exchange (PVT) Ltd.,100,260.0,26000.0,2025-07-30 14:51:05.810153
2025-07-30,15944,2025073001034803,MBL,Malla & Malla Stock Broking Company Pvt. Limited,Sani Securities Company Ltd.,67,260.0,17420.0,2025-07-30 14:51:14.022885
2025-07-30,15943,2025073001034804,MBL,Thrive Brokerage House Pvt. Ltd,Sani Securities Company Ltd.,145,260.0,37700.0,2025-07-30 14:51:14.023131
2025-07-30,15862,2025073001034832,MBL,Thrive Brokerage House Pvt. Ltd,Sumeru Securities Pvt. Ltd.,800,260.0,208000.0,2025-07-30 14:51:15.653412
2025-07-30,15692,2025073001034894,MBL,Thrive Brokerage House Pvt. Ltd,Investment Management Nepal Pvt. Ltd.,55,260.0,14300.0,2025-07-30 14:51:26.012382
2025-07-30,15691,2025073001034895,MBL,Sri Hari Securities Pvt. Ltd.,Investment Management Nepal Pvt. Ltd.,45,260.0,11700.0,2025-07-30 14:51:26.012617
2025-07-30,15052,2025073001035053,MBL,Sri Hari Securities Pvt. Ltd.,Trishakti Securities Public Limited,155,260.0,40300.0,2025-07-30 14:51:54.993004
2025-07-30,15051,2025073001035054,MBL,Sri Hari Securities Pvt. Ltd.,Trishakti Securities Public Limited,300,260.0,78000.0,2025-07-30 14:51:54.993265
2025-07-30,15050,2025073001035055,MBL,Siprabi Securities Pvt. Ltd.,Trishakti Securities Public Limited,60,260.0,15600.0,2025-07-30 14:51:54.993364
2025-07-30,14249,2025073001035240,MBL,Siprabi Securities Pvt. Ltd.,Trishakti Securities Public Limited,10,260.0,2600.0,2025-07-30 14:52:25.163005
2025-07-30,14203,2025073001035253,MBL,Siprabi Securities Pvt. Ltd.,Dakshinkali Investment & Securities Pvt. Ltd.,65,260.0,16900.0,2025-07-30 14:52:26.968519
2025-07-30,14202,2025073001035254,MBL,Sumeru Securities Pvt. Ltd.,Dakshinkali Investment & Securities Pvt. Ltd.,500,260.0,130000.0,2025-07-30 14:52:26.968736
2025-07-30,14201,2025073001035255,MBL,Kohinoor Investment & Securities Pvt. Ltd.,Dakshinkali Investment & Securities Pvt. Ltd.,10,260.0,2600.0,2025-07-30 14:52:26.968828
2025-07-30,14200,2025073001035256,MBL,Primo Securities (PVT) Ltd.,Dakshinkali Investment & Securities Pvt. Ltd.,30,260.0,7800.0,2025-07-30 14:52:26.968918
2025-07-30,14199,2025073001035257,MBL,Malla & Malla Stock Broking Company Pvt. Limited,Dakshinkali Investment & Securities Pvt. Ltd.,100,260.0,26000.0,2025-07-30 14:52:26.969004
2025-07-30,14198,2025073001035258,MBL,Online Securities Pvt. Ltd.,Dakshinkali Investment & Securities Pvt. Ltd.,100,260.0,26000.0,2025-07-30 14:52:26.969098
2025-07-30,14197,2025073001035259,MBL,Linch Stock Market Ltd.,Dakshinkali Investment & Securities Pvt. Ltd.,278,260.0,72280.0,2025-07-30 14:52:26.969184
2025-07-30,14013,2025073001035310,MBL,Linch Stock Market Ltd.,Sumeru Securities Pvt. Ltd.,222,260.0,57720.0,2025-07-30 14:52:35.483568
2025-07-30,14012,2025073001035311,MBL,Opal Securities Investment (PVT) Ltd.,Sumeru Securities Pvt. Ltd.,278,260.0,72280.0,2025-07-30 14:52:35.484056
2025-07-30,14007,2025073001035313,MBL,Opal Securities Investment (PVT) Ltd.,Kumari Securities Private Limited,100,260.0,26000.0,2025-07-30 14:52:36.178158
2025-07-30,13592,2025073001035399,MBL,Opal Securities Investment (PVT) Ltd.,Sharepro Securities Private Limited,622,260.0,161720.0,2025-07-30 14:52:56.839257
2025-07-30,13591,2025073001035400,MBL,Sundhara Securities Limited,Sharepro Securities Private Limited,240,260.0,62400.0,2025-07-30 14:52:56.839670
2025-07-30,13590,2025073001035401,MBL,Dipshikha Dhitopatra Karobar Co. Pvt Ltd.,Sharepro Securities Private Limited,1000,260.0,260000.0,2025-07-30 14:52:56.839926
2025-07-30,13589,2025073001035402,MBL,Sani Securities Company Ltd.,Sharepro Securities Private Limited,21,260.0,5460.0,2025-07-30 14:52:56.840188
2025-07-30,13588,2025073001035403,MBL,Sweta Securities Private Limited,Sharepro Securities Private Limited,117,260.0,30420.0,2025-07-30 14:52:56.840437
2025-07-30,10706,2025073001036184,MBL,Nepal Stock House (PVT) Ltd.,Nepal Investment And Securities Trading Private Limited,390,260.4,101556.0,2025-07-30 14:54:41.294472
2025-07-30,8403,2025073001036735,MBL,Kumari Securities Private Limited,Aryatara Investment & Securities,150,260.5,39075.0,2025-07-30 14:56:15.762491
2025-07-30,7894,2025073001036870,MBL,Kumari Securities Private Limited,Kohinoor Investment & Securities Pvt. Ltd.,98,260.5,25529.0,2025-07-30 14:56:35.123419
2025-07-30,7382,2025073001036981,MBL,Kumari Securities Private Limited,Vision Securities Pvt. Ltd,100,260.5,26050.0,2025-07-30 14:56:51.689040
2025-07-30,7144,2025073001037050,MBL,Kumari Securities Private Limited,Asian Securities Private Ltd.,652,260.5,169846.0,2025-07-30 14:57:00.110326
2025-07-30,7143,2025073001037051,MBL,Nepal Stock House (PVT) Ltd.,Asian Securities Private Ltd.,500,260.1,130050.0,2025-07-30 14:57:00.110563
2025-07-30,7142,2025073001037052,MBL,Pragyan Securities (PVT) Ltd.,Asian Securities Private Ltd.,200,260.1,52020.0,2025-07-30 14:57:00.110674
2025-07-30,7141,2025073001037053,MBL,Sweta Securities Private Limited,Asian Securities Private Ltd.,148,260.0,38480.0,2025-07-30 14:57:00.110777
2025-07-30,6032,2025073001037320,MBL,Sweta Securities Private Limited,Linch Stock Market Ltd.,735,260.0,191100.0,2025-07-30 14:57:35.191320
2025-07-30,6031,2025073001037321,MBL,Online Securities Pvt. Ltd.,Linch Stock Market Ltd.,2365,260.0,614900.0,2025-07-30 14:57:35.191362
2025-07-30,6008,2025073001037341,MBL,Online Securities Pvt. Ltd.,Aryatara Investment & Securities,500,260.0,130000.0,2025-07-30 14:57:36.297920
2025-07-30,5272,2025073001037526,MBL,Online Securities Pvt. Ltd.,MILKY WAY SHARE BROKER COMPANY LTD ,6000,260.0,1560000.0,2025-07-30 14:57:57.990164
2025-07-30,4310,2025073001037791,MBL,Infinity Securities Limited,Opal Securities Investment (PVT) Ltd.,1000,260.5,260500.0,2025-07-30 14:58:25.376148
2025-07-30,4278,2025073001037800,MBL,Vision Securities Pvt. Ltd,Dipshikha Dhitopatra Karobar Co. Pvt Ltd.,1400,260.5,364700.0,2025-07-30 14:58:26.942943
2025-07-30,4277,2025073001037801,MBL,Vision Securities Pvt. Ltd,Aryatara Investment & Securities,1000,260.5,260500.0,2025-07-30 14:58:26.942985
2025-07-30,4276,2025073001037802,MBL,Vision Securities Pvt. Ltd,Trisul Securities & Invt. Ltd.,542,260.8,141353.6,2025-07-30 14:58:26.943016
2025-07-30,4275,2025073001037803,MBL,Vision Securities Pvt. Ltd,Sani Securities Company Ltd.,200,261.0,52200.0,2025-07-30 14:58:26.943048
2025-07-30,4274,2025073001037804,MBL,Vision Securities Pvt. Ltd,Sri Hari Securities Pvt. Ltd.,200,261.0,52200.0,2025-07-30 14:58:26.943077
2025-07-30,4273,2025073001037805,MBL,Vision Securities Pvt. Ltd,Sewa Securities Pvt. Ltd.,58,261.0,15138.0,2025-07-30 14:58:26.943101
2025-07-30,3034,2025073001038151,MBL,Sundhara Securities Limited,Sewa Securities Pvt. Ltd.,93,261.0,24273.0,2025-07-30 14:58:57.205986
2025-07-30,1926,2025073001038403,MBL,Naasa Securities Co. Ltd.,Siprabi Securities Pvt. Ltd.,300,260.5,78150.0,2025-07-30 14:59:23.784071
2025-07-30,1925,2025073001038404,MBL,Online Securities Pvt. Ltd.,Siprabi Securities Pvt. Ltd.,700,260.0,182000.0,2025-07-30 14:59:23.784277
2025-07-30,1651,2025073001038483,MBL,Nepal Stock House (PVT) Ltd.,Sewa Securities Pvt. Ltd.,20,261.0,5220.0,2025-07-30 14:59:29.656710
