Date,S.N.,Contract ID,Symbol,Buyer Broker,Seller Broker,volume,rate,amount,transaction_time
2025-07-30,140891,2025073003000126,RLFL,Blue Chip Securities Ltd,Market Securities & Exchange (PVT) Ltd.,10,552.0,5520.0,2025-07-30 11:02:04.324376
2025-07-30,138741,2025073003000572,RLFL,Naasa Securities Co. Ltd.,Sundhara Securities Limited,10,547.0,5470.0,2025-07-30 11:06:46.456541
2025-07-30,138740,2025073003000573,RLFL,Naasa Securities Co. Ltd.,Kohinoor Investment & Securities Pvt. Ltd.,10,547.0,5470.0,2025-07-30 11:06:46.456663
2025-07-30,137051,2025073003000944,RLFL,Sri Hari Securities Pvt. Ltd.,Online Securities Pvt. Ltd.,101,543.0,54843.0,2025-07-30 11:10:03.440683
2025-07-30,136728,2025073003001024,RLFL,Sri Hari Securities Pvt. Ltd.,Premier Securities Company Ltd.,99,543.0,53757.0,2025-07-30 11:10:38.544542
2025-07-30,136727,2025073003001025,RLFL,Aryatara Investment & Securities,Premier Securities Company Ltd.,101,543.0,54843.0,2025-07-30 11:10:38.544579
2025-07-30,136409,2025073003001085,RLFL,Aryatara Investment & Securities,Siprabi Securities Pvt. Ltd.,100,543.0,54300.0,2025-07-30 11:11:18.184332
2025-07-30,135671,2025073003001260,RLFL,Aryatara Investment & Securities,Sajilo Broker Limited,49,543.0,26607.0,2025-07-30 11:12:31.814116
2025-07-30,135670,2025073003001261,RLFL,Imperial Securities Company Pvt. Ltd.,Sajilo Broker Limited,20,543.0,10860.0,2025-07-30 11:12:31.814208
2025-07-30,135586,2025073003001286,RLFL,Sundhara Securities Limited,Sajilo Broker Limited,50,542.9,27145.0,2025-07-30 11:12:41.726488
2025-07-30,135585,2025073003001287,RLFL,Sundhara Securities Limited,Sajilo Broker Limited,50,542.0,27100.0,2025-07-30 11:12:41.726582
2025-07-30,135584,2025073003001288,RLFL,KALASH STOCK MARKET PVT. LTD.,Sajilo Broker Limited,50,542.0,27100.0,2025-07-30 11:12:41.726632
2025-07-30,135583,2025073003001289,RLFL,Premier Securities Company Ltd.,Sajilo Broker Limited,500,542.0,271000.0,2025-07-30 11:12:41.726677
2025-07-30,134038,2025073003001645,RLFL,Secured Securities Ltd.,Trishakti Securities Public Limited,150,541.0,81150.0,2025-07-30 11:14:57.672253
2025-07-30,132743,2025073003001945,RLFL,Premier Securities Company Ltd.,Market Securities & Exchange (PVT) Ltd.,500,539.0,269500.0,2025-07-30 11:16:45.773437
2025-07-30,132007,2025073003002100,RLFL,Sundhara Securities Limited,Sundhara Securities Limited,13,540.1,7021.3,2025-07-30 11:17:53.276615
2025-07-30,131381,2025073003002219,RLFL,Sagarmatha Securities Private Limited,Vision Securities Pvt. Ltd,100,537.7,53770.0,2025-07-30 11:18:58.759861
2025-07-30,131110,2025073003002281,RLFL,Sagarmatha Securities Private Limited,Market Securities & Exchange (PVT) Ltd.,130,537.7,69901.0,2025-07-30 11:19:28.023291
2025-07-30,130041,2025073003002529,RLFL,Sagarmatha Securities Private Limited,Oxford Securities Pvt. Ltd.,100,537.7,53770.0,2025-07-30 11:21:44.537842
2025-07-30,129762,2025073003002576,RLFL,Nabil Stock Dealer Ltd.,Trisul Securities & Invt. Ltd.,1000,538.0,538000.0,2025-07-30 11:22:15.390893
2025-07-30,129584,2025073003002594,RLFL,Sagarmatha Securities Private Limited,Midas Stock Broking Company Private Limited,150,537.7,80655.0,2025-07-30 11:22:31.114569
2025-07-30,129261,2025073003002665,RLFL,Property Wiard Limited,Trisul Securities & Invt. Ltd.,203,538.0,109214.0,2025-07-30 11:23:00.957320
2025-07-30,129206,2025073003002685,RLFL,Property Wiard Limited,Kalika Securities Pvt. Ltd.,50,538.0,26900.0,2025-07-30 11:23:06.710457
2025-07-30,128490,2025073003002848,RLFL,J.F. Securites (PVT) Ltd.,Kumari Securities Private Limited,100,538.1,53810.0,2025-07-30 11:24:17.480690
2025-07-30,128489,2025073003002849,RLFL,Property Wiard Limited,Kumari Securities Private Limited,247,538.0,132886.0,2025-07-30 11:24:17.480816
2025-07-30,128472,2025073003002852,RLFL,Kohinoor Investment & Securities Pvt. Ltd.,Kumari Securities Private Limited,100,538.0,53800.0,2025-07-30 11:24:20.019802
2025-07-30,128281,2025073003002890,RLFL,Cristal Kanchanjanga Securites Pvt. Ltd.,Kumari Securities Private Limited,250,538.0,134500.0,2025-07-30 11:24:38.270137
2025-07-30,127805,2025073003003014,RLFL,Dakshinkali Investment & Securities Pvt. Ltd.,Kumari Securities Private Limited,303,538.0,163014.0,2025-07-30 11:25:29.297788
2025-07-30,124553,2025073003003652,RLFL,Imperial Securities Company Pvt. Ltd.,Dakshinkali Investment & Securities Pvt. Ltd.,100,541.8,54180.0,2025-07-30 11:31:36.375883
2025-07-30,124222,2025073003003705,RLFL,Midas Stock Broking Company Private Limited,Nepal Investment And Securities Trading Private Limited,27,538.0,14526.0,2025-07-30 11:32:13.856001
2025-07-30,123810,2025073003003795,RLFL,Midas Stock Broking Company Private Limited,SUN SECURITIES PVT LTD,373,538.0,200674.0,2025-07-30 11:33:05.847810
2025-07-30,123809,2025073003003796,RLFL,Imperial Securities Company Pvt. Ltd.,SUN SECURITIES PVT LTD,25,538.0,13450.0,2025-07-30 11:33:05.847930
2025-07-30,123808,2025073003003797,RLFL,Imperial Securities Company Pvt. Ltd.,SUN SECURITIES PVT LTD,20,538.0,10760.0,2025-07-30 11:33:05.847988
2025-07-30,123807,2025073003003798,RLFL,Capital Max Securities Ltd,SUN SECURITIES PVT LTD,100,537.9,53790.0,2025-07-30 11:33:05.848078
2025-07-30,123806,2025073003003799,RLFL,Kohinoor Investment & Securities Pvt. Ltd.,SUN SECURITIES PVT LTD,100,537.8,53780.0,2025-07-30 11:33:05.848131
2025-07-30,123805,2025073003003800,RLFL,Sagarmatha Securities Private Limited,SUN SECURITIES PVT LTD,520,537.7,279604.0,2025-07-30 11:33:05.848185
2025-07-30,123804,2025073003003801,RLFL,Aryatara Investment & Securities,SUN SECURITIES PVT LTD,10,537.7,5377.0,2025-07-30 11:33:05.848230
2025-07-30,123803,2025073003003802,RLFL,Premier Securities Company Ltd.,SUN SECURITIES PVT LTD,287,537.7,154319.9,2025-07-30 11:33:05.848280
2025-07-30,122704,2025073003004072,RLFL,Premier Securities Company Ltd.,Trishakti Securities Public Limited,50,537.7,26885.0,2025-07-30 11:35:34.292483
2025-07-30,120802,2025073003004467,RLFL,Shree Krishna Securities Ltd.,Sweta Securities Private Limited,17,538.0,9146.0,2025-07-30 11:39:53.201354
2025-07-30,120134,2025073003004620,RLFL,Shree Krishna Securities Ltd.,Deevyaa Securities & Stock House Pvt. Ltd,20,538.0,10760.0,2025-07-30 11:41:24.304176
2025-07-30,115184,2025073003005601,RLFL,Trisul Securities & Invt. Ltd.,Shree Krishna Securities Ltd.,10,538.1,5381.0,2025-07-30 11:52:26.233443
2025-07-30,115183,2025073003005602,RLFL,Shree Krishna Securities Ltd.,Shree Krishna Securities Ltd.,38,538.0,20444.0,2025-07-30 11:52:26.233697
2025-07-30,115182,2025073003005603,RLFL,Premier Securities Company Ltd.,Shree Krishna Securities Ltd.,163,537.7,87645.1,2025-07-30 11:52:26.233861
2025-07-30,115181,2025073003005604,RLFL,Sagarmatha Securities Private Limited,Shree Krishna Securities Ltd.,700,537.3,376110.0,2025-07-30 11:52:26.234018
2025-07-30,115180,2025073003005605,RLFL,Imperial Securities Company Pvt. Ltd.,Shree Krishna Securities Ltd.,100,537.0,53700.0,2025-07-30 11:52:26.234197
2025-07-30,115179,2025073003005606,RLFL,Sagarmatha Securities Private Limited,Shree Krishna Securities Ltd.,300,536.3,160890.0,2025-07-30 11:52:26.234357
2025-07-30,115178,2025073003005607,RLFL,Premier Securities Company Ltd.,Shree Krishna Securities Ltd.,500,536.0,268000.0,2025-07-30 11:52:26.234526
2025-07-30,115177,2025073003005608,RLFL,Aryatara Investment & Securities,Shree Krishna Securities Ltd.,10,536.0,5360.0,2025-07-30 11:52:26.234672
2025-07-30,115176,2025073003005609,RLFL,Asian Securities Private Ltd.,Shree Krishna Securities Ltd.,179,535.0,95765.0,2025-07-30 11:52:26.234854
2025-07-30,114791,2025073003005682,RLFL,Asian Securities Private Ltd.,Premier Securities Company Ltd.,321,535.0,171735.0,2025-07-30 11:53:21.515595
2025-07-30,114790,2025073003005683,RLFL,Aryatara Investment & Securities,Premier Securities Company Ltd.,10,535.0,5350.0,2025-07-30 11:53:21.515826
2025-07-30,114789,2025073003005684,RLFL,Aryatara Investment & Securities,Premier Securities Company Ltd.,1000,535.0,535000.0,2025-07-30 11:53:21.515976
2025-07-30,114788,2025073003005685,RLFL,Imperial Securities Company Pvt. Ltd.,Premier Securities Company Ltd.,100,535.0,53500.0,2025-07-30 11:53:21.516123
2025-07-30,114787,2025073003005686,RLFL,Agrawal Securities (PVT) Ltd.,Premier Securities Company Ltd.,50,535.0,26750.0,2025-07-30 11:53:21.516266
2025-07-30,114786,2025073003005687,RLFL,Sani Securities Company Ltd.,Premier Securities Company Ltd.,100,535.0,53500.0,2025-07-30 11:53:21.516429
2025-07-30,114785,2025073003005688,RLFL,Siprabi Securities Pvt. Ltd.,Premier Securities Company Ltd.,19,535.0,10165.0,2025-07-30 11:53:21.516561
2025-07-30,114684,2025073003005715,RLFL,Siprabi Securities Pvt. Ltd.,Shree Krishna Securities Ltd.,30,534.0,16020.0,2025-07-30 11:53:46.271494
2025-07-30,114683,2025073003005716,RLFL,Aryatara Investment & Securities,Shree Krishna Securities Ltd.,10,533.0,5330.0,2025-07-30 11:53:46.271722
2025-07-30,114682,2025073003005717,RLFL,Siprabi Securities Pvt. Ltd.,Shree Krishna Securities Ltd.,10,533.0,5330.0,2025-07-30 11:53:46.271866
2025-07-30,114681,2025073003005718,RLFL,Imperial Securities Company Pvt. Ltd.,Shree Krishna Securities Ltd.,200,532.5,106500.0,2025-07-30 11:53:46.272008
2025-07-30,114680,2025073003005719,RLFL,Vision Securities Pvt. Ltd,Shree Krishna Securities Ltd.,300,532.1,159630.0,2025-07-30 11:53:46.272185
2025-07-30,114679,2025073003005720,RLFL,Premier Securities Company Ltd.,Shree Krishna Securities Ltd.,300,532.0,159600.0,2025-07-30 11:53:46.272369
2025-07-30,114678,2025073003005721,RLFL,Trishakti Securities Public Limited,Shree Krishna Securities Ltd.,100,532.0,53200.0,2025-07-30 11:53:46.272506
2025-07-30,114677,2025073003005722,RLFL,Dakshinkali Investment & Securities Pvt. Ltd.,Shree Krishna Securities Ltd.,500,531.0,265500.0,2025-07-30 11:53:46.272639
2025-07-30,114676,2025073003005723,RLFL,Online Securities Pvt. Ltd.,Shree Krishna Securities Ltd.,188,531.0,99828.0,2025-07-30 11:53:46.272834
2025-07-30,114675,2025073003005724,RLFL,Dynamic Money Managers Securities Pvt. Ltd.,Shree Krishna Securities Ltd.,200,530.0,106000.0,2025-07-30 11:53:46.272970
2025-07-30,114674,2025073003005725,RLFL,Sweta Securities Private Limited,Shree Krishna Securities Ltd.,100,530.0,53000.0,2025-07-30 11:53:46.273136
2025-07-30,114673,2025073003005726,RLFL,Naasa Securities Co. Ltd.,Shree Krishna Securities Ltd.,15,530.0,7950.0,2025-07-30 11:53:46.273268
2025-07-30,114672,2025073003005727,RLFL,Imperial Securities Company Pvt. Ltd.,Shree Krishna Securities Ltd.,100,530.0,53000.0,2025-07-30 11:53:46.273393
2025-07-30,114671,2025073003005728,RLFL,Sumeru Securities Pvt. Ltd.,Shree Krishna Securities Ltd.,100,530.0,53000.0,2025-07-30 11:53:46.273539
2025-07-30,114670,2025073003005729,RLFL,Cristal Kanchanjanga Securites Pvt. Ltd.,Shree Krishna Securities Ltd.,25,530.0,13250.0,2025-07-30 11:53:46.273700
2025-07-30,114669,2025073003005730,RLFL,Dipshikha Dhitopatra Karobar Co. Pvt Ltd.,Shree Krishna Securities Ltd.,20,530.0,10600.0,2025-07-30 11:53:46.273848
2025-07-30,114668,2025073003005731,RLFL,Asian Securities Private Ltd.,Shree Krishna Securities Ltd.,50,530.0,26500.0,2025-07-30 11:53:46.273975
2025-07-30,114203,2025073003005857,RLFL,SUN SECURITIES PVT LTD,Shree Krishna Securities Ltd.,100,530.0,53000.0,2025-07-30 11:54:54.873429
2025-07-30,113985,2025073003005888,RLFL,Sagarmatha Securities Private Limited,Shree Krishna Securities Ltd.,300,530.0,159000.0,2025-07-30 11:55:20.996513
2025-07-30,113864,2025073003005922,RLFL,Naasa Securities Co. Ltd.,Shree Krishna Securities Ltd.,64,530.0,33920.0,2025-07-30 11:55:35.994754
2025-07-30,113736,2025073003005951,RLFL,Naasa Securities Co. Ltd.,Shree Krishna Securities Ltd.,34,530.0,18020.0,2025-07-30 11:55:52.454824
2025-07-30,113719,2025073003005954,RLFL,ABC Securities Private Limited,Shree Krishna Securities Ltd.,56,530.0,29680.0,2025-07-30 11:55:56.915511
2025-07-30,111062,2025073003006371,RLFL,Sundhara Securities Limited,Trishakti Securities Public Limited,7,540.1,3780.7,2025-07-30 12:02:34.155333
2025-07-30,109250,2025073003006627,RLFL,Investment Management Nepal Pvt. Ltd.,Trisul Securities & Invt. Ltd.,200,538.0,107600.0,2025-07-30 12:06:39.670094
2025-07-30,109249,2025073003006628,RLFL,Investment Management Nepal Pvt. Ltd.,Sweta Securities Private Limited,100,538.0,53800.0,2025-07-30 12:06:39.670364
2025-07-30,106858,2025073003007043,RLFL,J.F. Securites (PVT) Ltd.,Secured Securities Ltd.,100,535.0,53500.0,2025-07-30 12:10:44.311282
2025-07-30,106857,2025073003007044,RLFL,Kohinoor Investment & Securities Pvt. Ltd.,Secured Securities Ltd.,30,535.0,16050.0,2025-07-30 12:10:44.311454
2025-07-30,106856,2025073003007045,RLFL,Dipshikha Dhitopatra Karobar Co. Pvt Ltd.,Secured Securities Ltd.,300,534.5,160350.0,2025-07-30 12:10:44.311516
2025-07-30,106855,2025073003007046,RLFL,Sajilo Broker Limited,Secured Securities Ltd.,94,534.0,50196.0,2025-07-30 12:10:44.311576
2025-07-30,105920,2025073003007236,RLFL,Online Securities Pvt. Ltd.,Cristal Kanchanjanga Securites Pvt. Ltd.,1,538.0,538.0,2025-07-30 12:12:07.549980
2025-07-30,104999,2025073003007506,RLFL,Online Securities Pvt. Ltd.,Cristal Kanchanjanga Securites Pvt. Ltd.,1,535.0,535.0,2025-07-30 12:13:37.113703
2025-07-30,104008,2025073003007762,RLFL,Investment Management Nepal Pvt. Ltd.,Asian Securities Private Ltd.,100,539.9,53990.0,2025-07-30 12:15:31.491980
2025-07-30,101905,2025073003008218,RLFL,Naasa Securities Co. Ltd.,Imperial Securities Company Pvt. Ltd.,200,540.0,108000.0,2025-07-30 12:19:45.663368
2025-07-30,101904,2025073003008219,RLFL,Naasa Securities Co. Ltd.,Nabil Stock Dealer Ltd.,46,540.0,24840.0,2025-07-30 12:19:45.663517
2025-07-30,96409,2025073003009213,RLFL,Premier Securities Company Ltd.,Naasa Securities Co. Ltd.,74,536.0,39664.0,2025-07-30 12:32:04.056072
2025-07-30,94595,2025073003009452,RLFL,Online Securities Pvt. Ltd.,Trishakti Securities Public Limited,1,532.0,532.0,2025-07-30 12:35:07.756740
2025-07-30,94516,2025073003009459,RLFL,Premier Securities Company Ltd.,Nabil Stock Dealer Ltd.,126,536.0,67536.0,2025-07-30 12:35:15.269654
2025-07-30,94515,2025073003009460,RLFL,Secured Securities Ltd.,Nabil Stock Dealer Ltd.,10,536.0,5360.0,2025-07-30 12:35:15.269982
2025-07-30,94514,2025073003009461,RLFL,Premier Securities Company Ltd.,Nabil Stock Dealer Ltd.,300,536.0,160800.0,2025-07-30 12:35:15.270219
2025-07-30,94513,2025073003009462,RLFL,Kalika Securities Pvt. Ltd.,Nabil Stock Dealer Ltd.,64,536.0,34304.0,2025-07-30 12:35:15.270429
2025-07-30,93779,2025073003009550,RLFL,Online Securities Pvt. Ltd.,Trishakti Securities Public Limited,1,530.0,530.0,2025-07-30 12:36:51.701600
2025-07-30,92877,2025073003009659,RLFL,J.F. Securites (PVT) Ltd.,Premier Securities Company Ltd.,40,536.0,21440.0,2025-07-30 12:38:29.018045
2025-07-30,91422,2025073003009884,RLFL,Kalika Securities Pvt. Ltd.,Premier Securities Company Ltd.,136,536.0,72896.0,2025-07-30 12:41:15.724561
2025-07-30,91218,2025073003009927,RLFL,KALASH STOCK MARKET PVT. LTD.,Premier Securities Company Ltd.,100,536.0,53600.0,2025-07-30 12:41:38.131135
2025-07-30,91060,2025073003009958,RLFL,KALASH STOCK MARKET PVT. LTD.,Premier Securities Company Ltd.,124,536.0,66464.0,2025-07-30 12:41:57.454903
2025-07-30,89265,2025073003010286,RLFL,Naasa Securities Co. Ltd.,Naasa Securities Co. Ltd.,97,536.0,51992.0,2025-07-30 12:46:08.353004
2025-07-30,88183,2025073003010513,RLFL,Infinity Securities Limited,Asian Securities Private Ltd.,117,535.2,62618.4,2025-07-30 12:48:46.673137
2025-07-30,87988,2025073003010560,RLFL,Infinity Securities Limited,Dipshikha Dhitopatra Karobar Co. Pvt Ltd.,563,535.2,301317.6,2025-07-30 12:49:06.856722
2025-07-30,87984,2025073003010562,RLFL,Prabhu Stock Market Limited,Dipshikha Dhitopatra Karobar Co. Pvt Ltd.,137,535.2,73322.4,2025-07-30 12:49:07.319102
2025-07-30,87926,2025073003010578,RLFL,Prabhu Stock Market Limited,Pragyan Securities (PVT) Ltd.,63,535.3,33723.9,2025-07-30 12:49:15.439514
2025-07-30,87426,2025073003010662,RLFL,Trishakti Securities Public Limited,Pragyan Securities (PVT) Ltd.,37,535.1,19798.7,2025-07-30 12:50:13.554566
2025-07-30,86038,2025073003010868,RLFL,Trishakti Securities Public Limited,Premier Securities Company Ltd.,13,535.1,6956.3,2025-07-30 12:53:17.969559
2025-07-30,86037,2025073003010869,RLFL,Sweta Securities Private Limited,Premier Securities Company Ltd.,25,535.0,13375.0,2025-07-30 12:53:17.969732
2025-07-30,85707,2025073003010933,RLFL,Siprabi Securities Pvt. Ltd.,Premier Securities Company Ltd.,10,535.0,5350.0,2025-07-30 12:53:55.386214
2025-07-30,84493,2025073003011208,RLFL,Dakshinkali Investment & Securities Pvt. Ltd.,Premier Securities Company Ltd.,100,535.0,53500.0,2025-07-30 12:56:11.572237
2025-07-30,84481,2025073003011212,RLFL,Capital Max Securities Ltd,Neev Securities Pvt. Ltd.,100,534.1,53410.0,2025-07-30 12:56:13.485653
2025-07-30,84480,2025073003011213,RLFL,Sajilo Broker Limited,Neev Securities Pvt. Ltd.,306,534.0,163404.0,2025-07-30 12:56:13.485833
2025-07-30,84479,2025073003011214,RLFL,Aryatara Investment & Securities,Neev Securities Pvt. Ltd.,10,534.0,5340.0,2025-07-30 12:56:13.485905
2025-07-30,84478,2025073003011215,RLFL,Naasa Securities Co. Ltd.,Neev Securities Pvt. Ltd.,75,534.0,40050.0,2025-07-30 12:56:13.485972
2025-07-30,84477,2025073003011216,RLFL,APPLE SECURITIES PRIVATE LIMITED,Neev Securities Pvt. Ltd.,109,534.0,58206.0,2025-07-30 12:56:13.486048
2025-07-30,83553,2025073003011461,RLFL,APPLE SECURITIES PRIVATE LIMITED,Sani Securities Company Ltd.,301,534.0,160734.0,2025-07-30 12:57:37.652279
2025-07-30,83355,2025073003011533,RLFL,APPLE SECURITIES PRIVATE LIMITED,Investment Management Nepal Pvt. Ltd.,20,534.0,10680.0,2025-07-30 12:57:56.403721
2025-07-30,82748,2025073003011670,RLFL,APPLE SECURITIES PRIVATE LIMITED,Himalayan Securities Limited,70,534.0,37380.0,2025-07-30 12:58:54.803227
2025-07-30,82747,2025073003011671,RLFL,Capital Max Securities Ltd,Himalayan Securities Limited,200,533.0,106600.0,2025-07-30 12:58:54.803541
2025-07-30,82746,2025073003011672,RLFL,Sani Securities Company Ltd.,Himalayan Securities Limited,100,533.0,53300.0,2025-07-30 12:58:54.803739
2025-07-30,82359,2025073003011741,RLFL,Aryatara Investment & Securities,Thrive Brokerage House Pvt. Ltd,10,532.0,5320.0,2025-07-30 12:59:36.689114
2025-07-30,82123,2025073003011803,RLFL,Kohinoor Investment & Securities Pvt. Ltd.,Himalayan Securities Limited,50,531.6,26580.0,2025-07-30 12:59:56.124063
2025-07-30,82122,2025073003011804,RLFL,Shree Krishna Securities Ltd.,Himalayan Securities Limited,1000,531.5,531500.0,2025-07-30 12:59:56.124215
2025-07-30,82121,2025073003011805,RLFL,Aryatara Investment & Securities,Himalayan Securities Limited,10,531.5,5315.0,2025-07-30 12:59:56.124287
2025-07-30,81769,2025073003011869,RLFL,Aakashbhairab Securities Ltd.,Himalayan Securities Limited,100,531.1,53110.0,2025-07-30 13:00:24.897070
2025-07-30,81768,2025073003011870,RLFL,Property Wiard Limited,Himalayan Securities Limited,200,531.0,106200.0,2025-07-30 13:00:24.897392
2025-07-30,81767,2025073003011871,RLFL,Aryatara Investment & Securities,Himalayan Securities Limited,10,531.0,5310.0,2025-07-30 13:00:24.897595
2025-07-30,81766,2025073003011872,RLFL,Pragyan Securities (PVT) Ltd.,Himalayan Securities Limited,100,531.0,53100.0,2025-07-30 13:00:24.897794
2025-07-30,81765,2025073003011873,RLFL,Sharepro Securities Private Limited,Himalayan Securities Limited,160,531.0,84960.0,2025-07-30 13:00:24.897988
2025-07-30,81645,2025073003011901,RLFL,Sharepro Securities Private Limited,Thrive Brokerage House Pvt. Ltd,90,531.0,47790.0,2025-07-30 13:00:30.976003
2025-07-30,80217,2025073003012256,RLFL,Sharepro Securities Private Limited,Trisul Securities & Invt. Ltd.,50,531.0,26550.0,2025-07-30 13:02:23.425479
2025-07-30,79326,2025073003012468,RLFL,Aryatara Investment & Securities,Vision Securities Pvt. Ltd,50,534.9,26745.0,2025-07-30 13:03:16.636837
2025-07-30,75940,2025073003013177,RLFL,Midas Stock Broking Company Private Limited,Thrive Brokerage House Pvt. Ltd,100,531.1,53110.0,2025-07-30 13:07:15.030704
2025-07-30,75939,2025073003013178,RLFL,Dipshikha Dhitopatra Karobar Co. Pvt Ltd.,Thrive Brokerage House Pvt. Ltd,800,531.0,424800.0,2025-07-30 13:07:15.030870
2025-07-30,73388,2025073003013748,RLFL,Linch Stock Market Ltd.,Secured Securities Ltd.,100,530.6,53060.0,2025-07-30 13:10:24.025938
2025-07-30,72715,2025073003013900,RLFL,Linch Stock Market Ltd.,Himalayan Securities Limited,100,530.5,53050.0,2025-07-30 13:11:22.802994
2025-07-30,72714,2025073003013901,RLFL,Imperial Securities Company Pvt. Ltd.,Himalayan Securities Limited,30,530.4,15912.0,2025-07-30 13:11:22.803174
2025-07-30,72713,2025073003013902,RLFL,Market Securities & Exchange (PVT) Ltd.,Himalayan Securities Limited,30,530.4,15912.0,2025-07-30 13:11:22.803246
2025-07-30,72712,2025073003013903,RLFL,Market Securities & Exchange (PVT) Ltd.,Himalayan Securities Limited,60,530.4,31824.0,2025-07-30 13:11:22.803311
2025-07-30,72711,2025073003013904,RLFL,Sweta Securities Private Limited,Himalayan Securities Limited,25,530.3,13257.5,2025-07-30 13:11:22.803382
2025-07-30,72710,2025073003013905,RLFL,Asian Securities Private Ltd.,Himalayan Securities Limited,250,530.3,132575.0,2025-07-30 13:11:22.803453
2025-07-30,72709,2025073003013906,RLFL,Premier Securities Company Ltd.,Himalayan Securities Limited,500,530.2,265100.0,2025-07-30 13:11:22.803516
2025-07-30,72462,2025073003013981,RLFL,Premier Securities Company Ltd.,Sundhara Securities Limited,500,530.1,265050.0,2025-07-30 13:11:47.428114
2025-07-30,72158,2025073003014061,RLFL,Oxford Securities Pvt. Ltd.,Himalayan Securities Limited,200,530.0,106000.0,2025-07-30 13:12:11.872752
2025-07-30,72157,2025073003014062,RLFL,R.B.B. Securities Company Ltd,Himalayan Securities Limited,100,530.0,53000.0,2025-07-30 13:12:11.873056
2025-07-30,72156,2025073003014063,RLFL,Sagarmatha Securities Private Limited,Himalayan Securities Limited,400,530.0,212000.0,2025-07-30 13:12:11.873239
2025-07-30,72155,2025073003014064,RLFL,Aryatara Investment & Securities,Himalayan Securities Limited,20,530.0,10600.0,2025-07-30 13:12:11.873410
2025-07-30,72154,2025073003014065,RLFL,South Asian Bulls Pvt. Ltd.,Himalayan Securities Limited,100,530.0,53000.0,2025-07-30 13:12:11.873587
2025-07-30,72153,2025073003014066,RLFL,Premier Securities Company Ltd.,Himalayan Securities Limited,185,530.0,98050.0,2025-07-30 13:12:11.873795
2025-07-30,72124,2025073003014072,RLFL,Premier Securities Company Ltd.,Online Securities Pvt. Ltd.,110,530.0,58300.0,2025-07-30 13:12:15.774345
2025-07-30,71384,2025073003014226,RLFL,Linch Stock Market Ltd.,Premier Securities Company Ltd.,100,530.1,53010.0,2025-07-30 13:13:19.772586
2025-07-30,71383,2025073003014227,RLFL,Premier Securities Company Ltd.,Premier Securities Company Ltd.,205,530.0,108650.0,2025-07-30 13:13:19.772888
2025-07-30,71382,2025073003014228,RLFL,Vision Securities Pvt. Ltd,Premier Securities Company Ltd.,44,530.0,23320.0,2025-07-30 13:13:19.773090
2025-07-30,71381,2025073003014229,RLFL,Imperial Securities Company Pvt. Ltd.,Premier Securities Company Ltd.,500,530.0,265000.0,2025-07-30 13:13:19.773270
2025-07-30,71380,2025073003014230,RLFL,Dipshikha Dhitopatra Karobar Co. Pvt Ltd.,Premier Securities Company Ltd.,200,530.0,106000.0,2025-07-30 13:13:19.773443
2025-07-30,71379,2025073003014231,RLFL,Naasa Securities Co. Ltd.,Premier Securities Company Ltd.,25,530.0,13250.0,2025-07-30 13:13:19.773630
2025-07-30,71378,2025073003014232,RLFL,Imperial Securities Company Pvt. Ltd.,Premier Securities Company Ltd.,300,530.0,159000.0,2025-07-30 13:13:19.773800
2025-07-30,71377,2025073003014233,RLFL,Aryatara Investment & Securities,Premier Securities Company Ltd.,1000,530.0,530000.0,2025-07-30 13:13:19.773971
2025-07-30,71376,2025073003014234,RLFL,Nepal Stock House (PVT) Ltd.,Premier Securities Company Ltd.,30,530.0,15900.0,2025-07-30 13:13:19.774175
2025-07-30,71375,2025073003014235,RLFL,SUN SECURITIES PVT LTD,Premier Securities Company Ltd.,100,530.0,53000.0,2025-07-30 13:13:19.774346
2025-07-30,71374,2025073003014236,RLFL,Nepal Stock House (PVT) Ltd.,Premier Securities Company Ltd.,100,530.0,53000.0,2025-07-30 13:13:19.774530
2025-07-30,71373,2025073003014237,RLFL,Sharepro Securities Private Limited,Premier Securities Company Ltd.,200,530.0,106000.0,2025-07-30 13:13:19.774696
2025-07-30,71372,2025073003014238,RLFL,Premier Securities Company Ltd.,Premier Securities Company Ltd.,400,530.0,212000.0,2025-07-30 13:13:19.774862
2025-07-30,69709,2025073003014605,RLFL,Property Wiard Limited,Midas Stock Broking Company Private Limited,100,530.0,53000.0,2025-07-30 13:16:05.249743
2025-07-30,69690,2025073003014616,RLFL,Property Wiard Limited,Premier Securities Company Ltd.,400,530.0,212000.0,2025-07-30 13:16:07.020512
2025-07-30,69689,2025073003014617,RLFL,Naasa Securities Co. Ltd.,Premier Securities Company Ltd.,10,529.2,5292.0,2025-07-30 13:16:07.020680
2025-07-30,69688,2025073003014618,RLFL,Shree Krishna Securities Ltd.,Premier Securities Company Ltd.,1200,529.1,634920.0,2025-07-30 13:16:07.020763
2025-07-30,69687,2025073003014619,RLFL,Opal Securities Investment (PVT) Ltd.,Premier Securities Company Ltd.,100,529.0,52900.0,2025-07-30 13:16:07.020851
2025-07-30,69686,2025073003014620,RLFL,Linch Stock Market Ltd.,Premier Securities Company Ltd.,100,529.0,52900.0,2025-07-30 13:16:07.020927
2025-07-30,69684,2025073003014621,RLFL,Opal Securities Investment (PVT) Ltd.,Premier Securities Company Ltd.,50,529.0,26450.0,2025-07-30 13:16:07.230224
2025-07-30,69471,2025073003014659,RLFL,Shree Krishna Securities Ltd.,Premier Securities Company Ltd.,788,528.0,416064.0,2025-07-30 13:16:26.946471
2025-07-30,68778,2025073003014869,RLFL,Naasa Securities Co. Ltd.,Naasa Securities Co. Ltd.,45,530.0,23850.0,2025-07-30 13:17:27.940994
2025-07-30,68395,2025073003014946,RLFL,Dakshinkali Investment & Securities Pvt. Ltd.,Sundhara Securities Limited,100,533.0,53300.0,2025-07-30 13:18:01.645424
2025-07-30,66949,2025073003015258,RLFL,Blue Chip Securities Ltd,Naasa Securities Co. Ltd.,10,535.0,5350.0,2025-07-30 13:20:47.255851
2025-07-30,66294,2025073003015395,RLFL,J.F. Securites (PVT) Ltd.,Thrive Brokerage House Pvt. Ltd,50,531.0,26550.0,2025-07-30 13:22:22.434440
2025-07-30,66293,2025073003015396,RLFL,Sharepro Securities Private Limited,Thrive Brokerage House Pvt. Ltd,60,530.0,31800.0,2025-07-30 13:22:22.434660
2025-07-30,62792,2025073003016195,RLFL,J.F. Securites (PVT) Ltd.,Aryatara Investment & Securities,300,530.2,159060.0,2025-07-30 13:29:48.316338
2025-07-30,62791,2025073003016196,RLFL,Vision Securities Pvt. Ltd,Aryatara Investment & Securities,100,530.1,53010.0,2025-07-30 13:29:48.316517
2025-07-30,62790,2025073003016197,RLFL,Sharepro Securities Private Limited,Aryatara Investment & Securities,400,530.0,212000.0,2025-07-30 13:29:48.316585
2025-07-30,62522,2025073003016258,RLFL,Dakshinkali Investment & Securities Pvt. Ltd.,Nepal Investment And Securities Trading Private Limited,100,530.2,53020.0,2025-07-30 13:30:18.244621
2025-07-30,62359,2025073003016298,RLFL,Naasa Securities Co. Ltd.,Nepal Investment And Securities Trading Private Limited,56,530.2,29691.2,2025-07-30 13:30:41.841455
2025-07-30,61300,2025073003016525,RLFL,Imperial Securities Company Pvt. Ltd.,Dynamic Money Managers Securities Pvt. Ltd.,2,520.0,1040.0,2025-07-30 13:32:38.865284
2025-07-30,60852,2025073003016641,RLFL,Online Securities Pvt. Ltd.,Imperial Securities Company Pvt. Ltd.,180,530.2,95436.0,2025-07-30 13:33:37.780995
2025-07-30,60851,2025073003016642,RLFL,Sharepro Securities Private Limited,Imperial Securities Company Pvt. Ltd.,20,530.0,10600.0,2025-07-30 13:33:37.781180
2025-07-30,60057,2025073003016841,RLFL,Sharepro Securities Private Limited,Agrawal Securities (PVT) Ltd.,520,530.0,275600.0,2025-07-30 13:34:54.809020
2025-07-30,60056,2025073003016842,RLFL,Sani Securities Company Ltd.,Agrawal Securities (PVT) Ltd.,100,530.0,53000.0,2025-07-30 13:34:54.809360
2025-07-30,60055,2025073003016843,RLFL,Aryatara Investment & Securities,Agrawal Securities (PVT) Ltd.,10,530.0,5300.0,2025-07-30 13:34:54.809543
2025-07-30,60054,2025073003016844,RLFL,Neev Securities Pvt. Ltd.,Agrawal Securities (PVT) Ltd.,30,530.0,15900.0,2025-07-30 13:34:54.809640
2025-07-30,60053,2025073003016845,RLFL,Linch Stock Market Ltd.,Agrawal Securities (PVT) Ltd.,40,530.0,21200.0,2025-07-30 13:34:54.809701
2025-07-30,58979,2025073003017079,RLFL,Linch Stock Market Ltd.,Kohinoor Investment & Securities Pvt. Ltd.,60,530.0,31800.0,2025-07-30 13:36:52.682684
2025-07-30,58978,2025073003017080,RLFL,Aakashbhairab Securities Ltd.,Kohinoor Investment & Securities Pvt. Ltd.,200,529.2,105840.0,2025-07-30 13:36:52.682875
2025-07-30,58977,2025073003017081,RLFL,Trishakti Securities Public Limited,Kohinoor Investment & Securities Pvt. Ltd.,100,529.1,52910.0,2025-07-30 13:36:52.682949
2025-07-30,58976,2025073003017082,RLFL,Opal Securities Investment (PVT) Ltd.,Kohinoor Investment & Securities Pvt. Ltd.,140,529.0,74060.0,2025-07-30 13:36:52.683019
2025-07-30,58781,2025073003017122,RLFL,Dakshinkali Investment & Securities Pvt. Ltd.,Kumari Securities Private Limited,50,530.0,26500.0,2025-07-30 13:37:13.981561
2025-07-30,58257,2025073003017212,RLFL,ABC Securities Private Limited,Kumari Securities Private Limited,100,530.0,53000.0,2025-07-30 13:38:02.443051
2025-07-30,58256,2025073003017213,RLFL,ABC Securities Private Limited,Dipshikha Dhitopatra Karobar Co. Pvt Ltd.,50,530.0,26500.0,2025-07-30 13:38:02.443415
2025-07-30,56875,2025073003017512,RLFL,Opal Securities Investment (PVT) Ltd.,Trisul Securities & Invt. Ltd.,60,529.0,31740.0,2025-07-30 13:40:25.703757
2025-07-30,56665,2025073003017564,RLFL,Opal Securities Investment (PVT) Ltd.,Nepal Stock House (PVT) Ltd.,200,529.0,105800.0,2025-07-30 13:40:41.991465
2025-07-30,55245,2025073003017944,RLFL,Imperial Securities Company Pvt. Ltd.,Sewa Securities Pvt. Ltd.,1,520.0,520.0,2025-07-30 13:43:09.051134
2025-07-30,54924,2025073003018041,RLFL,Opal Securities Investment (PVT) Ltd.,Sundhara Securities Limited,200,529.0,105800.0,2025-07-30 13:43:44.489129
2025-07-30,54317,2025073003018163,RLFL,Opal Securities Investment (PVT) Ltd.,Neev Securities Pvt. Ltd.,100,529.0,52900.0,2025-07-30 13:44:45.228238
2025-07-30,54316,2025073003018164,RLFL,Linch Stock Market Ltd.,Neev Securities Pvt. Ltd.,100,529.0,52900.0,2025-07-30 13:44:45.228406
2025-07-30,54219,2025073003018190,RLFL,Shree Krishna Securities Ltd.,Neev Securities Pvt. Ltd.,212,528.0,111936.0,2025-07-30 13:44:59.254574
2025-07-30,54218,2025073003018191,RLFL,Kohinoor Investment & Securities Pvt. Ltd.,Neev Securities Pvt. Ltd.,100,528.0,52800.0,2025-07-30 13:44:59.254867
2025-07-30,54217,2025073003018192,RLFL,Dipshikha Dhitopatra Karobar Co. Pvt Ltd.,Neev Securities Pvt. Ltd.,200,528.0,105600.0,2025-07-30 13:44:59.255086
2025-07-30,54216,2025073003018193,RLFL,Premier Securities Company Ltd.,Neev Securities Pvt. Ltd.,288,528.0,152064.0,2025-07-30 13:44:59.255258
2025-07-30,54110,2025073003018214,RLFL,Deevyaa Securities & Stock House Pvt. Ltd,Dipshikha Dhitopatra Karobar Co. Pvt Ltd.,500,530.0,265000.0,2025-07-30 13:45:07.435725
2025-07-30,54099,2025073003018218,RLFL,Premier Securities Company Ltd.,Capital Max Securities Ltd,12,528.0,6336.0,2025-07-30 13:45:07.955424
2025-07-30,54098,2025073003018219,RLFL,Naasa Securities Co. Ltd.,Capital Max Securities Ltd,10,528.0,5280.0,2025-07-30 13:45:07.955733
2025-07-30,54097,2025073003018220,RLFL,Shree Krishna Securities Ltd.,Capital Max Securities Ltd,978,528.0,516384.0,2025-07-30 13:45:07.955931
2025-07-30,54052,2025073003018229,RLFL,Shree Krishna Securities Ltd.,Vision Securities Pvt. Ltd,22,528.0,11616.0,2025-07-30 13:45:12.364186
2025-07-30,54051,2025073003018230,RLFL,Aryatara Investment & Securities,Vision Securities Pvt. Ltd,10,528.0,5280.0,2025-07-30 13:45:12.364286
2025-07-30,54050,2025073003018231,RLFL,Capital Max Securities Ltd,Vision Securities Pvt. Ltd,100,527.8,52780.0,2025-07-30 13:45:12.364360
2025-07-30,54049,2025073003018232,RLFL,Shree Krishna Securities Ltd.,Vision Securities Pvt. Ltd,68,527.5,35870.0,2025-07-30 13:45:12.364458
2025-07-30,51558,2025073003018730,RLFL,Imperial Securities Company Pvt. Ltd.,Online Securities Pvt. Ltd.,10,534.9,5349.0,2025-07-30 13:50:10.734265
2025-07-30,51395,2025073003018776,RLFL,Dakshinkali Investment & Securities Pvt. Ltd.,Online Securities Pvt. Ltd.,50,534.9,26745.0,2025-07-30 13:50:39.506112
2025-07-30,50867,2025073003018872,RLFL,Blue Chip Securities Ltd,Naasa Securities Co. Ltd.,300,533.0,159900.0,2025-07-30 13:52:00.496998
2025-07-30,48471,2025073003019380,RLFL,Elite Stock House Limited,Online Securities Pvt. Ltd.,100,532.0,53200.0,2025-07-30 13:57:26.576204
2025-07-30,46981,2025073003019689,RLFL,Nepal Stock House (PVT) Ltd.,Online Securities Pvt. Ltd.,200,531.0,106200.0,2025-07-30 14:00:53.100265
2025-07-30,46980,2025073003019690,RLFL,Sri Hari Securities Pvt. Ltd.,Online Securities Pvt. Ltd.,100,530.1,53010.0,2025-07-30 14:00:53.100593
2025-07-30,46979,2025073003019691,RLFL,Sani Securities Company Ltd.,Online Securities Pvt. Ltd.,120,530.0,63600.0,2025-07-30 14:00:53.100791
2025-07-30,46366,2025073003019824,RLFL,Sani Securities Company Ltd.,Miyo Securities Pvt Ltd,80,530.0,42400.0,2025-07-30 14:02:30.030437
2025-07-30,46365,2025073003019825,RLFL,Imperial Securities Company Pvt. Ltd.,Miyo Securities Pvt Ltd,85,530.0,45050.0,2025-07-30 14:02:30.030618
2025-07-30,46364,2025073003019826,RLFL,Premier Securities Company Ltd.,Miyo Securities Pvt Ltd,40,530.0,21200.0,2025-07-30 14:02:30.030694
2025-07-30,46363,2025073003019827,RLFL,Aryatara Investment & Securities,Miyo Securities Pvt Ltd,10,530.0,5300.0,2025-07-30 14:02:30.030759
2025-07-30,46362,2025073003019828,RLFL,Online Securities Pvt. Ltd.,Miyo Securities Pvt Ltd,85,530.0,45050.0,2025-07-30 14:02:30.030826
2025-07-30,45178,2025073003020094,RLFL,Online Securities Pvt. Ltd.,Kalika Securities Pvt. Ltd.,15,530.0,7950.0,2025-07-30 14:05:30.932311
2025-07-30,45177,2025073003020095,RLFL,Dipshikha Dhitopatra Karobar Co. Pvt Ltd.,Kalika Securities Pvt. Ltd.,25,530.0,13250.0,2025-07-30 14:05:30.932506
2025-07-30,42216,2025073003020693,RLFL,Dakshinkali Investment & Securities Pvt. Ltd.,Sri Hari Securities Pvt. Ltd.,50,532.5,26625.0,2025-07-30 14:12:26.265363
2025-07-30,40798,2025073003020954,RLFL,Dipshikha Dhitopatra Karobar Co. Pvt Ltd.,Sri Hari Securities Pvt. Ltd.,275,532.5,146437.5,2025-07-30 14:15:50.359896
2025-07-30,39276,2025073003021247,RLFL,Opal Securities Investment (PVT) Ltd.,Dynamic Money Managers Securities Pvt. Ltd.,100,531.0,53100.0,2025-07-30 14:19:36.667381
2025-07-30,38341,2025073003021397,RLFL,Dakshinkali Investment & Securities Pvt. Ltd.,Sri Hari Securities Pvt. Ltd.,50,532.5,26625.0,2025-07-30 14:21:33.272155
2025-07-30,38105,2025073003021453,RLFL,Kohinoor Investment & Securities Pvt. Ltd.,Premier Securities Company Ltd.,100,531.0,53100.0,2025-07-30 14:21:59.455552
2025-07-30,36123,2025073003021773,RLFL,Imperial Securities Company Pvt. Ltd.,Sundhara Securities Limited,20,531.0,10620.0,2025-07-30 14:25:13.877399
2025-07-30,36066,2025073003021782,RLFL,Blue Chip Securities Ltd,Secured Securities Ltd.,10,532.0,5320.0,2025-07-30 14:25:25.010167
2025-07-30,35670,2025073003021828,RLFL,Imperial Securities Company Pvt. Ltd.,Sri Hari Securities Pvt. Ltd.,16,531.0,8496.0,2025-07-30 14:26:14.196663
2025-07-30,35669,2025073003021829,RLFL,Secured Securities Ltd.,Sri Hari Securities Pvt. Ltd.,100,530.0,53000.0,2025-07-30 14:26:14.196856
2025-07-30,35668,2025073003021830,RLFL,Sani Securities Company Ltd.,Sri Hari Securities Pvt. Ltd.,15,530.0,7950.0,2025-07-30 14:26:14.196927
2025-07-30,35060,2025073003021965,RLFL,Sani Securities Company Ltd.,Bhrikuti Stock Broking Co. Pvt. Ltd.,185,530.0,98050.0,2025-07-30 14:27:36.728771
2025-07-30,34741,2025073003022026,RLFL,Dakshinkali Investment & Securities Pvt. Ltd.,Sharepro Securities Private Limited,50,531.9,26595.0,2025-07-30 14:28:12.559837
2025-07-30,32510,2025073003022572,RLFL,Aryatara Investment & Securities,Trishakti Securities Public Limited,400,531.0,212400.0,2025-07-30 14:32:38.918451
2025-07-30,32400,2025073003022599,RLFL,Aryatara Investment & Securities,Premier Securities Company Ltd.,300,531.0,159300.0,2025-07-30 14:32:50.881117
2025-07-30,32399,2025073003022600,RLFL,Creative Securities Pvt Ltd,Premier Securities Company Ltd.,200,531.0,106200.0,2025-07-30 14:32:50.881296
2025-07-30,30696,2025073003023026,RLFL,Imperial Securities Company Pvt. Ltd.,Premier Securities Company Ltd.,50,529.1,26455.0,2025-07-30 14:35:44.763584
2025-07-30,30695,2025073003023027,RLFL,Dynamic Money Managers Securities Pvt. Ltd.,Premier Securities Company Ltd.,10,529.0,5290.0,2025-07-30 14:35:44.763766
2025-07-30,30694,2025073003023028,RLFL,Property Wiard Limited,Premier Securities Company Ltd.,200,529.0,105800.0,2025-07-30 14:35:44.763845
2025-07-30,30693,2025073003023029,RLFL,Aakashbhairab Securities Ltd.,Premier Securities Company Ltd.,200,528.1,105620.0,2025-07-30 14:35:44.763912
2025-07-30,30692,2025073003023030,RLFL,Premier Securities Company Ltd.,Premier Securities Company Ltd.,40,528.0,21120.0,2025-07-30 14:35:44.763981
2025-07-30,30206,2025073003023139,RLFL,Premier Securities Company Ltd.,Himalayan Brokerage Company Limited,460,528.0,242880.0,2025-07-30 14:36:34.841342
2025-07-30,30205,2025073003023140,RLFL,Capital Max Securities Ltd,Himalayan Brokerage Company Limited,100,528.0,52800.0,2025-07-30 14:36:34.841384
2025-07-30,30204,2025073003023141,RLFL,Aryatara Investment & Securities,Himalayan Brokerage Company Limited,10,528.0,5280.0,2025-07-30 14:36:34.841412
2025-07-30,30203,2025073003023142,RLFL,Bhrikuti Stock Broking Co. Pvt. Ltd.,Himalayan Brokerage Company Limited,200,528.0,105600.0,2025-07-30 14:36:34.841443
2025-07-30,30202,2025073003023143,RLFL,Naasa Securities Co. Ltd.,Himalayan Brokerage Company Limited,30,528.0,15840.0,2025-07-30 14:36:34.841503
2025-07-30,30201,2025073003023144,RLFL,Vision Securities Pvt. Ltd,Himalayan Brokerage Company Limited,100,528.0,52800.0,2025-07-30 14:36:34.841574
2025-07-30,30200,2025073003023145,RLFL,Shree Krishna Securities Ltd.,Himalayan Brokerage Company Limited,32,527.5,16880.0,2025-07-30 14:36:34.841656
2025-07-30,30199,2025073003023146,RLFL,Cristal Kanchanjanga Securites Pvt. Ltd.,Himalayan Brokerage Company Limited,50,527.3,26365.0,2025-07-30 14:36:34.841731
2025-07-30,30198,2025073003023147,RLFL,Cristal Kanchanjanga Securites Pvt. Ltd.,Himalayan Brokerage Company Limited,18,527.3,9491.4,2025-07-30 14:36:34.841806
2025-07-30,26750,2025073003023820,RLFL,Cristal Kanchanjanga Securites Pvt. Ltd.,ABC Securities Private Limited,32,527.3,16873.6,2025-07-30 14:40:32.652802
2025-07-30,26749,2025073003023821,RLFL,Premier Securities Company Ltd.,ABC Securities Private Limited,18,527.0,9486.0,2025-07-30 14:40:32.653012
2025-07-30,26410,2025073003023923,RLFL,Premier Securities Company Ltd.,Vision Securities Pvt. Ltd,32,527.0,16864.0,2025-07-30 14:40:48.649068
2025-07-30,26409,2025073003023924,RLFL,Primo Securities (PVT) Ltd.,Vision Securities Pvt. Ltd,20,527.0,10540.0,2025-07-30 14:40:48.649282
2025-07-30,26408,2025073003023925,RLFL,Sri Hari Securities Pvt. Ltd.,Vision Securities Pvt. Ltd,100,527.0,52700.0,2025-07-30 14:40:48.649359
2025-07-30,25585,2025073003024110,RLFL,Blue Chip Securities Ltd,Vision Securities Pvt. Ltd,10,527.0,5270.0,2025-07-30 14:41:30.964245
2025-07-30,24460,2025073003024309,RLFL,Cristal Kanchanjanga Securites Pvt. Ltd.,Asian Securities Private Ltd.,100,527.0,52700.0,2025-07-30 14:42:38.448664
2025-07-30,23457,2025073003024503,RLFL,Aryatara Investment & Securities,Dakshinkali Investment & Securities Pvt. Ltd.,50,525.1,26255.0,2025-07-30 14:43:37.381694
2025-07-30,23456,2025073003024504,RLFL,Imperial Securities Company Pvt. Ltd.,Dakshinkali Investment & Securities Pvt. Ltd.,100,525.1,52510.0,2025-07-30 14:43:37.381738
2025-07-30,23455,2025073003024505,RLFL,Shree Krishna Securities Ltd.,Dakshinkali Investment & Securities Pvt. Ltd.,200,525.0,105000.0,2025-07-30 14:43:37.381771
2025-07-30,23454,2025073003024506,RLFL,Dipshikha Dhitopatra Karobar Co. Pvt Ltd.,Dakshinkali Investment & Securities Pvt. Ltd.,300,525.0,157500.0,2025-07-30 14:43:37.381798
2025-07-30,23453,2025073003024507,RLFL,Kalika Securities Pvt. Ltd.,Dakshinkali Investment & Securities Pvt. Ltd.,200,525.0,105000.0,2025-07-30 14:43:37.381834
2025-07-30,23452,2025073003024508,RLFL,SUN SECURITIES PVT LTD,Dakshinkali Investment & Securities Pvt. Ltd.,50,525.0,26250.0,2025-07-30 14:43:37.381886
2025-07-30,22980,2025073003024628,RLFL,Cristal Kanchanjanga Securites Pvt. Ltd.,Sani Securities Company Ltd.,10,530.5,5305.0,2025-07-30 14:44:06.714902
2025-07-30,20315,2025073003025205,RLFL,Vision Securities Pvt. Ltd,Property Wiard Limited,50,525.1,26255.0,2025-07-30 14:46:52.585306
2025-07-30,20314,2025073003025206,RLFL,SUN SECURITIES PVT LTD,Property Wiard Limited,50,525.0,26250.0,2025-07-30 14:46:52.585352
2025-07-30,20313,2025073003025207,RLFL,Aryatara Investment & Securities,Property Wiard Limited,10,525.0,5250.0,2025-07-30 14:46:52.585381
2025-07-30,20312,2025073003025208,RLFL,Neev Securities Pvt. Ltd.,Property Wiard Limited,500,525.0,262500.0,2025-07-30 14:46:52.585416
2025-07-30,20311,2025073003025209,RLFL,Market Securities & Exchange (PVT) Ltd.,Property Wiard Limited,100,525.0,52500.0,2025-07-30 14:46:52.585464
2025-07-30,20310,2025073003025210,RLFL,Primo Securities (PVT) Ltd.,Property Wiard Limited,290,525.0,152250.0,2025-07-30 14:46:52.585487
2025-07-30,19939,2025073003025297,RLFL,Primo Securities (PVT) Ltd.,Property Wiard Limited,210,525.0,110250.0,2025-07-30 14:47:16.935484
2025-07-30,19938,2025073003025298,RLFL,Aryatara Investment & Securities,Property Wiard Limited,60,525.0,31500.0,2025-07-30 14:47:16.935654
2025-07-30,19937,2025073003025299,RLFL,Online Securities Pvt. Ltd.,Property Wiard Limited,500,525.0,262500.0,2025-07-30 14:47:16.935732
2025-07-30,19936,2025073003025300,RLFL,Aryatara Investment & Securities,Property Wiard Limited,100,525.0,52500.0,2025-07-30 14:47:16.935803
2025-07-30,19935,2025073003025301,RLFL,Dakshinkali Investment & Securities Pvt. Ltd.,Property Wiard Limited,100,525.0,52500.0,2025-07-30 14:47:16.935874
2025-07-30,19934,2025073003025302,RLFL,Linch Stock Market Ltd.,Property Wiard Limited,100,525.0,52500.0,2025-07-30 14:47:16.935943
2025-07-30,19933,2025073003025303,RLFL,South Asian Bulls Pvt. Ltd.,Property Wiard Limited,50,525.0,26250.0,2025-07-30 14:47:16.936018
2025-07-30,19301,2025073003025397,RLFL,Dipshikha Dhitopatra Karobar Co. Pvt Ltd.,Property Wiard Limited,50,524.0,26200.0,2025-07-30 14:48:00.066284
2025-07-30,19300,2025073003025398,RLFL,Kohinoor Investment & Securities Pvt. Ltd.,Property Wiard Limited,300,523.0,156900.0,2025-07-30 14:48:00.066317
2025-07-30,19299,2025073003025399,RLFL,Trishakti Securities Public Limited,Property Wiard Limited,50,522.4,26120.0,2025-07-30 14:48:00.066346
2025-07-30,19298,2025073003025400,RLFL,Primo Securities (PVT) Ltd.,Property Wiard Limited,40,522.4,20896.0,2025-07-30 14:48:00.066389
2025-07-30,19297,2025073003025401,RLFL,Dakshinkali Investment & Securities Pvt. Ltd.,Property Wiard Limited,263,522.1,137312.3,2025-07-30 14:48:00.066416
2025-07-30,17839,2025073003025757,RLFL,Cristal Kanchanjanga Securites Pvt. Ltd.,ABC Securities Private Limited,50,529.0,26450.0,2025-07-30 14:49:35.336068
2025-07-30,17474,2025073003025830,RLFL,Trishakti Securities Public Limited,Infinity Securities Limited,10,523.0,5230.0,2025-07-30 14:49:54.389035
2025-07-30,17473,2025073003025831,RLFL,Trishakti Securities Public Limited,Infinity Securities Limited,50,523.0,26150.0,2025-07-30 14:49:54.389200
2025-07-30,17472,2025073003025832,RLFL,Property Wiard Limited,Infinity Securities Limited,50,522.2,26110.0,2025-07-30 14:49:54.389266
2025-07-30,17242,2025073003025891,RLFL,Cristal Kanchanjanga Securites Pvt. Ltd.,ABC Securities Private Limited,20,525.0,10500.0,2025-07-30 14:50:07.585542
2025-07-30,17241,2025073003025892,RLFL,Cristal Kanchanjanga Securites Pvt. Ltd.,Vision Securities Pvt. Ltd,50,529.0,26450.0,2025-07-30 14:50:07.585849
2025-07-30,15730,2025073003026246,RLFL,Cristal Kanchanjanga Securites Pvt. Ltd.,Sharepro Securities Private Limited,10,529.9,5299.0,2025-07-30 14:51:22.962942
2025-07-30,15088,2025073003026384,RLFL,Imperial Securities Company Pvt. Ltd.,Himalayan Brokerage Company Limited,50,529.0,26450.0,2025-07-30 14:51:53.562992
2025-07-30,14247,2025073003026612,RLFL,Cristal Kanchanjanga Securites Pvt. Ltd.,Himalayan Brokerage Company Limited,150,529.0,79350.0,2025-07-30 14:52:25.206936
2025-07-30,14246,2025073003026613,RLFL,Cristal Kanchanjanga Securites Pvt. Ltd.,Trishakti Securities Public Limited,50,529.0,26450.0,2025-07-30 14:52:25.207387
2025-07-30,14100,2025073003026654,RLFL,Dakshinkali Investment & Securities Pvt. Ltd.,Aryatara Investment & Securities,25,525.0,13125.0,2025-07-30 14:52:31.977139
2025-07-30,10217,2025073003027475,RLFL,Dakshinkali Investment & Securities Pvt. Ltd.,Online Securities Pvt. Ltd.,40,528.0,21120.0,2025-07-30 14:54:58.683923
2025-07-30,6576,2025073003028344,RLFL,Premier Securities Company Ltd.,Indira securities pvt. ltd,150,524.0,78600.0,2025-07-30 14:57:19.169636
2025-07-30,6575,2025073003028345,RLFL,Premier Securities Company Ltd.,Indira securities pvt. ltd,100,524.0,52400.0,2025-07-30 14:57:19.169807
2025-07-30,5310,2025073003028628,RLFL,Premier Securities Company Ltd.,Deevyaa Securities & Stock House Pvt. Ltd,200,524.0,104800.0,2025-07-30 14:57:56.604646
2025-07-30,5309,2025073003028629,RLFL,Sani Securities Company Ltd.,Deevyaa Securities & Stock House Pvt. Ltd,50,524.0,26200.0,2025-07-30 14:57:56.604812
2025-07-30,5308,2025073003028630,RLFL,Property Wiard Limited,Deevyaa Securities & Stock House Pvt. Ltd,50,523.0,26150.0,2025-07-30 14:57:56.604884
2025-07-30,4812,2025073003028755,RLFL,Naasa Securities Co. Ltd.,Aryatara Investment & Securities,45,523.0,23535.0,2025-07-30 14:58:10.352082
2025-07-30,4717,2025073003028772,RLFL,Naasa Securities Co. Ltd.,Opal Securities Investment (PVT) Ltd.,205,523.0,107215.0,2025-07-30 14:58:14.190580
2025-07-30,4716,2025073003028773,RLFL,Naasa Securities Co. Ltd.,Opal Securities Investment (PVT) Ltd.,20,523.0,10460.0,2025-07-30 14:58:14.190682
2025-07-30,4715,2025073003028774,RLFL,Imperial Securities Company Pvt. Ltd.,Opal Securities Investment (PVT) Ltd.,75,523.0,39225.0,2025-07-30 14:58:14.190778
2025-07-30,3708,2025073003029002,RLFL,Blue Chip Securities Ltd,Imperial Securities Company Pvt. Ltd.,10,524.0,5240.0,2025-07-30 14:58:40.994039
2025-07-30,2941,2025073003029210,RLFL,Imperial Securities Company Pvt. Ltd.,Trishakti Securities Public Limited,25,523.0,13075.0,2025-07-30 14:58:59.575533
2025-07-30,2940,2025073003029211,RLFL,Neev Securities Pvt. Ltd.,Trishakti Securities Public Limited,25,523.0,13075.0,2025-07-30 14:58:59.575863
2025-07-30,2595,2025073003029311,RLFL,Neev Securities Pvt. Ltd.,J.F. Securites (PVT) Ltd.,20,523.0,10460.0,2025-07-30 14:59:09.230586
2025-07-30,2358,2025073003029391,RLFL,Nagarik Stock Dealer ,Imperial Securities Company Pvt. Ltd.,90,524.0,47160.0,2025-07-30 14:59:14.964071
2025-07-30,2357,2025073003029392,RLFL,Nagarik Stock Dealer ,Nepal Stock House (PVT) Ltd.,20,524.0,10480.0,2025-07-30 14:59:14.964240
2025-07-30,2356,2025073003029393,RLFL,Nagarik Stock Dealer ,Infinity Securities Limited,100,524.0,52400.0,2025-07-30 14:59:14.964316
2025-07-30,1652,2025073003029525,RLFL,Nagarik Stock Dealer ,Dakshinkali Investment & Securities Pvt. Ltd.,288,524.0,150912.0,2025-07-30 14:59:29.557286
2025-07-30,1581,2025073003029548,RLFL,Blue Chip Securities Ltd,Dakshinkali Investment & Securities Pvt. Ltd.,10,527.0,5270.0,2025-07-30 14:59:30.821879
2025-07-30,672,2025073003029773,RLFL,Cristal Kanchanjanga Securites Pvt. Ltd.,Dakshinkali Investment & Securities Pvt. Ltd.,250,527.0,131750.0,2025-07-30 14:59:48.152237
